<?xml version="1.0" encoding="UTF-8"?>
<!DOCTYPE html PUBLIC "-//W3C//DTD XHTML 1.0 Transitional//EN"
    "http://www.w3.org/TR/xhtml1/DTD/xhtml1-transitional.dtd">
<html xmlns="http://www.w3.org/1999/xhtml" xml:lang="en" lang="en">
 <head>
  <title>
</title>
<meta http-equiv="Content-Type" content="text/html;charset=utf-8" />
  <meta name='ocr-system' content='tesseract 3.04.00' />
  <meta name='ocr-capabilities' content='ocr_page ocr_carea ocr_par ocr_line ocrx_word'/>
</head>
<body>
  <div class='ocr_page' id='page_1' title='image "./codexliturgicus05danigoog_0304.png"; bbox 0 0 3044 4912; ppageno 0'>
   <div class='ocr_carea' id='block_1_1' title="bbox 10 100 1356 3743">
    <p class='ocr_par' dir='ltr' id='par_1_1' title="bbox 10 100 1356 2930">
     <span class='ocr_line' id='line_1_1' title="bbox 87 100 1341 203; baseline 0.009 -33"><span class='ocrx_word' id='word_1_1' title='bbox 87 114 169 170; x_wconf 84' lang='lat' dir='ltr'><strong>crates</strong></span> <span class='ocrx_word' id='word_1_2' title='bbox 190 115 222 171; x_wconf 87' lang='lat' dir='ltr'><strong>et</strong></span> <span class='ocrx_word' id='word_1_3' title='bbox 240 107 446 171; x_wconf 61' lang='lat' dir='ltr'><strong>”echbertus</strong></span> <span class='ocrx_word' id='word_1_4' title='bbox 467 107 699 173; x_wconf 75' lang='lat' dir='ltr'><strong>distribueretur</strong></span> <span class='ocrx_word' id='word_1_5' title='bbox 720 119 751 172; x_wconf 89' lang='lat' dir='ltr'><strong>et</strong></span> <span class='ocrx_word' id='word_1_6' title='bbox 771 117 941 174; x_wconf 86' lang='lat' dir='ltr'><strong>sumeretur</strong></span> <span class='ocrx_word' id='word_1_7' title='bbox 954 100 1163 177; x_wconf 70' lang='grc' dir='ltr'><strong><em>ἀκολουθίαν</em></strong></span> <span class='ocrx_word' id='word_1_8' title='bbox 1173 116 1241 179; x_wconf 75' lang='lat' dir='ltr'><strong>sois</strong></span> <span class='ocrx_word' id='word_1_9' title='bbox 1252 137 1341 203; x_wconf 72' lang='grc' dir='ltr'><strong><em>προ·</em></strong></span> 
     </span>
     <span class='ocr_line' id='line_1_2' title="bbox 85 200 1340 301; baseline 0.009 -28"><span class='ocrx_word' id='word_1_10' title='bbox 85 201 275 293; x_wconf 61' lang='lat' dir='ltr'><strong>pneumon</strong></span> <span class='ocrx_word' id='word_1_11' title='bbox 299 208 360 295; x_wconf 79' lang='grc' dir='ltr'><strong>τῆς</strong></span> <span class='ocrx_word' id='word_1_12' title='bbox 384 200 484 295; x_wconf 73' lang='grc' dir='ltr'><strong><em>ἁγίας</em></strong></span> <span class='ocrx_word' id='word_1_13' title='bbox 512 212 780 297; x_wconf 66' lang='grc' dir='ltr'><strong><em>τεσσαρακοστῆς</em></strong></span> <span class='ocrx_word' id='word_1_14' title='bbox 805 210 994 285; x_wconf 85' lang='lat' dir='ltr'><strong>denominari</strong></span> <span class='ocrx_word' id='word_1_15' title='bbox 1029 225 1201 279; x_wconf 81' lang='lat' dir='ltr'><strong>sanxerunt.</strong></span> <span class='ocrx_word' id='word_1_16' title='bbox 1243 219 1340 301; x_wconf 79' lang='lat' dir='ltr'><strong>Atque</strong></span> 
     </span>
     <span class='ocr_line' id='line_1_3' title="bbox 10 307 1339 401; baseline 0.012 -32"><span class='ocrx_word' id='word_1_17' title='bbox 10 380 27 401; x_wconf 33' lang='grc' dir='ltr'><strong>Ι,</strong></span> <span class='ocrx_word' id='word_1_18' title='bbox 82 307 196 373; x_wconf 84' lang='grc' dir='ltr'><strong>11εεσα</strong></span> <span class='ocrx_word' id='word_1_19' title='bbox 224 328 302 372; x_wconf 85' lang='lat' dir='ltr'><strong>nora</strong></span> <span class='ocrx_word' id='word_1_20' title='bbox 330 309 461 391; x_wconf 88' lang='lat' dir='ltr'><strong>primum</strong></span> <span class='ocrx_word' id='word_1_21' title='bbox 489 311 555 374; x_wconf 88' lang='lat' dir='ltr'><strong>eius</strong></span> <span class='ocrx_word' id='word_1_22' title='bbox 582 311 734 375; x_wconf 86' lang='lat' dir='ltr'><strong>institutio</strong></span> <span class='ocrx_word' id='word_1_23' title='bbox 764 312 796 375; x_wconf 92' lang='lat' dir='ltr'><strong>in</strong></span> <span class='ocrx_word' id='word_1_24' title='bbox 817 312 929 392; x_wconf 75' lang='lat' dir='ltr'><strong>synodi</strong></span> <span class='ocrx_word' id='word_1_25' title='bbox 952 312 1112 378; x_wconf 85' lang='lat' dir='ltr'><strong>&#39;l&#39;rellanae</strong></span> <span class='ocrx_word' id='word_1_26' title='bbox 1133 335 1199 380; x_wconf 86' lang='lat' dir='ltr'><strong>can.</strong></span> <span class='ocrx_word' id='word_1_27' title='bbox 1221 322 1263 384; x_wconf 80' lang='lat'><strong>52</strong></span> <span class='ocrx_word' id='word_1_28' title='bbox 1283 322 1339 384; x_wconf 88' lang='lat' dir='ltr'><strong>sed</strong></span> 
     </span>
     <span class='ocr_line' id='line_1_4' title="bbox 10 409 1341 497; baseline 0.013 -28"><span class='ocrx_word' id='word_1_29' title='bbox 10 462 17 469; x_wconf 86' lang='lat'><strong>.</strong></span> <span class='ocrx_word' id='word_1_30' title='bbox 79 409 194 475; x_wconf 91' lang='lat' dir='ltr'><strong>instituti</strong></span> <span class='ocrx_word' id='word_1_31' title='bbox 216 412 276 475; x_wconf 90' lang='lat' dir='ltr'><strong>iam</strong></span> <span class='ocrx_word' id='word_1_32' title='bbox 297 412 374 475; x_wconf 91' lang='lat' dir='ltr'><strong>ritus</strong></span> <span class='ocrx_word' id='word_1_33' title='bbox 396 430 538 494; x_wconf 88' lang='lat' dir='ltr'><strong>premens</strong></span> <span class='ocrx_word' id='word_1_34' title='bbox 559 414 655 493; x_wconf 76' lang='lat' dir='ltr'><strong>magis</strong></span> <span class='ocrx_word' id='word_1_35' title='bbox 677 424 708 477; x_wconf 89' lang='lat' dir='ltr'><strong>et</strong></span> <span class='ocrx_word' id='word_1_36' title='bbox 721 412 825 476; x_wconf 87' lang='lat' dir='ltr'><strong>sedula</strong></span> <span class='ocrx_word' id='word_1_37' title='bbox 840 415 1060 478; x_wconf 78' lang='lat' dir='ltr'><strong>commendatio</strong></span> <span class='ocrx_word' id='word_1_38' title='bbox 1075 416 1198 497; x_wconf 78' lang='lat' dir='ltr'><strong>legitur:</strong></span> <span class='ocrx_word' id='word_1_39' title='bbox 1222 414 1257 484; x_wconf 72' lang='lat' dir='ltr'><strong>tv</strong></span> <span class='ocrx_word' id='word_1_40' title='bbox 1271 413 1341 485; x_wconf 82' lang='grc' dir='ltr'><strong>πώ-</strong></span> 
     </span>
     <span class='ocr_line' id='line_1_5' title="bbox 75 505 1341 605; baseline 0.008 -29"><span class='ocrx_word' id='word_1_41' title='bbox 75 531 141 589; x_wconf 90' lang='grc' dir='ltr'><strong><em>σσις</em></strong></span> <span class='ocrx_word' id='word_1_42' title='bbox 160 513 238 588; x_wconf 83' lang='grc' dir='ltr'><strong><em>ταῖς</em></strong></span> <span class='ocrx_word' id='word_1_43' title='bbox 256 514 317 598; x_wconf 80' lang='grc' dir='ltr'><strong>τῆς</strong></span> <span class='ocrx_word' id='word_1_44' title='bbox 339 505 435 597; x_wconf 73' lang='grc' dir='ltr'><strong><em>ἁγίας</em></strong></span> <span class='ocrx_word' id='word_1_45' title='bbox 455 517 720 600; x_wconf 75' lang='grc' dir='ltr'><strong><em>τεσσαρακοστῆς</em></strong></span> <span class='ocrx_word' id='word_1_46' title='bbox 739 516 805 578; x_wconf 80' lang='grc' dir='ltr'><strong>τῶν</strong></span> <span class='ocrx_word' id='word_1_47' title='bbox 825 517 982 601; x_wconf 73' lang='grc' dir='ltr'><strong>νηστειῶν</strong></span> <span class='ocrx_word' id='word_1_48' title='bbox 1002 508 1153 601; x_wconf 77' lang='grc' dir='ltr'><strong><em>ἡμέραις,</em></strong></span> <span class='ocrx_word' id='word_1_49' title='bbox 1180 517 1341 605; x_wconf 81' lang='grc' dir='ltr'><strong><em>παρεκτίς</em></strong></span> 
     </span>
     <span class='ocr_line' id='line_1_6' title="bbox 72 607 1340 707; baseline 0.009 -29"><span class='ocrx_word' id='word_1_50' title='bbox 72 607 237 697; x_wconf 77' lang='grc' dir='ltr'><strong><em>σαββάτου</em></strong></span> <span class='ocrx_word' id='word_1_51' title='bbox 268 609 326 678; x_wconf 83' lang='grc' dir='ltr'><strong>καί</strong></span> <span class='ocrx_word' id='word_1_52' title='bbox 345 617 503 699; x_wconf 83' lang='grc' dir='ltr'><strong><em>κυριακοῦ</em></strong></span> <span class='ocrx_word' id='word_1_53' title='bbox 523 612 661 700; x_wconf 81' lang='grc' dir='ltr'><strong><em>καὶτῆς</em></strong></span> <span class='ocrx_word' id='word_1_54' title='bbox 682 608 859 701; x_wconf 79' lang='grc' dir='ltr'><strong><em>ἆγίαςτοῦ</em></strong></span> <span class='ocrx_word' id='word_1_55' title='bbox 881 609 977 700; x_wconf 77' lang='grc' dir='ltr'><strong><em>ἁγίου</em></strong></span> <span class='ocrx_word' id='word_1_56' title='bbox 999 609 1237 703; x_wconf 75' lang='grc' dir='ltr'><strong><em>εὐαγγελισμσῠ</em></strong></span> <span class='ocrx_word' id='word_1_57' title='bbox 1257 617 1340 707; x_wconf 79' lang='grc' dir='ltr'><strong><em>ἡμί-</em></strong></span> 
     </span>
     <span class='ocr_line' id='line_1_7' title="bbox 69 709 1338 805; baseline 0.006 -24"><span class='ocrx_word' id='word_1_58' title='bbox 69 737 134 797; x_wconf 87' lang='grc' dir='ltr'><strong><em>ρας,</em></strong></span> <span class='ocrx_word' id='word_1_59' title='bbox 161 710 314 801; x_wconf 69' lang='grc' dir='ltr'><strong><em>γειέσθω</em></strong></span> <span class='ocrx_word' id='word_1_60' title='bbox 342 709 362 800; x_wconf 80' lang='grc' dir='ltr'><strong><em>ἡ</em></strong></span> <span class='ocrx_word' id='word_1_61' title='bbox 390 717 456 779; x_wconf 79' lang='grc' dir='ltr'><strong>τῶν</strong></span> <span class='ocrx_word' id='word_1_62' title='bbox 483 713 759 805; x_wconf 73' lang='grc' dir='ltr'><strong><em>προηγιασμίιων</em></strong></span> <span class='ocrx_word' id='word_1_63' title='bbox 786 712 1012 801; x_wconf 79' lang='grc' dir='ltr'><strong><em>λειτουργία.“)</em></strong></span> <span class='ocrx_word' id='word_1_64' title='bbox 1057 721 1094 783; x_wconf 90' lang='lat' dir='ltr'><strong>Ut</strong></span> <span class='ocrx_word' id='word_1_65' title='bbox 1115 740 1194 785; x_wconf 88' lang='lat' dir='ltr'><strong>nunc</strong></span> <span class='ocrx_word' id='word_1_66' title='bbox 1215 734 1263 786; x_wconf 85' lang='lat' dir='ltr'><strong>est</strong></span> <span class='ocrx_word' id='word_1_67' title='bbox 1283 726 1338 790; x_wconf 89' lang='lat' dir='ltr'><strong>Sa·</strong></span> 
     </span>
     <span class='ocr_line' id='line_1_8' title="bbox 68 818 1337 904; baseline 0.006 -22"><span class='ocrx_word' id='word_1_68' title='bbox 68 820 173 883; x_wconf 83' lang='lat' dir='ltr'><strong>cordes</strong></span> <span class='ocrx_word' id='word_1_69' title='bbox 194 819 226 881; x_wconf 94' lang='lat' dir='ltr'><strong>in</strong></span> <span class='ocrx_word' id='word_1_70' title='bbox 240 818 407 882; x_wconf 79' lang='lat' dir='ltr'>Dominicis</span> <span class='ocrx_word' id='word_1_71' title='bbox 426 818 679 898; x_wconf 79' lang='lat' dir='ltr'><strong>Quadragesimae</strong></span> <span class='ocrx_word' id='word_1_72' title='bbox 701 819 856 883; x_wconf 85' lang='lat' dir='ltr'><strong>celebrans</strong></span> <span class='ocrx_word' id='word_1_73' title='bbox 877 830 1019 883; x_wconf 87' lang='lat' dir='ltr'><strong>venturae</strong></span> <span class='ocrx_word' id='word_1_74' title='bbox 1040 821 1239 887; x_wconf 80' lang='lat' dir='ltr'>hebdomadis</span> <span class='ocrx_word' id='word_1_75' title='bbox 1261 826 1337 904; x_wconf 87' lang='lat' dir='ltr'><strong>dies,</strong></span> 
     </span>
     <span class='ocr_line' id='line_1_9' title="bbox 67 919 1336 1009; baseline 0.006 -25"><span class='ocrx_word' id='word_1_76' title='bbox 67 921 174 1002; x_wconf 79' lang='lat' dir='ltr'><strong>ouibus</strong></span> <span class='ocrx_word' id='word_1_77' title='bbox 203 919 407 982; x_wconf 80' lang='lat' dir='ltr'><strong>celebraturus</strong></span> <span class='ocrx_word' id='word_1_78' title='bbox 429 931 485 995; x_wconf 88' lang='lat' dir='ltr'><strong>est,</strong></span> <span class='ocrx_word' id='word_1_79' title='bbox 513 921 616 1001; x_wconf 79' lang='lat' dir='ltr'><strong>digitis</strong></span> <span class='ocrx_word' id='word_1_80' title='bbox 638 923 701 985; x_wconf 88' lang='lat' dir='ltr'><strong>suis</strong></span> <span class='ocrx_word' id='word_1_81' title='bbox 724 932 876 996; x_wconf 79' lang='lat' dir='ltr'><strong>numerat3</strong></span> <span class='ocrx_word' id='word_1_82' title='bbox 904 921 976 984; x_wconf 87' lang='lat' dir='ltr'><strong>inde</strong></span> <span class='ocrx_word' id='word_1_83' title='bbox 998 930 1043 985; x_wconf 91' lang='lat' dir='ltr'><strong>tet</strong></span> <span class='ocrx_word' id='word_1_84' title='bbox 1063 925 1226 1004; x_wconf 89' lang='lat' dir='ltr'><strong>particulas</strong></span> <span class='ocrx_word' id='word_1_85' title='bbox 1247 928 1336 1009; x_wconf 88' lang='lat' dir='ltr'><strong>panis</strong></span> 
     </span>
     <span class='ocr_line' id='line_1_10' title="bbox 64 1021 1337 1106; baseline 0.006 -20"><span class='ocrx_word' id='word_1_86' title='bbox 64 1023 92 1086; x_wconf 92' lang='lat' dir='ltr'><strong>ie</strong></span> <span class='ocrx_word' id='word_1_87' title='bbox 114 1021 271 1085; x_wconf 87' lang='lat' dir='ltr'><strong>oblatione</strong></span> <span class='ocrx_word' id='word_1_88' title='bbox 291 1021 431 1096; x_wconf 80' lang='lat' dir='ltr'>abscidit,</span> <span class='ocrx_word' id='word_1_89' title='bbox 453 1032 527 1102; x_wconf 90' lang='lat' dir='ltr'><strong>quet</strong></span> <span class='ocrx_word' id='word_1_90' title='bbox 540 1024 648 1087; x_wconf 88' lang='lat' dir='ltr'><strong>blissas</strong></span> <span class='ocrx_word' id='word_1_91' title='bbox 669 1024 804 1087; x_wconf 78' lang='lat' dir='ltr'><strong>dicturus</strong></span> <span class='ocrx_word' id='word_1_92' title='bbox 826 1034 883 1096; x_wconf 90' lang='lat' dir='ltr'><strong>est,</strong></span> <span class='ocrx_word' id='word_1_93' title='bbox 904 1042 956 1088; x_wconf 88' lang='lat' dir='ltr'><strong>eas</strong></span> <span class='ocrx_word' id='word_1_94' title='bbox 979 1041 1047 1088; x_wconf 91' lang='lat' dir='ltr'><strong>cum</strong></span> <span class='ocrx_word' id='word_1_95' title='bbox 1069 1027 1216 1106; x_wconf 90' lang='lat' dir='ltr'><strong>particula</strong></span> <span class='ocrx_word' id='word_1_96' title='bbox 1237 1029 1337 1095; x_wconf 85' lang='lat' dir='ltr'><strong>sodis</strong></span> 
     </span>
     <span class='ocr_line' id='line_1_11' title="bbox 63 1121 1336 1206; baseline 0.008 -20"><span class='ocrx_word' id='word_1_97' title='bbox 63 1121 248 1187; x_wconf 84' lang='lat' dir='ltr'><strong>absumenda</strong></span> <span class='ocrx_word' id='word_1_98' title='bbox 277 1131 437 1186; x_wconf 78' lang='lat' dir='ltr'><strong>deusserat</strong></span> <span class='ocrx_word' id='word_1_99' title='bbox 462 1131 493 1186; x_wconf 91' lang='lat' dir='ltr'><strong>et</strong></span> <span class='ocrx_word' id='word_1_100' title='bbox 520 1136 729 1199; x_wconf 87' lang='lat' dir='ltr'><strong>consecratas,</strong></span> <span class='ocrx_word' id='word_1_101' title='bbox 752 1125 969 1206; x_wconf 56' lang='lat' dir='ltr'><strong>,sanguineque</strong></span> <span class='ocrx_word' id='word_1_102' title='bbox 997 1127 1156 1192; x_wconf 85' lang='lat' dir='ltr'><strong>Dominice</strong></span> <span class='ocrx_word' id='word_1_103' title='bbox 1183 1129 1336 1206; x_wconf 82' lang='lat' dir='ltr'><strong>intinctas,</strong></span> 
     </span>
     <span class='ocr_line' id='line_1_12' title="bbox 63 1213 1338 1308; baseline 0.008 -21"><span class='ocrx_word' id='word_1_104' title='bbox 63 1225 105 1287; x_wconf 92' lang='lat' dir='ltr'><strong>uti</strong></span> <span class='ocrx_word' id='word_1_105' title='bbox 138 1225 235 1287; x_wconf 92' lang='lat' dir='ltr'><strong>moris</strong></span> <span class='ocrx_word' id='word_1_106' title='bbox 268 1231 325 1300; x_wconf 88' lang='lat' dir='ltr'><strong>est,</strong></span> <span class='ocrx_word' id='word_1_107' title='bbox 356 1233 515 1288; x_wconf 81' lang='lat' dir='ltr'><strong>conservat</strong></span> <span class='ocrx_word' id='word_1_108' title='bbox 542 1225 573 1288; x_wconf 94' lang='lat' dir='ltr'><strong>in</strong></span> <span class='ocrx_word' id='word_1_109' title='bbox 604 1224 721 1306; x_wconf 77' lang='lat' dir='ltr'><strong>pyxide.</strong></span> <span class='ocrx_word' id='word_1_110' title='bbox 763 1226 807 1289; x_wconf 86' lang='lat' dir='ltr'><strong>Ex</strong></span> <span class='ocrx_word' id='word_1_111' title='bbox 834 1227 893 1290; x_wconf 89' lang='lat' dir='ltr'><strong>bae</strong></span> <span class='ocrx_word' id='word_1_112' title='bbox 918 1229 1110 1308; x_wconf 90' lang='lat' dir='ltr'><strong>postmodum</strong></span> <span class='ocrx_word' id='word_1_113' title='bbox 1132 1213 1338 1297; x_wconf 82' lang='lat' dir='ltr'><strong>celebratums</strong></span> 
     </span>
     <span class='ocr_line' id='line_1_13' title="bbox 61 1327 1338 1409; baseline 0.005 -19"><span class='ocrx_word' id='word_1_114' title='bbox 61 1335 201 1408; x_wconf 88' lang='lat' dir='ltr'><strong>tempere</strong></span> <span class='ocrx_word' id='word_1_115' title='bbox 221 1333 392 1407; x_wconf 89' lang='lat' dir='ltr'><strong>opportune</strong></span> <span class='ocrx_word' id='word_1_116' title='bbox 416 1327 575 1402; x_wconf 86' lang='lat' dir='ltr'><strong>cochleari,</strong></span> <span class='ocrx_word' id='word_1_117' title='bbox 598 1327 666 1390; x_wconf 92' lang='lat' dir='ltr'><strong>aliis</strong></span> <span class='ocrx_word' id='word_1_118' title='bbox 688 1327 730 1389; x_wconf 93' lang='lat' dir='ltr'><strong>ibi</strong></span> <span class='ocrx_word' id='word_1_119' title='bbox 752 1329 789 1391; x_wconf 93' lang='lat' dir='ltr'><strong>ad</strong></span> <span class='ocrx_word' id='word_1_120' title='bbox 810 1328 901 1392; x_wconf 90' lang='lat' dir='ltr'><strong>alium</strong></span> <span class='ocrx_word' id='word_1_121' title='bbox 923 1349 1011 1393; x_wconf 90' lang='lat' dir='ltr'><strong>usum</strong></span> <span class='ocrx_word' id='word_1_122' title='bbox 1034 1331 1159 1409; x_wconf 86' lang='lat' dir='ltr'><strong>relictis,</strong></span> <span class='ocrx_word' id='word_1_123' title='bbox 1185 1333 1287 1397; x_wconf 87' lang='lat' dir='ltr'><strong>buerit</strong></span> <span class='ocrx_word' id='word_1_124' title='bbox 1307 1343 1338 1399; x_wconf 92' lang='lat' dir='ltr'><strong>et</strong></span> 
     </span>
     <span class='ocr_line' id='line_1_14' title="bbox 61 1427 1337 1510; baseline 0.007 -20"><span class='ocrx_word' id='word_1_125' title='bbox 61 1428 92 1490; x_wconf 91' lang='lat' dir='ltr'><strong>in</strong></span> <span class='ocrx_word' id='word_1_126' title='bbox 114 1428 203 1490; x_wconf 91' lang='lat' dir='ltr'><strong>disco</strong></span> <span class='ocrx_word' id='word_1_127' title='bbox 225 1427 346 1507; x_wconf 84' lang='lat' dir='ltr'><strong>reponit</strong></span> <span class='ocrx_word' id='word_1_128' title='bbox 367 1436 397 1489; x_wconf 91' lang='lat' dir='ltr'><strong>et</strong></span> <span class='ocrx_word' id='word_1_129' title='bbox 418 1427 450 1489; x_wconf 93' lang='lat' dir='ltr'><strong>in</strong></span> <span class='ocrx_word' id='word_1_130' title='bbox 473 1427 564 1491; x_wconf 90' lang='lat' dir='ltr'><strong>altare</strong></span> <span class='ocrx_word' id='word_1_131' title='bbox 585 1428 684 1491; x_wconf 90' lang='lat' dir='ltr'><strong>maius</strong></span> <span class='ocrx_word' id='word_1_132' title='bbox 707 1430 858 1493; x_wconf 88' lang='lat' dir='ltr'><strong>advectam</strong></span> <span class='ocrx_word' id='word_1_133' title='bbox 881 1432 1041 1496; x_wconf 87' lang='lat' dir='ltr'><strong>consumit.</strong></span> <span class='ocrx_word' id='word_1_134' title='bbox 1084 1433 1193 1497; x_wconf 91' lang='lat' dir='ltr'><strong>Netum</strong></span> <span class='ocrx_word' id='word_1_135' title='bbox 1209 1444 1264 1510; x_wconf 85' lang='lat' dir='ltr'><strong>est,</strong></span> <span class='ocrx_word' id='word_1_136' title='bbox 1287 1454 1337 1499; x_wconf 92' lang='lat' dir='ltr'><strong>ec·</strong></span> 
     </span>
     <span class='ocr_line' id='line_1_15' title="bbox 61 1529 1309 1601; baseline 0.008 -10"><span class='ocrx_word' id='word_1_137' title='bbox 61 1529 186 1593; x_wconf 89' lang='lat' dir='ltr'><strong>clesiam</strong></span> <span class='ocrx_word' id='word_1_138' title='bbox 208 1529 344 1591; x_wconf 85' lang='lat' dir='ltr'><strong>Latinam</strong></span> <span class='ocrx_word' id='word_1_139' title='bbox 365 1529 639 1592; x_wconf 87' lang='lat' dir='ltr'><strong>Praesanetilicatis</strong></span> <span class='ocrx_word' id='word_1_140' title='bbox 660 1529 703 1593; x_wconf 92' lang='lat' dir='ltr'><strong>uti</strong></span> <span class='ocrx_word' id='word_1_141' title='bbox 726 1540 839 1594; x_wconf 90' lang='lat' dir='ltr'><strong>tantum</strong></span> <span class='ocrx_word' id='word_1_142' title='bbox 862 1533 892 1594; x_wconf 94' lang='lat' dir='ltr'><strong>in</strong></span> <span class='ocrx_word' id='word_1_143' title='bbox 915 1534 991 1596; x_wconf 83' lang='lat' dir='ltr'><strong>feria</strong></span> <span class='ocrx_word' id='word_1_144' title='bbox 1011 1545 1095 1596; x_wconf 85' lang='lat' dir='ltr'><strong>serta</strong></span> <span class='ocrx_word' id='word_1_145' title='bbox 1116 1536 1309 1601; x_wconf 85' lang='lat' dir='ltr'><strong>Parasceues.</strong></span> 
     </span>
     <span class='ocr_line' id='line_1_16' title="bbox 148 1629 1337 1719; baseline 0.009 -27"><span class='ocrx_word' id='word_1_146' title='bbox 148 1631 274 1693; x_wconf 84' lang='lat' dir='ltr'><strong>lionae</strong></span> <span class='ocrx_word' id='word_1_147' title='bbox 297 1629 516 1694; x_wconf 78' lang='lat' dir='ltr'><strong>canonicae</strong></span> <span class='ocrx_word' id='word_1_148' title='bbox 537 1631 617 1712; x_wconf 91' lang='lat' dir='ltr'><strong>apud</strong></span> <span class='ocrx_word' id='word_1_149' title='bbox 638 1632 818 1696; x_wconf 87' lang='lat' dir='ltr'><strong>vetustiores</strong></span> <span class='ocrx_word' id='word_1_150' title='bbox 832 1634 996 1697; x_wconf 76' lang='lat' dir='ltr'><strong>Monachus</strong></span> <span class='ocrx_word' id='word_1_151' title='bbox 1019 1636 1140 1699; x_wconf 88' lang='lat' dir='ltr'><strong>eaedem</strong></span> <span class='ocrx_word' id='word_1_152' title='bbox 1163 1647 1232 1700; x_wconf 90' lang='lat' dir='ltr'><strong>sunt</strong></span> <span class='ocrx_word' id='word_1_153' title='bbox 1246 1647 1337 1719; x_wconf 90' lang='lat' dir='ltr'><strong>atque</strong></span> 
     </span>
     <span class='ocr_line' id='line_1_17' title="bbox 60 1732 1336 1815; baseline 0.005 -20"><span class='ocrx_word' id='word_1_154' title='bbox 60 1733 141 1814; x_wconf 88' lang='lat' dir='ltr'><strong>apud</strong></span> <span class='ocrx_word' id='word_1_155' title='bbox 164 1732 377 1807; x_wconf 88' lang='lat' dir='ltr'><strong>occidentales,</strong></span> <span class='ocrx_word' id='word_1_156' title='bbox 398 1732 557 1813; x_wconf 74' lang='lat' dir='ltr'><strong>vesperae,</strong></span> <span class='ocrx_word' id='word_1_157' title='bbox 581 1733 825 1815; x_wconf 77' lang='lat' dir='ltr'><strong>completorium,</strong></span> <span class='ocrx_word' id='word_1_158' title='bbox 853 1734 1041 1809; x_wconf 78' lang='lat' dir='ltr'><strong>Matutinum</strong></span> <span class='ocrx_word' id='word_1_159' title='bbox 1069 1736 1196 1811; x_wconf 78' lang='lat' dir='ltr'><strong>Laudes,</strong></span> <span class='ocrx_word' id='word_1_160' title='bbox 1226 1739 1336 1815; x_wconf 84' lang='lat' dir='ltr'><strong>Prima,</strong></span> 
     </span>
     <span class='ocr_line' id='line_1_18' title="bbox 61 1826 1336 1916; baseline 0.006 -21"><span class='ocrx_word' id='word_1_161' title='bbox 61 1833 176 1909; x_wconf 80' lang='lat' dir='ltr'><strong>Tertia,</strong></span> <span class='ocrx_word' id='word_1_162' title='bbox 210 1826 308 1906; x_wconf 75' lang='lat' dir='ltr'><strong>Sexti,</strong></span> <span class='ocrx_word' id='word_1_163' title='bbox 330 1833 426 1896; x_wconf 91' lang='lat' dir='ltr'><strong>Noua.</strong></span> <span class='ocrx_word' id='word_1_164' title='bbox 469 1837 507 1897; x_wconf 80' lang='lat' dir='ltr'><strong>tt</strong></span> <span class='ocrx_word' id='word_1_165' title='bbox 527 1844 632 1916; x_wconf 89' lang='lat' dir='ltr'><strong>postea</strong></span> <span class='ocrx_word' id='word_1_166' title='bbox 655 1833 828 1896; x_wconf 92' lang='lat' dir='ltr'><strong>hominibus</strong></span> <span class='ocrx_word' id='word_1_167' title='bbox 851 1836 1021 1899; x_wconf 84' lang='lat' dir='ltr'><strong>officiorum</strong></span> <span class='ocrx_word' id='word_1_168' title='bbox 1044 1836 1210 1901; x_wconf 83' lang='lat' dir='ltr'><strong>diuinorum</strong></span> <span class='ocrx_word' id='word_1_169' title='bbox 1231 1840 1336 1903; x_wconf 87' lang='lat' dir='ltr'><strong>obser-</strong></span> 
     </span>
     <span class='ocr_line' id='line_1_19' title="bbox 59 1934 1335 2017; baseline 0.008 -23"><span class='ocrx_word' id='word_1_170' title='bbox 59 1934 249 1998; x_wconf 86' lang='lat' dir='ltr'><strong>rantissimis</strong></span> <span class='ocrx_word' id='word_1_171' title='bbox 276 1953 374 2016; x_wconf 87' lang='lat' dir='ltr'><strong>nequo</strong></span> <span class='ocrx_word' id='word_1_172' title='bbox 404 1934 454 1997; x_wconf 91' lang='lat' dir='ltr'><strong>illa</strong></span> <span class='ocrx_word' id='word_1_173' title='bbox 481 1953 604 2015; x_wconf 88' lang='lat' dir='ltr'><strong>precum</strong></span> <span class='ocrx_word' id='word_1_174' title='bbox 637 1935 759 1997; x_wconf 88' lang='lat' dir='ltr'><strong>ubertas</strong></span> <span class='ocrx_word' id='word_1_175' title='bbox 781 1936 944 1999; x_wconf 78' lang='lat' dir='ltr'><strong>satisfecit:</strong></span> <span class='ocrx_word' id='word_1_176' title='bbox 975 1938 1180 2017; x_wconf 83' lang='lat' dir='ltr'><strong>excogitarunt</strong></span> <span class='ocrx_word' id='word_1_177' title='bbox 1212 1940 1335 2006; x_wconf 86' lang='lat' dir='ltr'><strong>horulas</strong></span> 
     </span>
     <span class='ocr_line' id='line_1_20' title="bbox 58 2029 1335 2120; baseline 0.007 -23"><span class='ocrx_word' id='word_1_178' title='bbox 58 2037 187 2110; x_wconf 88' lang='lat' dir='ltr'><strong>medias,</strong></span> <span class='ocrx_word' id='word_1_179' title='bbox 204 2029 365 2120; x_wconf 84' lang='grc' dir='ltr'><strong><em>μεσώρια,</em></strong></span> <span class='ocrx_word' id='word_1_180' title='bbox 387 2037 504 2117; x_wconf 90' lang='lat' dir='ltr'><strong>positas</strong></span> <span class='ocrx_word' id='word_1_181' title='bbox 531 2039 610 2101; x_wconf 91' lang='lat' dir='ltr'><strong>ieter</strong></span> <span class='ocrx_word' id='word_1_182' title='bbox 631 2037 722 2099; x_wconf 89' lang='lat' dir='ltr'><strong>boras</strong></span> <span class='ocrx_word' id='word_1_183' title='bbox 744 2036 888 2111; x_wconf 90' lang='lat' dir='ltr'><strong>minores,</strong></span> <span class='ocrx_word' id='word_1_184' title='bbox 910 2037 1010 2119; x_wconf 88' lang='lat' dir='ltr'><strong>itaqua</strong></span> <span class='ocrx_word' id='word_1_185' title='bbox 1031 2039 1195 2104; x_wconf 91' lang='lat' dir='ltr'><strong>duodecies</strong></span> <span class='ocrx_word' id='word_1_186' title='bbox 1217 2041 1249 2104; x_wconf 92' lang='lat' dir='ltr'><strong>in</strong></span> <span class='ocrx_word' id='word_1_187' title='bbox 1270 2043 1335 2107; x_wconf 59' lang='lat' dir='ltr'><strong>lau:</strong></span> 
     </span>
     <span class='ocr_line' id='line_1_21' title="bbox 60 2130 1333 2225; baseline 0.005 -25"><span class='ocrx_word' id='word_1_188' title='bbox 60 2136 151 2200; x_wconf 91' lang='lat' dir='ltr'><strong>dibus</strong></span> <span class='ocrx_word' id='word_1_189' title='bbox 176 2136 286 2199; x_wconf 86' lang='lat' dir='ltr'><strong>divinis</strong></span> <span class='ocrx_word' id='word_1_190' title='bbox 309 2139 447 2221; x_wconf 85' lang='lat' dir='ltr'><strong>occupati</strong></span> <span class='ocrx_word' id='word_1_191' title='bbox 470 2146 565 2202; x_wconf 89' lang='lat' dir='ltr'><strong>erant.</strong></span> <span class='ocrx_word' id='word_1_192' title='bbox 595 2137 713 2201; x_wconf 85' lang='lat' dir='ltr'><strong>Habent</strong></span> <span class='ocrx_word' id='word_1_193' title='bbox 734 2137 825 2216; x_wconf 79' lang='lat' dir='ltr'><strong>igitur</strong></span> <span class='ocrx_word' id='word_1_194' title='bbox 849 2130 1140 2223; x_wconf 61' lang='grc' dir='ltr'><strong>1.(Εσπερισόν</strong></span> <span class='ocrx_word' id='word_1_195' title='bbox 1160 2143 1333 2225; x_wconf 73' lang='lat' dir='ltr'><strong>(vesperas)</strong></span> 
     </span>
     <span class='ocr_line' id='line_1_22' title="bbox 59 2239 1335 2327; baseline 0.006 -26"><span class='ocrx_word' id='word_1_196' title='bbox 59 2239 172 2321; x_wconf 88' lang='lat' dir='ltr'><strong>quibus</strong></span> <span class='ocrx_word' id='word_1_197' title='bbox 200 2257 296 2319; x_wconf 85' lang='lat' dir='ltr'><strong>aeque</strong></span> <span class='ocrx_word' id='word_1_198' title='bbox 317 2245 406 2321; x_wconf 89' lang='lat' dir='ltr'><strong>atque</strong></span> <span class='ocrx_word' id='word_1_199' title='bbox 428 2240 527 2302; x_wconf 89' lang='lat' dir='ltr'><strong>Latini</strong></span> <span class='ocrx_word' id='word_1_200' title='bbox 549 2239 689 2303; x_wconf 85' lang='lat' dir='ltr'><strong>Officium</strong></span> <span class='ocrx_word' id='word_1_201' title='bbox 711 2239 935 2303; x_wconf 83' lang='lat' dir='ltr'><strong>llemiuioarum</strong></span> <span class='ocrx_word' id='word_1_202' title='bbox 957 2250 987 2304; x_wconf 93' lang='lat' dir='ltr'><strong>et</strong></span> <span class='ocrx_word' id='word_1_203' title='bbox 1008 2242 1152 2305; x_wconf 90' lang='lat' dir='ltr'><strong>iestemm</strong></span> <span class='ocrx_word' id='word_1_204' title='bbox 1175 2244 1335 2327; x_wconf 89' lang='lat' dir='ltr'><strong>incipiunt.</strong></span> 
     </span>
     <span class='ocr_line' id='line_1_23' title="bbox 58 2332 1336 2426; baseline 0.004 -21"><span class='ocrx_word' id='word_1_205' title='bbox 58 2332 394 2405; x_wconf 61' lang='grc' dir='ltr'><strong><em>λᾌπόδειπνοτ</em></strong></span> <span class='ocrx_word' id='word_1_206' title='bbox 415 2341 684 2424; x_wconf 85' lang='lat' dir='ltr'><strong>(Completerium).</strong></span> <span class='ocrx_word' id='word_1_207' title='bbox 727 2344 758 2408; x_wconf 85' lang='lat'><strong>3.</strong></span> <span class='ocrx_word' id='word_1_208' title='bbox 790 2335 1104 2408; x_wconf 79' lang='grc' dir='ltr'><strong><em>Μεσσνυκτικόν</em></strong></span> <span class='ocrx_word' id='word_1_209' title='bbox 1125 2345 1336 2426; x_wconf 79' lang='lat' dir='ltr'><strong>(bisintinum).</strong></span> 
     </span>
     <span class='ocr_line' id='line_1_24' title="bbox 57 2429 1356 2533; baseline 0.005 -28"><span class='ocrx_word' id='word_1_210' title='bbox 57 2429 295 2524; x_wconf 66' lang='grc' dir='ltr'><strong>1.’ορθρσν</strong></span> <span class='ocrx_word' id='word_1_211' title='bbox 316 2443 469 2520; x_wconf 84' lang='lat' dir='ltr'><strong>(Laudes).</strong></span> <span class='ocrx_word' id='word_1_212' title='bbox 512 2448 544 2509; x_wconf 86' lang='lat'><strong>5.</strong></span> <span class='ocrx_word' id='word_1_213' title='bbox 574 2434 721 2530; x_wconf 80' lang='grc' dir='ltr'><strong><em>Πρώτη</em></strong></span> <span class='ocrx_word' id='word_1_214' title='bbox 755 2436 837 2526; x_wconf 89' lang='grc' dir='ltr'><strong>ώρα</strong></span> <span class='ocrx_word' id='word_1_215' title='bbox 868 2444 1003 2522; x_wconf 85' lang='lat' dir='ltr'><strong>(Prima).</strong></span> <span class='ocrx_word' id='word_1_216' title='bbox 1050 2448 1081 2511; x_wconf 88' lang='grc'><strong>6.</strong></span> <span class='ocrx_word' id='word_1_217' title='bbox 1112 2439 1356 2533; x_wconf 32' lang='grc' dir='ltr'><strong><em>Μσσώριοτ,</em></strong></span> 
     </span>
     <span class='ocr_line' id='line_1_25' title="bbox 57 2534 1337 2634; baseline 0.005 -30"><span class='ocrx_word' id='word_1_218' title='bbox 57 2544 134 2628; x_wconf 79' lang='grc' dir='ltr'><strong>τῆς</strong></span> <span class='ocrx_word' id='word_1_219' title='bbox 154 2534 318 2627; x_wconf 80' lang='grc' dir='ltr'><strong><em>πρώτης</em></strong></span> <span class='ocrx_word' id='word_1_220' title='bbox 339 2536 454 2627; x_wconf 87' lang='grc' dir='ltr'><strong><em>ώρας.</em></strong></span> <span class='ocrx_word' id='word_1_221' title='bbox 491 2549 520 2610; x_wconf 86' lang='grc'><strong>7.</strong></span> <span class='ocrx_word' id='word_1_222' title='bbox 546 2538 669 2630; x_wconf 86' lang='grc' dir='ltr'><strong><em>Τρίτη</em></strong></span> <span class='ocrx_word' id='word_1_223' title='bbox 692 2539 934 2628; x_wconf 63' lang='lat' dir='ltr'><strong>(dpatientia).</strong></span> <span class='ocrx_word' id='word_1_224' title='bbox 964 2547 994 2611; x_wconf 87' lang='lat'><strong>8.</strong></span> <span class='ocrx_word' id='word_1_225' title='bbox 1020 2540 1244 2630; x_wconf 71' lang='lat' dir='ltr'><strong>Maurienna</strong></span> <span class='ocrx_word' id='word_1_226' title='bbox 1263 2551 1337 2634; x_wconf 81' lang='grc' dir='ltr'><strong>τῆς</strong></span> 
     </span>
     <span class='ocr_line' id='line_1_26' title="bbox 57 2637 1336 2736; baseline 0.006 -31"><span class='ocrx_word' id='word_1_227' title='bbox 57 2637 203 2728; x_wconf 83' lang='grc' dir='ltr'><strong><em>τρίτης</em></strong></span> <span class='ocrx_word' id='word_1_228' title='bbox 226 2637 340 2727; x_wconf 86' lang='grc' dir='ltr'><strong><em>ώρας.</em></strong></span> <span class='ocrx_word' id='word_1_229' title='bbox 369 2647 400 2709; x_wconf 87' lang='grc'><strong>9.</strong></span> <span class='ocrx_word' id='word_1_230' title='bbox 420 2637 529 2732; x_wconf 80' lang='grc' dir='ltr'><strong><em>Ἑκτη</em></strong></span> <span class='ocrx_word' id='word_1_231' title='bbox 553 2639 775 2729; x_wconf 68' lang='grc' dir='ltr'><strong>ώρα(8ε11ε).</strong></span> <span class='ocrx_word' id='word_1_232' title='bbox 808 2650 858 2712; x_wconf 89' lang='grc'><strong>10.</strong></span> <span class='ocrx_word' id='word_1_233' title='bbox 880 2639 1106 2729; x_wconf 78' lang='grc' dir='ltr'><strong><em>Μεσώριον</em></strong></span> <span class='ocrx_word' id='word_1_234' title='bbox 1125 2649 1195 2731; x_wconf 82' lang='grc' dir='ltr'><strong>τῆς</strong></span> <span class='ocrx_word' id='word_1_235' title='bbox 1217 2641 1336 2736; x_wconf 73' lang='grc' dir='ltr'><strong><em>ἕκτης</em></strong></span> 
     </span>
     <span class='ocr_line' id='line_1_27' title="bbox 59 2736 1336 2838; baseline 0.005 -31"><span class='ocrx_word' id='word_1_236' title='bbox 59 2738 179 2829; x_wconf 81' lang='grc' dir='ltr'><strong><em>ὥρας.</em></strong></span> <span class='ocrx_word' id='word_1_237' title='bbox 226 2749 275 2809; x_wconf 93' lang='grc'><strong>11.</strong></span> <span class='ocrx_word' id='word_1_238' title='bbox 296 2736 459 2833; x_wconf 80' lang='grc' dir='ltr'><strong><em>Ἔιιάτη</em></strong></span> <span class='ocrx_word' id='word_1_239' title='bbox 482 2739 565 2831; x_wconf 81' lang='grc' dir='ltr'><strong>ὥρα</strong></span> <span class='ocrx_word' id='word_1_240' title='bbox 586 2748 707 2825; x_wconf 86' lang='lat' dir='ltr'><strong>(Nona).</strong></span> <span class='ocrx_word' id='word_1_241' title='bbox 752 2738 1336 2838; x_wconf 74' lang='grc' dir='ltr'><strong>11.Μεοώριοντῆςέοοάτης</strong></span> 
     </span>
     <span class='ocr_line' id='line_1_28' title="bbox 59 2838 209 2930; baseline 0.02 -9"><span class='ocrx_word' id='word_1_242' title='bbox 59 2838 209 2930; x_wconf 72' lang='lat' dir='ltr'><strong>‹icas-¹)</strong></span> 
     </span>
    </p>

    <p class='ocr_par' dir='ltr' id='par_1_2' title="bbox 58 2947 1336 3743">
     <span class='ocr_line' id='line_1_29' title="bbox 145 2947 1335 3030; baseline 0.008 -21"><span class='ocrx_word' id='word_1_243' title='bbox 145 2947 372 3028; x_wconf 77' lang='lat' dir='ltr'><strong>Reisigescente</strong></span> <span class='ocrx_word' id='word_1_244' title='bbox 400 2949 520 3030; x_wconf 89' lang='lat' dir='ltr'><strong>pietatis</strong></span> <span class='ocrx_word' id='word_1_245' title='bbox 550 2950 666 3013; x_wconf 83' lang='lat' dir='ltr'><strong>iervore</strong></span> <span class='ocrx_word' id='word_1_246' title='bbox 694 2949 769 3012; x_wconf 89' lang='lat' dir='ltr'><strong>haee</strong></span> <span class='ocrx_word' id='word_1_247' title='bbox 796 2949 894 3011; x_wconf 77' lang='lat' dir='ltr'><strong>efficia</strong></span> <span class='ocrx_word' id='word_1_248' title='bbox 923 2957 954 3021; x_wconf 87' lang='lat' dir='ltr'><strong>et</strong></span> <span class='ocrx_word' id='word_1_249' title='bbox 982 2949 1014 3012; x_wconf 92' lang='lat' dir='ltr'><strong>ie</strong></span> <span class='ocrx_word' id='word_1_250' title='bbox 1037 2952 1229 3016; x_wconf 89' lang='lat' dir='ltr'><strong>monasteriis</strong></span> <span class='ocrx_word' id='word_1_251' title='bbox 1250 2962 1281 3017; x_wconf 90' lang='lat' dir='ltr'><strong>et</strong></span> <span class='ocrx_word' id='word_1_252' title='bbox 1302 2954 1335 3018; x_wconf 94' lang='lat' dir='ltr'><strong>in</strong></span> 
     </span>
     <span class='ocr_line' id='line_1_30' title="bbox 61 3048 1334 3136; baseline 0.004 -24"><span class='ocrx_word' id='word_1_253' title='bbox 61 3048 202 3112; x_wconf 88' lang='lat' dir='ltr'><strong>ecelesiis</strong></span> <span class='ocrx_word' id='word_1_254' title='bbox 231 3050 452 3113; x_wconf 89' lang='lat' dir='ltr'><strong>cathedralibus</strong></span> <span class='ocrx_word' id='word_1_255' title='bbox 479 3051 520 3113; x_wconf 92' lang='lat' dir='ltr'><strong>ita</strong></span> <span class='ocrx_word' id='word_1_256' title='bbox 553 3050 764 3132; x_wconf 83' lang='lat' dir='ltr'><strong>persolvuntur</strong></span> <span class='ocrx_word' id='word_1_257' title='bbox 789 3061 824 3113; x_wconf 88' lang='lat' dir='ltr'><strong>ut</strong></span> <span class='ocrx_word' id='word_1_258' title='bbox 851 3050 929 3113; x_wconf 87' lang='lat' dir='ltr'><strong>trina</strong></span> <span class='ocrx_word' id='word_1_259' title='bbox 955 3052 1082 3132; x_wconf 88' lang='lat' dir='ltr'><strong>prodeat</strong></span> <span class='ocrx_word' id='word_1_260' title='bbox 1109 3055 1206 3116; x_wconf 86' lang='lat' dir='ltr'><strong>cultus</strong></span> <span class='ocrx_word' id='word_1_261' title='bbox 1236 3056 1334 3136; x_wconf 84' lang='lat' dir='ltr'><strong>quoti-</strong></span> 
     </span>
     <span class='ocr_line' id='line_1_31' title="bbox 61 3143 1333 3238; baseline 0.004 -26"><span class='ocrx_word' id='word_1_262' title='bbox 61 3149 143 3214; x_wconf 90' lang='lat' dir='ltr'><strong>diani</strong></span> <span class='ocrx_word' id='word_1_263' title='bbox 176 3151 311 3232; x_wconf 87' lang='lat' dir='ltr'><strong>partitio.</strong></span> <span class='ocrx_word' id='word_1_264' title='bbox 355 3151 535 3215; x_wconf 86' lang='lat' dir='ltr'><strong>Coalescnnt</strong></span> <span class='ocrx_word' id='word_1_265' title='bbox 566 3152 645 3216; x_wconf 93' lang='lat' dir='ltr'><strong>enim</strong></span> <span class='ocrx_word' id='word_1_266' title='bbox 678 3144 698 3237; x_wconf 79' lang='grc' dir='ltr'><em>ἦ</em></span> <span class='ocrx_word' id='word_1_267' title='bbox 726 3143 841 3238; x_wconf 71' lang='lat' dir='ltr'><strong>desdorp</strong></span> <span class='ocrx_word' id='word_1_268' title='bbox 871 3145 952 3235; x_wconf 83' lang='grc' dir='ltr'><strong><em>ώρα,</em></strong></span> <span class='ocrx_word' id='word_1_269' title='bbox 985 3147 1025 3215; x_wconf 82' lang='grc' dir='ltr'><strong>τὸ</strong></span> <span class='ocrx_word' id='word_1_270' title='bbox 1048 3145 1222 3236; x_wconf 76' lang='grc' dir='ltr'><strong><em>ἑσπερινόν</em></strong></span> <span class='ocrx_word' id='word_1_271' title='bbox 1244 3168 1273 3217; x_wconf 85' lang='lat' dir='ltr'><strong>et</strong></span> <span class='ocrx_word' id='word_1_272' title='bbox 1293 3151 1333 3218; x_wconf 90' lang='grc' dir='ltr'><strong>τὸ</strong></span> 
     </span>
     <span class='ocr_line' id='line_1_32' title="bbox 60 3244 1335 3334; baseline 0.001 -18"><span class='ocrx_word' id='word_1_273' title='bbox 60 3244 273 3317; x_wconf 66' lang='lat' dir='ltr'><strong>(indolescens</strong></span> <span class='ocrx_word' id='word_1_274' title='bbox 303 3273 370 3316; x_wconf 92' lang='lat' dir='ltr'><strong>cum</strong></span> <span class='ocrx_word' id='word_1_275' title='bbox 397 3254 535 3317; x_wconf 85' lang='lat' dir='ltr'><strong>blesoriis</strong></span> <span class='ocrx_word' id='word_1_276' title='bbox 568 3253 599 3316; x_wconf 94' lang='lat' dir='ltr'><strong>in</strong></span> <span class='ocrx_word' id='word_1_277' title='bbox 632 3272 723 3315; x_wconf 90' lang='lat' dir='ltr'><strong>unum</strong></span> <span class='ocrx_word' id='word_1_278' title='bbox 752 3252 884 3315; x_wconf 80' lang='lat' dir='ltr'><strong>osticium</strong></span> <span class='ocrx_word' id='word_1_279' title='bbox 913 3252 1191 3334; x_wconf 86' lang='lat' dir='ltr'><strong>Vespertinum.</strong></span> <span class='ocrx_word' id='word_1_280' title='bbox 1235 3255 1335 3319; x_wconf 90' lang='lat' dir='ltr'>Simili</span> 
     </span>
     <span class='ocr_line' id='line_1_33' title="bbox 60 3344 1333 3441; baseline 0.003 -25"><span class='ocrx_word' id='word_1_281' title='bbox 60 3354 179 3418; x_wconf 90' lang='lat' dir='ltr'><strong>ratione</strong></span> <span class='ocrx_word' id='word_1_282' title='bbox 201 3349 241 3419; x_wconf 86' lang='grc' dir='ltr'><strong>τὸ</strong></span> <span class='ocrx_word' id='word_1_283' title='bbox 260 3349 503 3437; x_wconf 65' lang='lat' dir='ltr'><strong>praeveniendi,</strong></span> <span class='ocrx_word' id='word_1_284' title='bbox 530 3350 569 3419; x_wconf 86' lang='grc' dir='ltr'><strong>τὸ</strong></span> <span class='ocrx_word' id='word_1_285' title='bbox 591 3344 727 3438; x_wconf 70' lang='grc' dir='ltr'><strong><em>ὄρθρον,</em></strong></span> <span class='ocrx_word' id='word_1_286' title='bbox 749 3345 768 3440; x_wconf 74' lang='grc' dir='ltr'><em>ἦ</em></span> <span class='ocrx_word' id='word_1_287' title='bbox 792 3346 908 3441; x_wconf 83' lang='grc' dir='ltr'><strong><em>πρώτη</em></strong></span> <span class='ocrx_word' id='word_1_288' title='bbox 930 3347 1001 3438; x_wconf 79' lang='lat' dir='ltr'><strong>dieo</strong></span> <span class='ocrx_word' id='word_1_289' title='bbox 1024 3372 1090 3417; x_wconf 91' lang='lat' dir='ltr'><strong>eum</strong></span> <span class='ocrx_word' id='word_1_290' title='bbox 1113 3356 1241 3419; x_wconf 87' lang='lat' dir='ltr'><strong>ldesorio</strong></span> <span class='ocrx_word' id='word_1_291' title='bbox 1264 3376 1333 3439; x_wconf 88' lang='lat' dir='ltr'><strong>pre·</strong></span> 
     </span>
     <span class='ocr_line' id='line_1_34' title="bbox 62 3448 1336 3546; baseline 0.002 -27"><span class='ocrx_word' id='word_1_292' title='bbox 62 3474 114 3519; x_wconf 85' lang='lat' dir='ltr'><strong>ces</strong></span> <span class='ocrx_word' id='word_1_293' title='bbox 135 3455 273 3519; x_wconf 79' lang='lat' dir='ltr'><strong>efficiunt</strong></span> <span class='ocrx_word' id='word_1_294' title='bbox 294 3466 502 3521; x_wconf 86' lang='lat' dir='ltr'><strong>nocturnas</strong></span> <span class='ocrx_word' id='word_1_295' title='bbox 524 3458 569 3520; x_wconf 88' lang='lat' dir='ltr'><strong>vel</strong></span> <span class='ocrx_word' id='word_1_296' title='bbox 592 3458 809 3521; x_wconf 89' lang='lat' dir='ltr'><strong>matutinas.</strong></span> <span class='ocrx_word' id='word_1_297' title='bbox 838 3456 974 3536; x_wconf 83' lang='lat' dir='ltr'><strong>lienique</strong></span> <span class='ocrx_word' id='word_1_298' title='bbox 988 3448 1060 3543; x_wconf 84' lang='grc' dir='ltr'><strong><em>ώρρι</em></strong></span> <span class='ocrx_word' id='word_1_299' title='bbox 1073 3449 1176 3544; x_wconf 84' lang='grc' dir='ltr'><strong><em>τρίτη,</em></strong></span> <span class='ocrx_word' id='word_1_300' title='bbox 1196 3460 1237 3543; x_wconf 79' lang='grc' dir='ltr'><strong>τῇ</strong></span> <span class='ocrx_word' id='word_1_301' title='bbox 1251 3459 1336 3546; x_wconf 65' lang='lat' dir='ltr'><strong>daie</strong></span> 
     </span>
     <span class='ocr_line' id='line_1_35' title="bbox 58 3549 1335 3645; baseline 0.002 -26"><span class='ocrx_word' id='word_1_302' title='bbox 58 3549 251 3642; x_wconf 82' lang='grc' dir='ltr'><strong><em>λιιτσυργιᾴ</em></strong></span> <span class='ocrx_word' id='word_1_303' title='bbox 282 3558 481 3636; x_wconf 82' lang='lat' dir='ltr'><strong>(Sacrificium</strong></span> <span class='ocrx_word' id='word_1_304' title='bbox 504 3559 715 3634; x_wconf 87' lang='lat' dir='ltr'><strong>eucharistiae)</strong></span> <span class='ocrx_word' id='word_1_305' title='bbox 738 3567 769 3620; x_wconf 91' lang='lat' dir='ltr'><strong>et</strong></span> <span class='ocrx_word' id='word_1_306' title='bbox 789 3551 860 3645; x_wconf 83' lang='grc' dir='ltr'><strong>ώρρ</strong></span> <span class='ocrx_word' id='word_1_307' title='bbox 882 3549 998 3643; x_wconf 78' lang='grc' dir='ltr'><strong><em>ἒιιώτη</em></strong></span> <span class='ocrx_word' id='word_1_308' title='bbox 1020 3575 1087 3620; x_wconf 89' lang='lat' dir='ltr'><strong>cum</strong></span> <span class='ocrx_word' id='word_1_309' title='bbox 1108 3558 1238 3621; x_wconf 88' lang='lat' dir='ltr'><strong>bleserie</strong></span> <span class='ocrx_word' id='word_1_310' title='bbox 1261 3577 1335 3623; x_wconf 89' lang='lat' dir='ltr'><strong>cou-</strong></span> 
     </span>
     <span class='ocr_line' id='line_1_36' title="bbox 64 3657 1333 3743; baseline 0.004 -23"><span class='ocrx_word' id='word_1_311' title='bbox 64 3668 126 3721; x_wconf 87' lang='lat' dir='ltr'><strong>stat</strong></span> <span class='ocrx_word' id='word_1_312' title='bbox 148 3658 325 3722; x_wconf 83' lang='lat' dir='ltr'><strong>cilicium</strong></span> <span class='ocrx_word' id='word_1_313' title='bbox 349 3660 574 3723; x_wconf 88' lang='lat' dir='ltr'><strong>matutinum</strong></span> <span class='ocrx_word' id='word_1_314' title='bbox 596 3660 828 3741; x_wconf 88' lang='lat' dir='ltr'><strong>principale.</strong></span> <span class='ocrx_word' id='word_1_315' title='bbox 860 3657 1014 3722; x_wconf 85' lang='lat' dir='ltr'><strong>Ecclesiae</strong></span> <span class='ocrx_word' id='word_1_316' title='bbox 1035 3659 1224 3738; x_wconf 90' lang='lat' dir='ltr'><strong>parochiales</strong></span> <span class='ocrx_word' id='word_1_317' title='bbox 1245 3679 1333 3743; x_wconf 89' lang='lat' dir='ltr'><strong>prae·</strong></span> 
     </span>
    </p>
   </div>
   <div class='ocr_carea' id='block_1_2' title="bbox 56 3823 109 3831">
    <p class='ocr_par' dir='ltr' id='par_1_3' title="bbox 56 3823 109 3831">
     <span class='ocr_line' id='line_1_37' title="bbox 56 3823 109 3831; baseline -0.019 0"><span class='ocrx_word' id='word_1_318' title='bbox 56 3823 109 3831; x_wconf 84' lang='lat'><em>——·-</em></span> 
     </span>
    </p>
   </div>
   <div class='ocr_carea' id='block_1_3' title="bbox 59 3913 1337 4065">
    <p class='ocr_par' dir='ltr' id='par_1_4' title="bbox 59 3913 1337 4065">
     <span class='ocr_line' id='line_1_38' title="bbox 153 3913 1337 3980; baseline 0.002 -16"><span class='ocrx_word' id='word_1_319' title='bbox 153 3914 176 3976; x_wconf 90' lang='lat' dir='ltr'><strong>l)</strong></span> <span class='ocrx_word' id='word_1_320' title='bbox 203 3915 285 3966; x_wconf 81' lang='lat' dir='ltr'><strong>Gerr</strong></span> <span class='ocrx_word' id='word_1_321' title='bbox 302 3931 327 3980; x_wconf 92' lang='lat' dir='ltr'><strong>p.</strong></span> <span class='ocrx_word' id='word_1_322' title='bbox 339 3916 397 3967; x_wconf 81' lang='lat'><strong>105.</strong></span> <span class='ocrx_word' id='word_1_323' title='bbox 429 3915 569 3966; x_wconf 83' lang='lat' dir='ltr'><strong>bllatius</strong></span> <span class='ocrx_word' id='word_1_324' title='bbox 593 3916 623 3967; x_wconf 91' lang='lat' dir='ltr'><strong>de</strong></span> <span class='ocrx_word' id='word_1_325' title='bbox 650 3916 721 3967; x_wconf 85' lang='lat' dir='ltr'><strong>llissa</strong></span> <span class='ocrx_word' id='word_1_326' title='bbox 747 3915 1009 3965; x_wconf 84' lang='lat' dir='ltr'><strong>Praesanetidcaterum</strong></span> <span class='ocrx_word' id='word_1_327' title='bbox 1036 3913 1101 3978; x_wconf 80' lang='lat' dir='ltr'><strong>apud</strong></span> <span class='ocrx_word' id='word_1_328' title='bbox 1119 3915 1231 3967; x_wconf 85' lang='lat' dir='ltr'><strong>Graecos.</strong></span> <span class='ocrx_word' id='word_1_329' title='bbox 1266 3915 1337 3978; x_wconf 77' lang='lat' dir='ltr'><strong>(Post</strong></span> 
     </span>
     <span class='ocr_line' id='line_1_39' title="bbox 59 3997 1175 4065; baseline 0.001 -16"><span class='ocrx_word' id='word_1_330' title='bbox 59 3999 152 4049; x_wconf 87' lang='lat' dir='ltr'><strong>librum</strong></span> <span class='ocrx_word' id='word_1_331' title='bbox 170 3998 200 4049; x_wconf 86' lang='lat' dir='ltr'><strong>de</strong></span> <span class='ocrx_word' id='word_1_332' title='bbox 217 4009 310 4065; x_wconf 84' lang='lat' dir='ltr'><strong>perpet.</strong></span> <span class='ocrx_word' id='word_1_333' title='bbox 329 4001 388 4053; x_wconf 85' lang='lat' dir='ltr'><strong>eccl.</strong></span> <span class='ocrx_word' id='word_1_334' title='bbox 406 4015 442 4051; x_wconf 92' lang='lat' dir='ltr'><strong>or.</strong></span> <span class='ocrx_word' id='word_1_335' title='bbox 461 4008 485 4051; x_wconf 88' lang='lat' dir='ltr'><strong>et</strong></span> <span class='ocrx_word' id='word_1_336' title='bbox 502 4000 579 4052; x_wconf 85' lang='lat' dir='ltr'><strong>occid.</strong></span> <span class='ocrx_word' id='word_1_337' title='bbox 597 4000 757 4051; x_wconf 86' lang='lat' dir='ltr'><strong>consensione</strong></span> <span class='ocrx_word' id='word_1_338' title='bbox 774 3999 860 4051; x_wconf 85' lang='lat' dir='ltr'><strong>Celeu.</strong></span> <span class='ocrx_word' id='word_1_339' title='bbox 880 3998 945 4050; x_wconf 82' lang='grc'><strong>1648</strong></span> <span class='ocrx_word' id='word_1_340' title='bbox 963 4015 986 4064; x_wconf 88' lang='lat' dir='ltr'><strong>p.</strong></span> <span class='ocrx_word' id='word_1_341' title='bbox 1000 3997 1175 4050; x_wconf 75' lang='lat' dir='ltr'><strong>isat-loeo</strong></span> 
     </span>
    </p>
   </div>
   <div class='ocr_carea' id='block_1_4' title="bbox 59 4093 1334 4237">
    <p class='ocr_par' dir='ltr' id='par_1_5' title="bbox 59 4093 1334 4237">
     <span class='ocr_line' id='line_1_40' title="bbox 149 4093 1334 4169; baseline 0.003 -21"><span class='ocrx_word' id='word_1_342' title='bbox 149 4098 175 4155; x_wconf 77' lang='lat' dir='ltr'><strong>il</strong></span> <span class='ocrx_word' id='word_1_343' title='bbox 202 4101 232 4151; x_wconf 90' lang='lat' dir='ltr'><strong>llt</strong></span> <span class='ocrx_word' id='word_1_344' title='bbox 249 4109 331 4151; x_wconf 88' lang='lat' dir='ltr'><strong>narrat</strong></span> <span class='ocrx_word' id='word_1_345' title='bbox 348 4101 481 4164; x_wconf 72' lang='lat' dir='ltr'><strong>llingies</strong></span> <span class='ocrx_word' id='word_1_346' title='bbox 498 4101 515 4152; x_wconf 91' lang='grc'><strong>1.</strong></span> <span class='ocrx_word' id='word_1_347' title='bbox 532 4118 553 4152; x_wconf 88' lang='lat' dir='ltr'><strong>e.</strong></span> <span class='ocrx_word' id='word_1_348' title='bbox 571 4117 596 4168; x_wconf 91' lang='lat' dir='ltr'><strong>p.</strong></span> <span class='ocrx_word' id='word_1_349' title='bbox 611 4101 645 4152; x_wconf 79' lang='lat' dir='ltr'><strong>te</strong></span> <span class='ocrx_word' id='word_1_350' title='bbox 668 4102 770 4153; x_wconf 85' lang='lat' dir='ltr'><strong>eeclesia</strong></span> <span class='ocrx_word' id='word_1_351' title='bbox 789 4102 889 4152; x_wconf 81' lang='lat' dir='ltr'><strong>bessiae</strong></span> <span class='ocrx_word' id='word_1_352' title='bbox 912 4102 1005 4165; x_wconf 72' lang='lat' dir='ltr'><strong>ignerat</strong></span> <span class='ocrx_word' id='word_1_353' title='bbox 1029 4094 1061 4149; x_wconf 80' lang='grc' dir='ltr'><strong>τὰ</strong></span> <span class='ocrx_word' id='word_1_354' title='bbox 1077 4093 1212 4169; x_wconf 85' lang='grc' dir='ltr'><strong><em>μεσώρια,</em></strong></span> <span class='ocrx_word' id='word_1_355' title='bbox 1236 4108 1334 4167; x_wconf 84' lang='lat' dir='ltr'><strong>excepta</strong></span> 
     </span>
     <span class='ocr_line' id='line_1_41' title="bbox 59 4184 578 4237; baseline 0.008 -4"><span class='ocrx_word' id='word_1_356' title='bbox 59 4184 216 4235; x_wconf 82' lang='lat' dir='ltr'><strong>bebdomada</strong></span> <span class='ocrx_word' id='word_1_357' title='bbox 234 4194 290 4236; x_wconf 83' lang='lat' dir='ltr'><strong>rute</strong></span> <span class='ocrx_word' id='word_1_358' title='bbox 307 4185 456 4236; x_wconf 81' lang='lat' dir='ltr'><strong>Nativitatem</strong></span> <span class='ocrx_word' id='word_1_359' title='bbox 474 4184 578 4237; x_wconf 82' lang='lat' dir='ltr'><strong>homini.</strong></span> 
     </span>
    </p>
   </div>
   <div class='ocr_carea' id='block_1_5' title="bbox 0 0 1526 4912">
    <p class='ocr_par' dir='ltr' id='par_1_6' title="bbox 0 0 1526 4912">
     <span class='ocr_line' id='line_1_42' title="bbox 0 0 1526 4912; baseline 0 1"><span class='ocrx_word' id='word_1_360' title='bbox 0 0 1526 4912; x_wconf 95' lang='lat' dir='ltr'><strong> </strong></span> 
     </span>
    </p>
   </div>
  </div>
 </body>
</html>
