3044 4912
734 266 804 341 681

129 444 242 539 γητόν.
277 444 461 536 Τριςάγιον.
497 444 604 530 Κίριε
624 446 760 538 ἐλέησον
782 446 838 534 ιβ’.
860 446 879 517 6
901 446 956 518 N'.
977 450 1035 519 καί
1056 448 1139 543 ψάλ.
1161 452 1219 521 τδν
1238 452 1411 539 τριαδικδν

128 547 258 619 κανόνα
277 546 347 619 κατ’
371 546 453 629 ἔθος
473 552 541 617 κτλ.
563 547 582 617 6
606 546 803 637 έξάψαλμος
822 548 871 631 είς
892 550 930 619 τὸ
955 552 1042 632 Θεὸς
1062 552 1199 642 Κύριος.
1245 555 1296 622 Τὰ
1320 561 1409 641 Τρο-

128 649 245 739 πάρια
265 648 312 733 τίς
332 649 382 731 είς
400 651 459 719 τὸν
480 648 664 739 ἑσπερινόν.
712 652 760 721 Τό
780 650 970 744 ψαλτήριον
991 654 1049 722 καὶ
1076 651 1095 722 6
1117 654 1310 736 πολυέλεος.
1356 656 1409 723 Τὰ

129 749 346 838 άναστάσιμα
367 750 562 838 καθίσματα
582 752 668 838 μετὰ
686 758 753 820 τῶν
766 752 948 842 έγκαινίων.
975 752 1019 824 Οί
1034 751 1230 843 άναβαθμσί
1244 766 1303 825 τοῦ
1316 749 1408 845 ἤχου.

130 855 205 922 Καὶ
233 855 283 935 τὸ,
311 853 545 942 Προκείμενον.
599 854 663 937 Τὸ,
690 861 794 925 Πᾶσα
819 855 919 945 πνοή.
973 857 1021 924 Τὸ
1049 854 1193 926 έωθινδν
1220 855 1411 948 εὐαγγέλιον

128 958 201 1023 κτλ.
230 953 249 1024 6
277 952 502 1041 άναστάσιμος
528 955 644 1038 κανων,
672 963 737 1024 τῶν
754 957 925 1045 ἒγκαινίων
946 960 1085 1028 καὶτοῦ
1106 955 1202 1047 ἁγίου
1224 967 1285 1049 τῆς
1303 967 1408 1049 μονῆς

129 1054 199 1125 άνὰ
221 1055 261 1125 δ’.
289 1054 359 1125 άπὸ
381 1055 420 1144 γ’.
448 1052 553 1145 ᾠδῆς,
586 1054 758 1126 κοντάκιον
784 1060 841 1128 καί
867 1054 967 1142 οἶκος,
999 1059 1043 1127 τὰ
1071 1055 1282 1146 άναστάσιμα
1306 1069 1407 1147 χῦμα.

127 1154 219 1229 Ελτα
240 1156 323 1247 ψάλ.
343 1158 498 1244 κάθισμα
524 1165 585 1226 τοῦ
606 1155 701 1245 ἁγίου
722 1160 780 1229 καί
800 1168 865 1229 τῶν
887 1157 1060 1249 έγκαινίων
1080 1157 1140 1251 ἀφ’
1163 1162 1267 1252 ἕκτης,
1288 1162 1407 1232 κοντά-

127 1272 206 1329 κιον
224 1259 282 1328 καί
303 1254 394 1342 οἶκος
414 1266 479 1328 τῶν
502 1258 674 1348 έγκαινίιυν
698 1260 757 1328 καί
776 1262 815 1329 τὸ
838 1260 1036 1350 συναξάριον
1056 1269 1118 1331 τοῦ
1138 1264 1224 1331 κατὰ
1243 1264 1302 1353 την
1323 1262 1407 1354 ἦμέ-

122 1388 193 1447 -ραν
215 1358 322 1449 ἁγίου.
342 1360 397 1431 Αί
416 1359 629 1447 καταβασίαι,
651 1362 710 1449 τῆς
729 1358 866 1451 ἡμέρας,
887 1361 907 1453 ἡ
923 1364 1116 1454 τιμιωτέρα,
1139 1364 1189 1445 τὸ,
1204 1362 1321 1454 ’Ἀγιος
1334 1364 1408 1435 Κά-

125 1489 215 1549 ριος.
233 1460 547 1551 Ἔξαποστειλάριον
569 1458 796 1548 άναστάσιμον
817 1472 877 1533 τοῦ
897 1462 993 1553 ἁγίου
1012 1465 1149 1533 καὶτῶν
1164 1465 1335 1555 έγκαινίων
1356 1468 1405 1545 τὸ,

127 1572 235 1635 Πᾶσα
255 1564 354 1653 πνοή.
390 1564 462 1633 Καί
482 1565 532 1645 τὸ,
552 1562 702 1634 Αἰνεῖτε.
738 1559 823 1633 Εἶτα
844 1568 1037 1655 κατέρχεται
1058 1565 1077 1636 6
1100 1564 1268 1656 ἀρχιερεὺς
1287 1570 1324 1638 έκ
1344 1575 1406 1639 τοῦ

126 1664 257 1755 θρόνου
284 1668 340 1736 καί
366 1663 498 1753 ἀντικρὺ
521 1663 624 1734 αὐτοῦ
644 1666 765 1748 έλθών,
794 1670 1042 1754 προτιθεμένου
1063 1666 1203 1738 πευκίου
1224 1670 1280 1738 καί
1301 1696 1406 1760 προς-

124 1767 326 1859 κεφαλαίου,
346 1768 460 1848 κλίνας
478 1767 521 1835 τὰ
541 1765 664 1856 γόνατα
684 1767 742 1835 καί
761 1767 897 1853 βλέπων
911 1771 996 1837 κατὰ
1010 1768 1175 1849 ἀνατολάς
1188 1768 1405 1860 ἀναγινώσκει

127 1872 190 1951 τὰς
211 1868 280 1937 δίω
301 1869 575 1956 προκαθαρτικὰς
596 1865 692 1952 εὐχὰς
712 1872 777 1935 τῶν
798 1866 979 1956 έγκαινίων.
1009 1869 1199 1939 Καλλίστου
1220 1879 1281 1940 τοῦ
1302 1871 1406 1960 ἁγιω-

125 1971 232 2041 τάτου
258 1970 474 2057 πατριάρχου,
502 1971 563 2050 τὰς
588 1971 657 2056 πρό
685 1976 743 2057 τῆς
771 1968 977 2050 ἀκολουθίας
1002 1978 1069 2039 τῶν
1096 1970 1267 2059 έγκαινίων
1294 1973 1329 2043 έν
1356 1979 1404 2063 τη”

124 2071 308 2162 είχολογίηι
328 2074 490 2159 κειμένας.
511 2066 597 2140 Εἶτα
617 2069 781 2156 λαμβάνει
800 2072 926 2159 καιρὸν,
950 2070 1141 2163 ψάλλοντος
1154 2081 1215 2141 τοῦ
1229 2072 1271 2143 α’.
1291 2082 1404 2167 χοροῦ,
1428 2142 1431 2147 .

133 2178 201 2245 Τόν
223 2173 389 2265 δεσπότην
408 2176 465 2243 καὶ
487 2171 650 2260 ἀρχιερέα.
673 2173 743 2241 Καί
765 2170 869 2253 αὖθί-ς
888 2173 967 2254 τοὺς
989 2172 1112 2256 οἴνους,
1136 2171 1346 2262 ἁναστάσιμα
1362 2176 1404 2245 δ’.

128 2279 272 2347 καὶτῶν
294 2273 464 2363 έγκαινίων
486 2272 526 2343 δ’.
549 2276 775 2359 δευτεροῦντες
788 2275 827 2343 τὸ
842 2273 884 2343 α’.
906 2274 1011 2357 Δόξα,
1033 2283 1094 2343 τοῦ
1106 2273 1228 2363 Ἁγίου.
1250 2277 1321 2346 Καὶ
1336 2285 1403 2361 νῦν,

128 2386 195 2449 τῶν
223 2372 394 2467 έγκαινίων
420 2378 581 2463 Δοξολογ.
608 2382 661 2443 Μ.
688 2376 744 2443 καί
772 2372 947 2456 ἀπόλυσις.
989 2372 1075 2445 Εἶτα
1101 2378 1144 2444 τὰ
1171 2384 1230 2468 τῆς
1255 2402 1404 2468 κηρομα-

124 2479 239 2573 στίχης
265 2478 337 2571 είδη
364 2484 405 2569 τῇ
430 2476 534 2567 χίτρηι
558 2475 737 2563 βάλλοντες
756 2477 914 2547 τιθέασιν
935 2474 1037 2568 αὐτὴν
1058 2478 1118 2546 ἐπί
1138 2486 1198 2547 τοῦ
1218 2480 1325 2567 πυρὸς
1345 2481 1403 2550 καί

123 2585 213 2669 μετὰ
232 2582 270 2651 τό
293 2583 496 2668 διαλυθῆναι
519 2576 613 2661 αὐτὰ,
635 2578 777 2671 πλησίον
798 2577 902 2649 πάλιν
926 2580 985 2668 τὴν
1004 2577 1125 2666 χύτραν
1146 2581 1321 2664 κατέχουσι
1341 2589 1403 2651 τοῦ

121 2683 245 2775 πυρός,
266 2685 321 2749 ἵνα
340 2683 386 2771 μὴ
409 2679 703 2771 ἁποψιχρανθῶσι
721 2683 765 2749 τὰ
786 2680 822 2750 έν
843 2678 942 2771 αἰτῇ·
965 2676 1120 2762 ὦςαίτως
1140 2683 1198 2753 καὶ
1214 2680 1331 2772 ἑτέραν
1342 2682 1403 2768 χά-

120 2812 207 2875 τραν
227 2787 429 2874 πληροῦντες
450 2782 581 2864 ὕδατος,
604 2784 843 2870 παρατιθέασι·
863 2787 910 2871 τῷ
932 2783 1016 2872 πυρί
1037 2782 1132 2865 ὅπως
1151 2792 1332 2876 θερμανθῇ
1353 2784 1402 2866 εἰς

122 2888 287 2959 έκπλυσιν
315 2892 374 2975 ιη’-ς
400 2884 500 2965 θείας
526 2886 705 2976 τραπέζης·
734 2879 807 2953 εἶτα
827 2887 1069 2971 περιδεσμοέσι
1090 2887 1132 2955 τὰ
1151 2885 1271 2971 χαρτία
1293 2886 1342 2966 είς
1361 2887 1401 2956 τὸ

119 2991 237 3076 χεῖλος
261 2994 323 3056 τοῦ
349 2985 469 3066 κίονος,
498 2985 579 3065 ἁίςτε
600 2988 723 3069 ἐξέχειν
745 2984 830 3054 αὐτὰ
851 2985 967 3054 ἐπάνω
989 2994 1048 3054 τοῦ
1067 2986 1198 3068 χείλους
1220 2986 1402 3067 δακτύλους

122 3089 197 3161 όάσι
217 3090 275 3159 καί
296 3085 547 3174 όναγεμίζοισιν
569 3086 697 3155 έλτωθεν
723 3087 780 3155 τὸν
800 3094 899 3174 γάρον
920 3094 985 3154 τῶν
1004 3084 1148 3172 χαρτίων
1167 3087 1211 3171 μέ
1231 3087 1271 3155 τὸ
1292 3113 1401 3174 τετρι-

119 3192 225 3279 μένον
245 3190 428 3281 μάρμαρον,
450 3189 505 3255 ἵνα
526 3189 571 3276 μη
594 3186 691 3279 ῥείση
713 3184 732 3276 ἦ
756 3185 976 3277 κηρομαστίχη
990 3187 1047 3254 καί
1061 3183 1196 3255 πάντων
1210 3194 1276 3255 τῶν
1291 3184 1400 3257 άλλων

118 3292 310 3381 ἀναγκαίων
330 3290 676 3380 προετοιμασθέντων,
699 3294 795 3358 ποιεῖ
816 3285 834 3356 6
857 3285 1025 3377 άρχιερείς
1045 3286 1230 3380 είλογητόν.
1252 3291 1324 3360 Καὶ
1344 3288 1400 3359 εό-

119 3396 193 3475 θδς
219 3395 269 3475 τὸ,
297 3393 402 3483 Κέριε
430 3389 622 3472 είςάκουσον
643 3397 702 3479 τηῗς
723 3397 905 3480 προςευχῆς
925 3416 1002 3479 μου.
1045 3385 1130 3459 Εἶτα
1151 3389 1277 3480 γίνεται
1296 3393 1400 3483 μικρὰ

117 3496 275 3585 συναπτι)
298 3496 392 3582 παρὰ
413 3500 474 3563 τοῦ
494 3489 649 3561 διάκονον
662 3485 736 3559 ”En
755 3493 813 3561 καί
834 3490 886 3561 ἔτι
900 3543 909 3561 .
925 3542 959 3561 ..
980 3492 1037 3560 καί
1057 3489 1077 3561 6
1099 3490 1267 3579 ἁρχιερεδς
1288 3492 1400 3583 ἐκφω-

120 3606 183 3681 νεῖ,
206 3596 257 3667 ὅτι
281 3596 376 3684 ἅγιος
398 3591 427 3664 ελ
448 3593 468 3663 6
491 3595 577 3673 Θεὸς
597 3591 700 3683 ἡμῶν.
724 3591 762 3661 Ὁ
785 3591 947 3674 διάκονος,
975 3600 1043 3661 Τοῦ
1064 3590 1189 3681 Κυρίου
1213 3595 1399 3683 δεηθῶμεν.

117 3700 160 3769 ‘0
183 3697 351 3787 άρχιερείς
371 3698 430 3786 την
451 3694 562 3783 εὐχήν·
584 3694 688 3783 Κύριε
708 3692 829 3776 ἁΘεὸς
848 3692 942 3784 ἡμῶν
955 3697 1022 3762 κτλ.
1044 3688 1139 3775 Εἶτα,
1161 3692 1285 3785 Εἰρήνη
1299 3704 1399 3779 πᾶσι,

120 3800 143 3873 6
166 3800 332 3880 διάκονος.
367 3802 436 3879 Τὰς
456 3796 606 3889 κεφαλὰς
625 3794 726 3883 ὑμῶν.
762 3797 832 3865 Καί
852 3798 911 3886 τὴν
932 3793 1027 3884 τέχην
1048 3794 1067 3865 6
1091 3793 1259 3885 ἀρχιερεὺς
1278 3822 1400 3883 μυστι-

118 3910 203 3982 κῶς·
225 3898 329 3988 Κίριε
349 3898 368 3970 6
394 3901 479 3981 Θεὸς
499 3898 601 3989 ἡμῶν,
623 3896 818 3985 πρεσβείαις
838 3906 898 3987 τῆς
920 3895 1016 3986 ἁγίας
1037 3896 1216 3988 δεσποίνης
1235 3901 1305 3967 κτλ.
1326 3901 1398 3969 Καὶ

118 4006 185 4095 τὴν
205 4001 399 4094 όκφιίνησιν.
439 3999 503 4092 Είή
524 4002 564 4071 τὸ
585 3995 714 4087 κράτος.
749 4000 820 4069 Καὶ
838 4000 924 4086 μετὰ
945 4000 1004 4089 την
1025 3999 1220 4090 ἐκηιίνησιν,
1244 3996 1333 4088 αίρει
1353 4000 1398 4069 τὰ

120 4104 205 4194 δ’τγια
232 4103 379 4195 λείψανα
406 4100 424 4171 6
453 4101 620 4192 άρχιερεές
646 4102 708 4170 έπί
733 4108 793 4191 τῆς
817 4104 966 4193 κεφαλῆς
987 4098 1090 4169 αι’·τοῦ
1109 4102 1195 4187 μετὰ
1216 4108 1276 4169 τοῦ
1298 4099 1396 4189 ἁγίου

121 4206 250 4287 δίσκου,
283 4207 584 4296 προπορευομένων
614 4211 680 4289 τῶν
712 4201 826 4292 ἱερέων
857 4204 942 4288 μετὰ
969 4210 1035 4271 τῶν
1062 4198 1160 4291 ἱερῶν
1187 4199 1395 4291 εὐαγγελίων,

119 4316 267 4398 σταυροῦ
281 4335 317 4376 τε
335 4308 390 4375 καί
406 4304 644 4395 ἑξαπτερόγων,
668 4305 753 4392 μετὰ
774 4302 961 4391 λαμπάδιον
980 4303 1037 4373 καί
1057 4310 1123 4373 τῶν
1142 4304 1283 4397 ψαλτῶν
1304 4306 1395 4395 ψαλ-

119 4408 247 4481 λόντων
274 4411 316 4478 τὰ
342 4405 521 4496 τροπάρια.
556 4407 670 4498 ’Ἀγιοι
698 4404 872 4495 μάρτυρες.
902 4403 997 4487 Δόξα
1017 4429 1083 4488 σοι,
1105 4404 1232 4493 Χριστέ
1253 4402 1272 4472 6
1297 4404 1394 4485 Θοός.

119 4512 195 4603 Καὶ
220 4509 413 4595 ἐξελθόντες
438 4514 500 4595 τοῦ
519 4517 603 4581 ναοῦ
623 4508 793 4599 ἐρχόμεθα
812 4506 965 4649 γάρρθεν
984 4503 1099 4597 αὐτοῦ.
1145 4504 1332 4585 Ψάλλοντος
1350 4502 1397 4599 τά
