<?xml version="1.0" encoding="UTF-8"?>
<!DOCTYPE html PUBLIC "-//W3C//DTD XHTML 1.0 Transitional//EN"
    "http://www.w3.org/TR/xhtml1/DTD/xhtml1-transitional.dtd">
<html xmlns="http://www.w3.org/1999/xhtml" xml:lang="en" lang="en">
 <head>
  <title>
</title>
<meta http-equiv="Content-Type" content="text/html;charset=utf-8" />
  <meta name='ocr-system' content='tesseract 3.04.00' />
  <meta name='ocr-capabilities' content='ocr_page ocr_carea ocr_par ocr_line ocrx_word'/>
</head>
<body>
  <div class='ocr_page' id='page_1' title='image "./codexliturgicus05danigoog_0028.png"; bbox 0 0 3044 4912; ppageno 0'>
   <div class='ocr_carea' id='block_1_1' title="bbox 672 224 719 299">
    <p class='ocr_par' dir='ltr' id='par_1_1' title="bbox 672 224 719 299">
     <span class='ocr_line' id='line_1_1' title="bbox 672 224 719 299; baseline 0 0"><span class='ocrx_word' id='word_1_1' title='bbox 672 224 719 299; x_wconf 73' lang='lat' dir='ltr'><strong><em>tt</em></strong></span> 
     </span>
    </p>
   </div>
   <div class='ocr_carea' id='block_1_2' title="bbox 10 398 1476 4473">
    <p class='ocr_par' dir='ltr' id='par_1_2' title="bbox 10 398 1476 4457">
     <span class='ocr_line' id='line_1_2' title="bbox 51 398 1334 527; baseline 0.003 -53"><span class='ocrx_word' id='word_1_2' title='bbox 51 407 150 486; x_wconf 87' lang='grc' dir='ltr'><strong><em>τιδες,</em></strong></span> <span class='ocrx_word' id='word_1_3' title='bbox 173 407 311 493; x_wconf 80' lang='grc' dir='ltr'><strong><em>πρῶται</em></strong></span> <span class='ocrx_word' id='word_1_4' title='bbox 332 406 453 473; x_wconf 82' lang='grc' dir='ltr'><strong><em>πασῶν</em></strong></span> <span class='ocrx_word' id='word_1_5' title='bbox 481 398 737 527; x_wconf 73' lang='grc' dir='ltr'><strong><em>στηκέτωσαν</em></strong></span> <span class='ocrx_word' id='word_1_6' title='bbox 715 431 735 501; x_wconf 90' lang='grc' dir='ltr'><strong><em>η</em></strong></span> <span class='ocrx_word' id='word_1_7' title='bbox 763 407 1033 487; x_wconf 85' lang='grc' dir='ltr'><strong><em>καθεζέσθωσαν.</em></strong></span> <span class='ocrx_word' id='word_1_8' title='bbox 1077 404 1181 475; x_wconf 77' lang='grc' dir='ltr'><strong><em>Ἔστω</em></strong></span> <span class='ocrx_word' id='word_1_9' title='bbox 1209 409 1246 477; x_wconf 76' lang='grc' dir='ltr'><strong><em>δὲ</em></strong></span> <span class='ocrx_word' id='word_1_10' title='bbox 1266 412 1334 479; x_wconf 75' lang='grc' dir='ltr'><strong><em>τῶν</em></strong></span> 
     </span>
     <span class='ocr_line' id='line_1_3' title="bbox 53 484 1333 629; baseline 0.004 -56"><span class='ocrx_word' id='word_1_11' title='bbox 53 508 209 575; x_wconf 82' lang='grc' dir='ltr'><strong><em>τόπων</em></strong></span> <span class='ocrx_word' id='word_1_12' title='bbox 197 508 354 593; x_wconf 78' lang='grc' dir='ltr'><strong><em>προνοῶν</em></strong></span> <span class='ocrx_word' id='word_1_13' title='bbox 382 499 402 572; x_wconf 91' lang='lat'><strong><em>5</em></strong></span> <span class='ocrx_word' id='word_1_14' title='bbox 420 484 595 629; x_wconf 77' lang='grc' dir='ltr'><strong><em>διόκρνος,</em></strong></span> <span class='ocrx_word' id='word_1_15' title='bbox 626 496 674 603; x_wconf 58' lang='grc' dir='ltr'><strong><em>λύ’</em></strong></span> <span class='ocrx_word' id='word_1_16' title='bbox 695 495 841 585; x_wconf 69' lang='grc' dir='ltr'><strong><em>ἕκαστος</em></strong></span> <span class='ocrx_word' id='word_1_17' title='bbox 867 509 934 574; x_wconf 84' lang='grc' dir='ltr'><strong><em>τῶν</em></strong></span> <span class='ocrx_word' id='word_1_18' title='bbox 956 507 1185 594; x_wconf 84' lang='grc' dir='ltr'><strong><em>εέςερχομένων</em></strong></span> <span class='ocrx_word' id='word_1_19' title='bbox 1207 508 1308 591; x_wconf 82' lang='grc' dir='ltr'><strong><em>είς</em></strong></span> <span class='ocrx_word' id='word_1_20' title='bbox 1274 535 1333 578; x_wconf 89' lang='grc' dir='ltr'><strong><em>τον</em></strong></span> 
     </span>
     <span class='ocr_line' id='line_1_4' title="bbox 10 602 1334 729; baseline 0.002 -52"><span class='ocrx_word' id='word_1_21' title='bbox 10 616 12 623; x_wconf 85' lang='grc'><strong>’</strong></span> <span class='ocrx_word' id='word_1_22' title='bbox 55 611 140 677; x_wconf 76' lang='grc' dir='ltr'><strong><em>ἴδιον</em></strong></span> <span class='ocrx_word' id='word_1_23' title='bbox 162 607 273 675; x_wconf 86' lang='grc' dir='ltr'><strong><em>τόπον</em></strong></span> <span class='ocrx_word' id='word_1_24' title='bbox 295 602 384 696; x_wconf 78' lang='grc' dir='ltr'><strong><em>ὁρμᾷ</em></strong></span> <span class='ocrx_word' id='word_1_25' title='bbox 403 604 460 674; x_wconf 80' lang='grc' dir='ltr'><strong><em>καί</em></strong></span> <span class='ocrx_word' id='word_1_26' title='bbox 478 606 524 729; x_wconf 80' lang='grc' dir='ltr'><strong><em>μή</em></strong></span> <span class='ocrx_word' id='word_1_27' title='bbox 545 604 642 694; x_wconf 79' lang='grc' dir='ltr'><strong><em>παρὰ</em></strong></span> <span class='ocrx_word' id='word_1_28' title='bbox 660 606 700 675; x_wconf 84' lang='grc' dir='ltr'><strong><em>τὸ</em></strong></span> <span class='ocrx_word' id='word_1_29' title='bbox 723 606 885 695; x_wconf 83' lang='grc' dir='ltr'><strong><em>ίντρόϊτον</em></strong></span> <span class='ocrx_word' id='word_1_30' title='bbox 906 609 1121 691; x_wconf 70' lang='grc' dir='ltr'><strong><em>καθέζωνται.</em></strong></span> <span class='ocrx_word' id='word_1_31' title='bbox 1151 607 1334 696; x_wconf 88' lang='grc' dir='ltr'><strong><em>Ὁμοίωςό</em></strong></span> 
     </span>
     <span class='ocr_line' id='line_1_5' title="bbox 57 704 1336 804; baseline 0.002 -26"><span class='ocrx_word' id='word_1_32' title='bbox 57 711 211 790; x_wconf 85' lang='grc' dir='ltr'><strong><em>διάκονος</em></strong></span> <span class='ocrx_word' id='word_1_33' title='bbox 233 706 516 777; x_wconf 73' lang='grc' dir='ltr'><strong><em>ἐπισκοπείτω</em></strong></span> <span class='ocrx_word' id='word_1_34' title='bbox 481 732 541 778; x_wconf 89' lang='grc' dir='ltr'><strong><em>τον</em></strong></span> <span class='ocrx_word' id='word_1_35' title='bbox 566 704 695 778; x_wconf 74' lang='grc' dir='ltr'><strong><em>λαὸν”</em></strong></span> <span class='ocrx_word' id='word_1_36' title='bbox 675 733 770 791; x_wconf 85' lang='grc' dir='ltr'><strong><em>οπως</em></strong></span> <span class='ocrx_word' id='word_1_37' title='bbox 795 709 894 798; x_wconf 89' lang='grc' dir='ltr'><strong><em>μήτις</em></strong></span> <span class='ocrx_word' id='word_1_38' title='bbox 918 706 1130 800; x_wconf 78' lang='grc' dir='ltr'><strong><em>ψιθυρίση’“</em></strong></span> <span class='ocrx_word' id='word_1_39' title='bbox 1108 739 1128 799; x_wconf 92' lang='grc' dir='ltr'><strong><em>η</em></strong></span> <span class='ocrx_word' id='word_1_40' title='bbox 1151 707 1336 802; x_wconf 79' lang='grc' dir='ltr'><strong><em>νυσταξη</em></strong></span> <span class='ocrx_word' id='word_1_41' title='bbox 1312 740 1333 804; x_wconf 90' lang='grc' dir='ltr'><strong><em>η</em></strong></span> 
     </span>
     <span class='ocr_line' id='line_1_6' title="bbox 57 804 1335 901; baseline 0.004 -21"><span class='ocrx_word' id='word_1_42' title='bbox 57 804 215 901; x_wconf 76' lang='grc' dir='ltr'><strong><em>γελάσῃ</em></strong></span> <span class='ocrx_word' id='word_1_43' title='bbox 191 838 213 898; x_wconf 85' lang='grc' dir='ltr'><strong><em>η</em></strong></span> <span class='ocrx_word' id='word_1_44' title='bbox 228 809 343 899; x_wconf 87' lang='grc' dir='ltr'><strong><em>νεύση·</em></strong></span> <span class='ocrx_word' id='word_1_45' title='bbox 363 809 424 897; x_wconf 87' lang='grc' dir='ltr'><strong><em>χρὴ</em></strong></span> <span class='ocrx_word' id='word_1_46' title='bbox 444 810 505 898; x_wconf 85' lang='grc' dir='ltr'><strong><em>γὰρ</em></strong></span> <span class='ocrx_word' id='word_1_47' title='bbox 528 810 562 878; x_wconf 88' lang='grc' dir='ltr'><strong><em>ἐν</em></strong></span> <span class='ocrx_word' id='word_1_48' title='bbox 585 811 737 899; x_wconf 75' lang='grc' dir='ltr'><strong><em>ἐκκλησίᾳ</em></strong></span> <span class='ocrx_word' id='word_1_49' title='bbox 760 810 989 899; x_wconf 80' lang='grc' dir='ltr'><strong><em>ἐπιστημόνως</em></strong></span> <span class='ocrx_word' id='word_1_50' title='bbox 1010 815 1062 880; x_wconf 82' lang='grc' dir='ltr'><strong><em>καὶ</em></strong></span> <span class='ocrx_word' id='word_1_51' title='bbox 1087 816 1258 901; x_wconf 85' lang='grc' dir='ltr'><strong><em>νηφαλέως</em></strong></span> <span class='ocrx_word' id='word_1_52' title='bbox 1278 819 1335 885; x_wconf 87' lang='grc' dir='ltr'><strong><em>καλ</em></strong></span> 
     </span>
     <span class='ocr_line' id='line_1_7' title="bbox 59 908 1335 1003; baseline 0.003 -22"><span class='ocrx_word' id='word_1_53' title='bbox 59 912 281 1003; x_wconf 69' lang='grc' dir='ltr'><strong><em>ἐγρηγορότως</em></strong></span> <span class='ocrx_word' id='word_1_54' title='bbox 303 910 440 981; x_wconf 75' lang='grc' dir='ltr'><strong><em>ἑστάναι</em></strong></span> <span class='ocrx_word' id='word_1_55' title='bbox 460 911 671 1001; x_wconf 79' lang='grc' dir='ltr'><strong><em>ἐντεταμένην</em></strong></span> <span class='ocrx_word' id='word_1_56' title='bbox 704 912 818 997; x_wconf 74' lang='grc' dir='ltr'><strong><em>έχοντα</em></strong></span> <span class='ocrx_word' id='word_1_57' title='bbox 839 911 897 999; x_wconf 83' lang='grc' dir='ltr'><strong><em>τήν</em></strong></span> <span class='ocrx_word' id='word_1_58' title='bbox 919 908 1018 999; x_wconf 84' lang='grc' dir='ltr'><strong><em>ἀκοήν</em></strong></span> <span class='ocrx_word' id='word_1_59' title='bbox 1040 912 1097 980; x_wconf 81' lang='grc' dir='ltr'><strong><em>ἐπὶ</em></strong></span> <span class='ocrx_word' id='word_1_60' title='bbox 1119 914 1176 982; x_wconf 88' lang='grc' dir='ltr'><strong><em>τὸν</em></strong></span> <span class='ocrx_word' id='word_1_61' title='bbox 1197 920 1258 983; x_wconf 79' lang='grc' dir='ltr'><strong><em>τοῦ</em></strong></span> <span class='ocrx_word' id='word_1_62' title='bbox 1277 943 1335 985; x_wconf 88' lang='grc' dir='ltr'><strong><em>κυ·</em></strong></span> 
     </span>
     <span class='ocr_line' id='line_1_8' title="bbox 57 1009 1333 1103; baseline 0.002 -20"><span class='ocrx_word' id='word_1_63' title='bbox 57 1024 126 1102; x_wconf 90' lang='grc' dir='ltr'><strong><em>ρίου</em></strong></span> <span class='ocrx_word' id='word_1_64' title='bbox 147 1012 260 1103; x_wconf 86' lang='grc' dir='ltr'><strong><em>λόγον.</em></strong></span> <span class='ocrx_word' id='word_1_65' title='bbox 295 1020 324 1082; x_wconf 81' lang='grc'><strong><em>7.</em></strong></span> <span class='ocrx_word' id='word_1_66' title='bbox 347 1015 415 1080; x_wconf 79' lang='grc' dir='ltr'><strong><em>Καὶ</em></strong></span> <span class='ocrx_word' id='word_1_67' title='bbox 436 1013 521 1100; x_wconf 81' lang='grc' dir='ltr'><strong><em>μετὰ</em></strong></span> <span class='ocrx_word' id='word_1_68' title='bbox 540 1018 639 1081; x_wconf 82' lang='grc' dir='ltr'><strong><em>τοῦτο</em></strong></span> <span class='ocrx_word' id='word_1_69' title='bbox 661 1013 848 1102; x_wconf 82' lang='grc' dir='ltr'><strong><em>συμφώνως</em></strong></span> <span class='ocrx_word' id='word_1_70' title='bbox 863 1009 1014 1103; x_wconf 81' lang='grc' dir='ltr'><strong><em>όίπαντεςΙ</em></strong></span> <span class='ocrx_word' id='word_1_71' title='bbox 1023 1014 1257 1097; x_wconf 83' lang='grc' dir='ltr'><strong><em>ἐξαναστάντες</em></strong></span> <span class='ocrx_word' id='word_1_72' title='bbox 1278 1021 1333 1086; x_wconf 81' lang='grc' dir='ltr'><strong><em>καί</em></strong></span> 
     </span>
     <span class='ocr_line' id='line_1_9' title="bbox 60 1111 1334 1206; baseline 0.003 -22"><span class='ocrx_word' id='word_1_73' title='bbox 60 1112 112 1184; x_wconf 79' lang='grc' dir='ltr'><strong><em>ἐπ’</em></strong></span> <span class='ocrx_word' id='word_1_74' title='bbox 136 1111 304 1195; x_wconf 84' lang='grc' dir='ltr'><strong><em>ἀνατολὰς</em></strong></span> <span class='ocrx_word' id='word_1_75' title='bbox 335 1115 594 1201; x_wconf 79' lang='grc' dir='ltr'><strong><em>κατανοήσαντες</em></strong></span> <span class='ocrx_word' id='word_1_76' title='bbox 623 1115 707 1201; x_wconf 84' lang='grc' dir='ltr'><strong><em>μετὰ</em></strong></span> <span class='ocrx_word' id='word_1_77' title='bbox 738 1114 797 1203; x_wconf 86' lang='grc' dir='ltr'><strong><em>τήν</em></strong></span> <span class='ocrx_word' id='word_1_78' title='bbox 825 1118 891 1182; x_wconf 87' lang='grc' dir='ltr'><strong><em>τῶν</em></strong></span> <span class='ocrx_word' id='word_1_79' title='bbox 919 1122 1165 1203; x_wconf 86' lang='grc' dir='ltr'><strong><em>κατηχουμένων</em></strong></span> <span class='ocrx_word' id='word_1_80' title='bbox 1193 1121 1248 1185; x_wconf 84' lang='grc' dir='ltr'><strong><em>καί</em></strong></span> <span class='ocrx_word' id='word_1_81' title='bbox 1275 1119 1334 1206; x_wconf 87' lang='grc' dir='ltr'><strong><em>τήν</em></strong></span> 
     </span>
     <span class='ocr_line' id='line_1_10' title="bbox 59 1215 1334 1308; baseline 0.002 -22"><span class='ocrx_word' id='word_1_82' title='bbox 59 1222 127 1303; x_wconf 57' lang='lat' dir='ltr'><strong><em>tir·</em></strong></span> <span class='ocrx_word' id='word_1_83' title='bbox 138 1215 391 1304; x_wconf 72' lang='grc' dir='ltr'><strong><em>μετανοούντων</em></strong></span> <span class='ocrx_word' id='word_1_84' title='bbox 412 1216 525 1298; x_wconf 73' lang='grc' dir='ltr'><strong><em>ἔξοδον</em></strong></span> <span class='ocrx_word' id='word_1_85' title='bbox 547 1215 851 1305; x_wconf 86' lang='grc' dir='ltr'><strong><em>πρόςευξάσθωσαν</em></strong></span> <span class='ocrx_word' id='word_1_86' title='bbox 871 1219 919 1304; x_wconf 78' lang='grc' dir='ltr'><strong><em>τῷ</em></strong></span> <span class='ocrx_word' id='word_1_87' title='bbox 940 1220 1023 1305; x_wconf 77' lang='grc' dir='ltr'><strong><em>θεῷ,</em></strong></span> <span class='ocrx_word' id='word_1_88' title='bbox 1052 1221 1100 1306; x_wconf 78' lang='grc' dir='ltr'><strong><em>τῷ</em></strong></span> <span class='ocrx_word' id='word_1_89' title='bbox 1122 1217 1334 1308; x_wconf 78' lang='grc' dir='ltr'><strong><em>έπιβεβηκότι</em></strong></span> 
     </span>
     <span class='ocr_line' id='line_1_11' title="bbox 10 1311 1335 1408; baseline 0.002 -20"><span class='ocrx_word' id='word_1_90' title='bbox 10 1313 12 1343; x_wconf 72' lang='lat'><strong>³</strong></span> <span class='ocrx_word' id='word_1_91' title='bbox 60 1320 111 1388; x_wconf 78' lang='grc' dir='ltr'><strong><em>ἐπὶ</em></strong></span> <span class='ocrx_word' id='word_1_92' title='bbox 132 1318 193 1388; x_wconf 90' lang='grc' dir='ltr'><strong><em>τόν</em></strong></span> <span class='ocrx_word' id='word_1_93' title='bbox 222 1316 364 1405; x_wconf 80' lang='grc' dir='ltr'><strong><em>ούρανον</em></strong></span> <span class='ocrx_word' id='word_1_94' title='bbox 389 1321 449 1387; x_wconf 83' lang='grc' dir='ltr'><strong><em>τοῦ</em></strong></span> <span class='ocrx_word' id='word_1_95' title='bbox 477 1313 632 1407; x_wconf 82' lang='grc' dir='ltr'><strong><em>οὖράνου,</em></strong></span> <span class='ocrx_word' id='word_1_96' title='bbox 666 1317 749 1385; x_wconf 84' lang='grc' dir='ltr'><strong><em>κατὰ</em></strong></span> <span class='ocrx_word' id='word_1_97' title='bbox 780 1311 944 1397; x_wconf 87' lang='grc' dir='ltr'><strong><em>ἀνατολὰς</em></strong></span> <span class='ocrx_word' id='word_1_98' title='bbox 970 1322 1031 1394; x_wconf 80' lang='lat' dir='ltr'>(Ps.</span> <span class='ocrx_word' id='word_1_99' title='bbox 1055 1325 1106 1398; x_wconf 88' lang='grc'><strong><em>68,</em></strong></span> <span class='ocrx_word' id='word_1_100' title='bbox 1127 1326 1181 1401; x_wconf 78' lang='grc'><strong><em>34)</em></strong></span> <span class='ocrx_word' id='word_1_101' title='bbox 1209 1316 1335 1408; x_wconf 61' lang='grc' dir='ltr'><strong><em>ύπομν</em></strong></span> 
     </span>
     <span class='ocr_line' id='line_1_12' title="bbox 60 1415 1334 1510; baseline 0.003 -21"><span class='ocrx_word' id='word_1_102' title='bbox 60 1421 280 1509; x_wconf 81' lang='grc' dir='ltr'><strong><em>μνησκόμενοι</em></strong></span> <span class='ocrx_word' id='word_1_103' title='bbox 300 1419 435 1507; x_wconf 82' lang='grc' dir='ltr'><strong><em>καὶτῆς</em></strong></span> <span class='ocrx_word' id='word_1_104' title='bbox 457 1417 594 1508; x_wconf 79' lang='grc' dir='ltr'><strong><em>ἀρχαίας</em></strong></span> <span class='ocrx_word' id='word_1_105' title='bbox 615 1423 717 1507; x_wconf 84' lang='grc' dir='ltr'><strong><em>νομής</em></strong></span> <span class='ocrx_word' id='word_1_106' title='bbox 737 1423 796 1487; x_wconf 86' lang='grc' dir='ltr'><strong><em>τοῦ</em></strong></span> <span class='ocrx_word' id='word_1_107' title='bbox 818 1418 901 1487; x_wconf 85' lang='grc' dir='ltr'><strong><em>κατὰ</em></strong></span> <span class='ocrx_word' id='word_1_108' title='bbox 928 1415 1091 1500; x_wconf 84' lang='grc' dir='ltr'><strong><em>ἀνατολὰς</em></strong></span> <span class='ocrx_word' id='word_1_109' title='bbox 1116 1423 1334 1510; x_wconf 80' lang='grc' dir='ltr'><strong><em>παραδείσου,</em></strong></span> 
     </span>
     <span class='ocr_line' id='line_1_13' title="bbox 61 1517 1335 1615; baseline 0.002 -24"><span class='ocrx_word' id='word_1_110' title='bbox 61 1519 139 1591; x_wconf 86' lang='grc' dir='ltr'><strong><em>ύθεν</em></strong></span> <span class='ocrx_word' id='word_1_111' title='bbox 162 1517 182 1589; x_wconf 87' lang='lat'><strong><em>5</em></strong></span> <span class='ocrx_word' id='word_1_112' title='bbox 204 1524 341 1610; x_wconf 80' lang='grc' dir='ltr'><strong><em>πρῶτος</em></strong></span> <span class='ocrx_word' id='word_1_113' title='bbox 362 1517 546 1607; x_wconf 81' lang='grc' dir='ltr'><strong><em>ἄνθρωπος</em></strong></span> <span class='ocrx_word' id='word_1_114' title='bbox 567 1517 741 1608; x_wconf 86' lang='grc' dir='ltr'><strong><em>ἀθετήσας,</em></strong></span> <span class='ocrx_word' id='word_1_115' title='bbox 762 1521 821 1609; x_wconf 85' lang='grc' dir='ltr'><strong><em>τὴν</em></strong></span> <span class='ocrx_word' id='word_1_116' title='bbox 849 1521 981 1608; x_wconf 85' lang='grc' dir='ltr'><strong><em>ἐντολὴν</em></strong></span> <span class='ocrx_word' id='word_1_117' title='bbox 1009 1520 1119 1610; x_wconf 79' lang='grc' dir='ltr'><strong><em>ὄφεως</em></strong></span> <span class='ocrx_word' id='word_1_118' title='bbox 1150 1528 1335 1615; x_wconf 68' lang='grc' dir='ltr'><strong><em>συμβουλίᾳ</em></strong></span> 
     </span>
     <span class='ocr_line' id='line_1_14' title="bbox 59 1617 1334 1712; baseline 0.002 -19"><span class='ocrx_word' id='word_1_119' title='bbox 59 1626 215 1704; x_wconf 82' lang='grc' dir='ltr'><strong><em>πεισθείς</em></strong></span> <span class='ocrx_word' id='word_1_120' title='bbox 236 1617 425 1712; x_wconf 79' lang='grc' dir='ltr'><strong><em>ἀπεβλήθη.</em></strong></span> <span class='ocrx_word' id='word_1_121' title='bbox 470 1629 499 1693; x_wconf 89' lang='grc'><strong><em>8.</em></strong></span> <span class='ocrx_word' id='word_1_122' title='bbox 526 1625 569 1692; x_wconf 79' lang='lat'><strong><em>05</em></strong></span> <span class='ocrx_word' id='word_1_123' title='bbox 592 1624 628 1691; x_wconf 79' lang='grc' dir='ltr'><strong><em>δὲ</em></strong></span> <span class='ocrx_word' id='word_1_124' title='bbox 650 1622 799 1691; x_wconf 88' lang='grc' dir='ltr'><strong><em>διάκονοι</em></strong></span> <span class='ocrx_word' id='word_1_125' title='bbox 819 1623 903 1709; x_wconf 85' lang='grc' dir='ltr'><strong><em>μετά</em></strong></span> <span class='ocrx_word' id='word_1_126' title='bbox 923 1623 982 1711; x_wconf 84' lang='grc' dir='ltr'><strong><em>τήν</em></strong></span> <span class='ocrx_word' id='word_1_127' title='bbox 1003 1624 1192 1711; x_wconf 82' lang='grc' dir='ltr'><strong><em>προςευχήν,</em></strong></span> <span class='ocrx_word' id='word_1_128' title='bbox 1219 1627 1253 1693; x_wconf 87' lang='grc' dir='ltr'><strong><em>οί</em></strong></span> <span class='ocrx_word' id='word_1_129' title='bbox 1273 1628 1334 1712; x_wconf 78' lang='grc' dir='ltr'><strong><em>μέν</em></strong></span> 
     </span>
     <span class='ocr_line' id='line_1_15' title="bbox 58 1716 1476 1814; baseline 0.002 -21"><span class='ocrx_word' id='word_1_130' title='bbox 58 1729 297 1814; x_wconf 80' lang='grc' dir='ltr'><strong><em>τῇπροςφορᾷ</em></strong></span> <span class='ocrx_word' id='word_1_131' title='bbox 318 1728 377 1811; x_wconf 84' lang='grc' dir='ltr'><strong><em>τῆς</em></strong></span> <span class='ocrx_word' id='word_1_132' title='bbox 398 1719 606 1812; x_wconf 74' lang='grc' dir='ltr'><strong><em>εὐχαριστίας</em></strong></span> <span class='ocrx_word' id='word_1_133' title='bbox 632 1725 895 1810; x_wconf 79' lang='grc' dir='ltr'><strong><em>οχολαζέτωσαν,</em></strong></span> <span class='ocrx_word' id='word_1_134' title='bbox 923 1722 1183 1813; x_wconf 84' lang='grc' dir='ltr'><strong><em>ύπηρετούμενοι</em></strong></span> <span class='ocrx_word' id='word_1_135' title='bbox 1203 1730 1251 1814; x_wconf 80' lang='grc' dir='ltr'><strong><em>τῷ</em></strong></span> <span class='ocrx_word' id='word_1_136' title='bbox 1271 1730 1334 1796; x_wconf 76' lang='grc' dir='ltr'><strong><em>τοῦ</em></strong></span> <span class='ocrx_word' id='word_1_137' title='bbox 1460 1716 1476 1737; x_wconf 70' lang='grc'><em>”</em></span> 
     </span>
     <span class='ocr_line' id='line_1_16' title="bbox 58 1824 1333 1915; baseline 0.003 -21"><span class='ocrx_word' id='word_1_138' title='bbox 58 1835 166 1914; x_wconf 83' lang='grc' dir='ltr'><strong><em>κυρίου</em></strong></span> <span class='ocrx_word' id='word_1_139' title='bbox 190 1827 325 1912; x_wconf 80' lang='grc' dir='ltr'><strong><em>σώματι</em></strong></span> <span class='ocrx_word' id='word_1_140' title='bbox 343 1826 428 1912; x_wconf 83' lang='grc' dir='ltr'><strong><em>μετὰ</em></strong></span> <span class='ocrx_word' id='word_1_141' title='bbox 450 1826 573 1915; x_wconf 80' lang='grc' dir='ltr'><strong><em>φόβου,</em></strong></span> <span class='ocrx_word' id='word_1_142' title='bbox 608 1828 642 1894; x_wconf 79' lang='grc' dir='ltr'><strong><em>οἱ</em></strong></span> <span class='ocrx_word' id='word_1_143' title='bbox 671 1828 707 1894; x_wconf 78' lang='grc' dir='ltr'><strong><em>δέ</em></strong></span> <span class='ocrx_word' id='word_1_144' title='bbox 727 1827 805 1907; x_wconf 84' lang='grc' dir='ltr'><strong><em>τοὺς</em></strong></span> <span class='ocrx_word' id='word_1_145' title='bbox 833 1825 949 1910; x_wconf 78' lang='grc' dir='ltr'><strong><em>ὄχλους</em></strong></span> <span class='ocrx_word' id='word_1_146' title='bbox 971 1824 1256 1897; x_wconf 86' lang='grc' dir='ltr'><strong><em>διασκοπείτωσαν</em></strong></span> <span class='ocrx_word' id='word_1_147' title='bbox 1277 1833 1333 1898; x_wconf 87' lang='grc' dir='ltr'><strong><em>καλ</em></strong></span> 
     </span>
     <span class='ocr_line' id='line_1_17' title="bbox 57 1923 1335 2018; baseline 0.002 -22"><span class='ocrx_word' id='word_1_148' title='bbox 57 1925 192 2017; x_wconf 82' lang='grc' dir='ltr'><strong><em>ήσυχίαν</em></strong></span> <span class='ocrx_word' id='word_1_149' title='bbox 214 1923 331 2009; x_wconf 81' lang='grc' dir='ltr'><strong><em>αύτοῒς</em></strong></span> <span class='ocrx_word' id='word_1_150' title='bbox 351 1927 604 2016; x_wconf 79' lang='grc' dir='ltr'><strong><em>ἐμποιείτωσαν.</em></strong></span> <span class='ocrx_word' id='word_1_151' title='bbox 647 1935 787 2016; x_wconf 84' lang='grc' dir='ltr'><strong><em>Λεγέτω</em></strong></span> <span class='ocrx_word' id='word_1_152' title='bbox 816 1930 853 1996; x_wconf 79' lang='grc' dir='ltr'><strong><em>δέ</em></strong></span> <span class='ocrx_word' id='word_1_153' title='bbox 882 1924 900 1994; x_wconf 91' lang='lat'><strong><em>5</em></strong></span> <span class='ocrx_word' id='word_1_154' title='bbox 921 1930 1094 2014; x_wconf 80' lang='grc' dir='ltr'><strong><em>προεστὼς</em></strong></span> <span class='ocrx_word' id='word_1_155' title='bbox 1120 1933 1168 2018; x_wconf 80' lang='grc' dir='ltr'><strong><em>τῷ</em></strong></span> <span class='ocrx_word' id='word_1_156' title='bbox 1190 1925 1335 2017; x_wconf 75' lang='grc' dir='ltr'><strong><em>ἀρχιερεῖ</em></strong></span> 
     </span>
     <span class='ocr_line' id='line_1_18' title="bbox 60 2026 1333 2119; baseline 0.002 -22"><span class='ocrx_word' id='word_1_157' title='bbox 60 2030 212 2111; x_wconf 83' lang='grc' dir='ltr'><strong><em>διάκονος</em></strong></span> <span class='ocrx_word' id='word_1_158' title='bbox 232 2034 280 2118; x_wconf 79' lang='grc' dir='ltr'><strong><em>τῷ</em></strong></span> <span class='ocrx_word' id='word_1_159' title='bbox 302 2032 373 2118; x_wconf 77' lang='grc' dir='ltr'><strong><em>λαῷ</em></strong></span> <span class='ocrx_word' id='word_1_160' title='bbox 394 2031 439 2119; x_wconf 89' lang='grc' dir='ltr'><strong><em>μή</em></strong></span> <span class='ocrx_word' id='word_1_161' title='bbox 454 2056 506 2111; x_wconf 88' lang='grc' dir='ltr'><strong><em>τις</em></strong></span> <span class='ocrx_word' id='word_1_162' title='bbox 518 2029 602 2098; x_wconf 88' lang='grc' dir='ltr'><strong><em>κατά</em></strong></span> <span class='ocrx_word' id='word_1_163' title='bbox 615 2051 721 2110; x_wconf 89' lang='grc' dir='ltr'><strong><em>τινος·</em></strong></span> <span class='ocrx_word' id='word_1_164' title='bbox 743 2029 787 2115; x_wconf 91' lang='grc' dir='ltr'><strong><em>μή</em></strong></span> <span class='ocrx_word' id='word_1_165' title='bbox 802 2055 854 2109; x_wconf 89' lang='grc' dir='ltr'><strong><em>τις</em></strong></span> <span class='ocrx_word' id='word_1_166' title='bbox 869 2030 903 2097; x_wconf 82' lang='grc' dir='ltr'><strong><em>έν</em></strong></span> <span class='ocrx_word' id='word_1_167' title='bbox 917 2026 1107 2117; x_wconf 77' lang='grc' dir='ltr'><strong><em>ἀποκρίσει·</em></strong></span> <span class='ocrx_word' id='word_1_168' title='bbox 1136 2037 1164 2098; x_wconf 86' lang='grc'><strong><em>9.</em></strong></span> <span class='ocrx_word' id='word_1_169' title='bbox 1180 2027 1264 2098; x_wconf 78' lang='grc' dir='ltr'><strong><em>Εἶτα</em></strong></span> <span class='ocrx_word' id='word_1_170' title='bbox 1277 2035 1333 2100; x_wconf 86' lang='grc' dir='ltr'><strong><em>καλ</em></strong></span> 
     </span>
     <span class='ocr_line' id='line_1_19' title="bbox 58 2127 1332 2222; baseline 0.002 -24"><span class='ocrx_word' id='word_1_171' title='bbox 58 2129 329 2213; x_wconf 84' lang='grc' dir='ltr'><strong><em>ἀσπαζέσθωσαν</em></strong></span> <span class='ocrx_word' id='word_1_172' title='bbox 345 2127 506 2220; x_wconf 83' lang='grc' dir='ltr'><strong><em>ἀλλήλους</em></strong></span> <span class='ocrx_word' id='word_1_173' title='bbox 521 2133 553 2199; x_wconf 80' lang='lat' dir='ltr'><strong><em>ot</em></strong></span> <span class='ocrx_word' id='word_1_174' title='bbox 569 2131 685 2218; x_wconf 81' lang='grc' dir='ltr'><strong><em>ἀνδρες</em></strong></span> <span class='ocrx_word' id='word_1_175' title='bbox 698 2130 755 2199; x_wconf 82' lang='grc' dir='ltr'><strong><em>καὶ</em></strong></span> <span class='ocrx_word' id='word_1_176' title='bbox 769 2127 911 2217; x_wconf 82' lang='grc' dir='ltr'><strong><em>ἀλλήλας</em></strong></span> <span class='ocrx_word' id='word_1_177' title='bbox 926 2130 961 2198; x_wconf 79' lang='grc' dir='ltr'><strong><em>αἱ</em></strong></span> <span class='ocrx_word' id='word_1_178' title='bbox 975 2142 1124 2217; x_wconf 74' lang='grc' dir='ltr'><strong><em>γυναῖκες</em></strong></span> <span class='ocrx_word' id='word_1_179' title='bbox 1137 2131 1176 2198; x_wconf 88' lang='grc' dir='ltr'><strong><em>τὸ</em></strong></span> <span class='ocrx_word' id='word_1_180' title='bbox 1187 2132 1221 2200; x_wconf 82' lang='grc' dir='ltr'><strong><em>ἐν</em></strong></span> <span class='ocrx_word' id='word_1_181' title='bbox 1231 2140 1332 2222; x_wconf 85' lang='grc' dir='ltr'><strong><em>κυρίῳ</em></strong></span> 
     </span>
     <span class='ocr_line' id='line_1_20' title="bbox 59 2228 1330 2323; baseline 0.002 -23"><span class='ocrx_word' id='word_1_182' title='bbox 59 2236 203 2323; x_wconf 80' lang='grc' dir='ltr'><strong><em>φίλημα,</em></strong></span> <span class='ocrx_word' id='word_1_183' title='bbox 219 2228 299 2300; x_wconf 85' lang='grc' dir='ltr'><strong><em>ἀλλὰ</em></strong></span> <span class='ocrx_word' id='word_1_184' title='bbox 311 2231 356 2320; x_wconf 89' lang='grc' dir='ltr'><strong><em>μή</em></strong></span> <span class='ocrx_word' id='word_1_185' title='bbox 372 2259 423 2313; x_wconf 87' lang='grc' dir='ltr'><strong><em>τις</em></strong></span> <span class='ocrx_word' id='word_1_186' title='bbox 439 2233 558 2313; x_wconf 79' lang='grc' dir='ltr'><strong><em>δολίως</em></strong></span> <span class='ocrx_word' id='word_1_187' title='bbox 572 2228 617 2313; x_wconf 82' lang='grc' dir='ltr'><strong><em>ιύς</em></strong></span> <span class='ocrx_word' id='word_1_188' title='bbox 628 2228 750 2312; x_wconf 76' lang='grc' dir='ltr'><strong><em>Ἰούδας</em></strong></span> <span class='ocrx_word' id='word_1_189' title='bbox 763 2231 821 2301; x_wconf 87' lang='grc' dir='ltr'><strong><em>τὸν</em></strong></span> <span class='ocrx_word' id='word_1_190' title='bbox 835 2230 946 2323; x_wconf 80' lang='grc' dir='ltr'><strong><em>κύριον</em></strong></span> <span class='ocrx_word' id='word_1_191' title='bbox 969 2231 1131 2320; x_wconf 84' lang='grc' dir='ltr'><strong><em>φιλήματι</em></strong></span> <span class='ocrx_word' id='word_1_192' title='bbox 1149 2235 1330 2320; x_wconf 87' lang='grc' dir='ltr'><strong><em>παρέδωκε.</em></strong></span> 
     </span>
     <span class='ocr_line' id='line_1_21' title="bbox 60 2329 1333 2425; baseline 0.001 -23"><span class='ocrx_word' id='word_1_193' title='bbox 60 2342 111 2403; x_wconf 86' lang='grc'><strong><em>10.</em></strong></span> <span class='ocrx_word' id='word_1_194' title='bbox 120 2336 191 2400; x_wconf 79' lang='grc' dir='ltr'><strong><em>Καὶ</em></strong></span> <span class='ocrx_word' id='word_1_195' title='bbox 205 2335 285 2418; x_wconf 85' lang='grc' dir='ltr'><strong><em>μετά</em></strong></span> <span class='ocrx_word' id='word_1_196' title='bbox 297 2338 397 2403; x_wconf 82' lang='grc' dir='ltr'><strong><em>τοῦτο</em></strong></span> <span class='ocrx_word' id='word_1_197' title='bbox 412 2341 648 2421; x_wconf 85' lang='grc' dir='ltr'><strong><em>προςευχέσθω</em></strong></span> <span class='ocrx_word' id='word_1_198' title='bbox 660 2331 678 2401; x_wconf 91' lang='lat'><strong><em>5</em></strong></span> <span class='ocrx_word' id='word_1_199' title='bbox 690 2333 841 2414; x_wconf 86' lang='grc' dir='ltr'><strong><em>διάκονος</em></strong></span> <span class='ocrx_word' id='word_1_200' title='bbox 851 2329 935 2421; x_wconf 57' lang='lat' dir='ltr'><strong><em>§atq</em></strong></span> <span class='ocrx_word' id='word_1_201' title='bbox 951 2336 1008 2421; x_wconf 78' lang='grc' dir='ltr'><strong><em>τῆς</em></strong></span> <span class='ocrx_word' id='word_1_202' title='bbox 1020 2329 1189 2421; x_wconf 78' lang='grc' dir='ltr'><strong><em>ἐκκλησίας</em></strong></span> <span class='ocrx_word' id='word_1_203' title='bbox 1199 2331 1333 2425; x_wconf 83' lang='grc' dir='ltr'><strong><em>ἀπάσης</em></strong></span> 
     </span>
     <span class='ocr_line' id='line_1_22' title="bbox 59 2431 1331 2525; baseline 0.001 -22"><span class='ocrx_word' id='word_1_204' title='bbox 59 2435 112 2504; x_wconf 85' lang='grc' dir='ltr'><strong><em>καὶ</em></strong></span> <span class='ocrx_word' id='word_1_205' title='bbox 133 2436 264 2516; x_wconf 85' lang='grc' dir='ltr'><strong><em>παντὸς</em></strong></span> <span class='ocrx_word' id='word_1_206' title='bbox 281 2440 341 2504; x_wconf 86' lang='grc' dir='ltr'><strong><em>τού</em></strong></span> <span class='ocrx_word' id='word_1_207' title='bbox 364 2436 488 2521; x_wconf 86' lang='grc' dir='ltr'><strong><em>κόσμου</em></strong></span> <span class='ocrx_word' id='word_1_208' title='bbox 509 2435 652 2504; x_wconf 77' lang='grc' dir='ltr'><strong><em>καὶτῶν</em></strong></span> <span class='ocrx_word' id='word_1_209' title='bbox 675 2436 709 2504; x_wconf 88' lang='grc' dir='ltr'><strong><em>ἐν</em></strong></span> <span class='ocrx_word' id='word_1_210' title='bbox 731 2431 820 2523; x_wconf 79' lang='grc' dir='ltr'><strong><em>αύτῷ</em></strong></span> <span class='ocrx_word' id='word_1_211' title='bbox 846 2438 954 2522; x_wconf 84' lang='grc' dir='ltr'><strong><em>μερῶν</em></strong></span> <span class='ocrx_word' id='word_1_212' title='bbox 975 2438 1028 2503; x_wconf 83' lang='grc' dir='ltr'><strong><em>καὶ</em></strong></span> <span class='ocrx_word' id='word_1_213' title='bbox 1051 2434 1224 2523; x_wconf 78' lang='grc' dir='ltr'><strong><em>ἐκφοριῶν,</em></strong></span> <span class='ocrx_word' id='word_1_214' title='bbox 1246 2433 1331 2525; x_wconf 58' lang='lat' dir='ltr'><strong><em>tate</em></strong></span> 
     </span>
     <span class='ocr_line' id='line_1_23' title="bbox 58 2532 1331 2624; baseline 0 -20"><span class='ocrx_word' id='word_1_215' title='bbox 58 2543 122 2605; x_wconf 81' lang='grc' dir='ltr'><strong><em>τῶν</em></strong></span> <span class='ocrx_word' id='word_1_216' title='bbox 144 2539 259 2624; x_wconf 75' lang='grc' dir='ltr'><strong><em>ἱερέων</em></strong></span> <span class='ocrx_word' id='word_1_217' title='bbox 272 2541 327 2606; x_wconf 83' lang='grc' dir='ltr'><strong><em>καί</em></strong></span> <span class='ocrx_word' id='word_1_218' title='bbox 341 2541 408 2605; x_wconf 85' lang='grc' dir='ltr'><strong><em>τῶν</em></strong></span> <span class='ocrx_word' id='word_1_219' title='bbox 423 2532 597 2623; x_wconf 88' lang='grc' dir='ltr'><strong><em>ἀρχόντων,</em></strong></span> <span class='ocrx_word' id='word_1_220' title='bbox 620 2534 705 2624; x_wconf 84' lang='grc' dir='ltr'><strong><em>ύπέρ</em></strong></span> <span class='ocrx_word' id='word_1_221' title='bbox 726 2541 785 2604; x_wconf 83' lang='grc' dir='ltr'><strong><em>τοῦ</em></strong></span> <span class='ocrx_word' id='word_1_222' title='bbox 807 2533 982 2623; x_wconf 83' lang='grc' dir='ltr'><strong><em>ἀρχιερέως</em></strong></span> <span class='ocrx_word' id='word_1_223' title='bbox 1002 2540 1056 2603; x_wconf 84' lang='grc' dir='ltr'><strong><em>καί</em></strong></span> <span class='ocrx_word' id='word_1_224' title='bbox 1078 2541 1137 2604; x_wconf 84' lang='grc' dir='ltr'><strong><em>τοῦ</em></strong></span> <span class='ocrx_word' id='word_1_225' title='bbox 1158 2538 1331 2624; x_wconf 76' lang='grc' dir='ltr'><strong><em>βασιλέως,</em></strong></span> 
     </span>
     <span class='ocr_line' id='line_1_24' title="bbox 59 2634 1333 2729; baseline 0.002 -24"><span class='ocrx_word' id='word_1_226' title='bbox 59 2640 206 2707; x_wconf 79' lang='grc' dir='ltr'><strong><em>καθόλου</em></strong></span> <span class='ocrx_word' id='word_1_227' title='bbox 222 2639 359 2729; x_wconf 77' lang='grc' dir='ltr'><strong><em>εἰρήνης.</em></strong></span> <span class='ocrx_word' id='word_1_228' title='bbox 384 2648 448 2720; x_wconf 73' lang='lat' dir='ltr'><strong><em>,tt</em></strong></span> <span class='ocrx_word' id='word_1_229' title='bbox 464 2641 531 2706; x_wconf 84' lang='grc' dir='ltr'><strong><em>Καὶ</em></strong></span> <span class='ocrx_word' id='word_1_230' title='bbox 545 2638 630 2724; x_wconf 86' lang='grc' dir='ltr'><strong><em>μετὰ</em></strong></span> <span class='ocrx_word' id='word_1_231' title='bbox 640 2643 739 2707; x_wconf 82' lang='grc' dir='ltr'><strong><em>τοῦτο</em></strong></span> <span class='ocrx_word' id='word_1_232' title='bbox 756 2635 774 2705; x_wconf 88' lang='lat'><strong><em>5</em></strong></span> <span class='ocrx_word' id='word_1_233' title='bbox 789 2634 955 2725; x_wconf 85' lang='grc' dir='ltr'><strong><em>ἀρχιερεύς</em></strong></span> <span class='ocrx_word' id='word_1_234' title='bbox 970 2637 1186 2723; x_wconf 78' lang='grc' dir='ltr'><strong><em>ἐπευχόμενος</em></strong></span> <span class='ocrx_word' id='word_1_235' title='bbox 1199 2643 1247 2727; x_wconf 79' lang='grc' dir='ltr'><strong><em>τῷ</em></strong></span> <span class='ocrx_word' id='word_1_236' title='bbox 1262 2641 1333 2728; x_wconf 76' lang='grc' dir='ltr'><strong><em>λαῷ</em></strong></span> 
     </span>
     <span class='ocr_line' id='line_1_25' title="bbox 61 2736 1334 2862; baseline 0.002 -52"><span class='ocrx_word' id='word_1_237' title='bbox 61 2742 198 2830; x_wconf 79' lang='grc' dir='ltr'><strong><em>εἰρήνην,</em></strong></span> <span class='ocrx_word' id='word_1_238' title='bbox 222 2738 395 2862; x_wconf 79' lang='grc' dir='ltr'><strong><em>εύλργείτω</em></strong></span> <span class='ocrx_word' id='word_1_239' title='bbox 415 2744 542 2823; x_wconf 80' lang='grc' dir='ltr'><strong><em>τοῦτον,</em></strong></span> <span class='ocrx_word' id='word_1_240' title='bbox 566 2737 611 2820; x_wconf 79' lang='grc' dir='ltr'><strong><em>ὥς</em></strong></span> <span class='ocrx_word' id='word_1_241' title='bbox 625 2743 678 2808; x_wconf 87' lang='grc' dir='ltr'><strong><em>καί</em></strong></span> <span class='ocrx_word' id='word_1_242' title='bbox 690 2745 821 2828; x_wconf 78' lang='grc' dir='ltr'><strong><em>Μωσῆς</em></strong></span> <span class='ocrx_word' id='word_1_243' title='bbox 836 2741 1016 2808; x_wconf 79' lang='grc' dir='ltr'><strong><em>ἐνετείλατο</em></strong></span> <span class='ocrx_word' id='word_1_244' title='bbox 1033 2741 1173 2826; x_wconf 82' lang='grc' dir='ltr'><strong><em>ἱερεῦσιν</em></strong></span> <span class='ocrx_word' id='word_1_245' title='bbox 1188 2736 1334 2828; x_wconf 74' lang='grc' dir='ltr'><strong><em>εὐλογεῖν</em></strong></span> 
     </span>
     <span class='ocr_line' id='line_1_26' title="bbox 58 2839 1336 2965; baseline 0.001 -55"><span class='ocrx_word' id='word_1_246' title='bbox 58 2846 114 2911; x_wconf 85' lang='grc' dir='ltr'><strong><em>τόν</em></strong></span> <span class='ocrx_word' id='word_1_247' title='bbox 135 2845 218 2911; x_wconf 87' lang='grc' dir='ltr'><strong><em>λαόν</em></strong></span> <span class='ocrx_word' id='word_1_248' title='bbox 237 2844 370 2924; x_wconf 82' lang='grc' dir='ltr'><strong><em>τούτοις</em></strong></span> <span class='ocrx_word' id='word_1_249' title='bbox 390 2853 462 2923; x_wconf 78' lang='grc' dir='ltr'><strong><em>τοῖς</em></strong></span> <span class='ocrx_word' id='word_1_250' title='bbox 491 2843 649 2965; x_wconf 74' lang='grc' dir='ltr'><strong><em>ρήμασιν·</em></strong></span> <span class='ocrx_word' id='word_1_251' title='bbox 686 2839 871 2931; x_wconf 78' lang='grc' dir='ltr'><strong><em>Εὗλογήσαι</em></strong></span> <span class='ocrx_word' id='word_1_252' title='bbox 900 2866 938 2910; x_wconf 90' lang='grc' dir='ltr'><strong><em>σε</em></strong></span> <span class='ocrx_word' id='word_1_253' title='bbox 965 2843 1075 2928; x_wconf 88' lang='grc' dir='ltr'><strong><em>κύριος</em></strong></span> <span class='ocrx_word' id='word_1_254' title='bbox 1105 2845 1159 2908; x_wconf 85' lang='grc' dir='ltr'><strong><em>καί</em></strong></span> <span class='ocrx_word' id='word_1_255' title='bbox 1188 2843 1336 2928; x_wconf 67' lang='grc' dir='ltr'><strong><em>φυλάξαδ</em></strong></span> 
     </span>
     <span class='ocr_line' id='line_1_27' title="bbox 59 2939 1335 3034; baseline -0.001 -22"><span class='ocrx_word' id='word_1_256' title='bbox 59 2968 108 3014; x_wconf 89' lang='grc' dir='ltr'><strong><em>σε·</em></strong></span> <span class='ocrx_word' id='word_1_257' title='bbox 133 2947 461 3034; x_wconf 87' lang='grc' dir='ltr'><strong><em>ετιφαναιοκυριος</em></strong></span> <span class='ocrx_word' id='word_1_258' title='bbox 474 2968 513 3013; x_wconf 92' lang='grc' dir='ltr'><strong><em>το</em></strong></span> <span class='ocrx_word' id='word_1_259' title='bbox 528 2943 709 3031; x_wconf 87' lang='grc' dir='ltr'><strong><em>πρόςωπον</em></strong></span> <span class='ocrx_word' id='word_1_260' title='bbox 727 2939 909 3011; x_wconf 82' lang='grc' dir='ltr'><strong><em>αύτοῦἐπί</em></strong></span> <span class='ocrx_word' id='word_1_261' title='bbox 895 2950 976 3023; x_wconf 90' lang='grc' dir='ltr'><strong><em>ίσε,</em></strong></span> <span class='ocrx_word' id='word_1_262' title='bbox 999 2946 1053 3009; x_wconf 82' lang='grc' dir='ltr'><strong><em>καί</em></strong></span> <span class='ocrx_word' id='word_1_263' title='bbox 1076 2942 1143 3030; x_wconf 76' lang='grc' dir='ltr'><strong><em>δώῃ</em></strong></span> <span class='ocrx_word' id='word_1_264' title='bbox 1167 2967 1223 3010; x_wconf 95' lang='grc' dir='ltr'><strong><em>σοι</em></strong></span> <span class='ocrx_word' id='word_1_265' title='bbox 1245 2942 1335 3030; x_wconf 82' lang='grc' dir='ltr'><strong><em>εἰρή-</em></strong></span> 
     </span>
     <span class='ocr_line' id='line_1_28' title="bbox 60 3035 1335 3134; baseline -0.003 -20"><span class='ocrx_word' id='word_1_266' title='bbox 60 3057 146 3134; x_wconf 60' lang='grc' dir='ltr'><strong><em>νιτίν</em></strong></span> <span class='ocrx_word' id='word_1_267' title='bbox 134 3052 236 3125; x_wconf 85' lang='grc' dir='ltr'><strong><em>(Νιιιιι.</em></strong></span> <span class='ocrx_word' id='word_1_268' title='bbox 254 3053 361 3128; x_wconf 69' lang='grc' dir='ltr'><strong><em>έκλέ).</em></strong></span> <span class='ocrx_word' id='word_1_269' title='bbox 392 3042 601 3130; x_wconf 79' lang='grc' dir='ltr'><strong><em>Ἐπευχέσθω</em></strong></span> <span class='ocrx_word' id='word_1_270' title='bbox 623 3035 680 3113; x_wconf 77' lang='grc' dir='ltr'><strong><em>οὖν</em></strong></span> <span class='ocrx_word' id='word_1_271' title='bbox 702 3041 798 3112; x_wconf 78' lang='grc' dir='ltr'><strong><em>καλό</em></strong></span> <span class='ocrx_word' id='word_1_272' title='bbox 821 3045 1004 3123; x_wconf 86' lang='grc' dir='ltr'><strong><em>ἐπίσκοπος</em></strong></span> <span class='ocrx_word' id='word_1_273' title='bbox 1025 3047 1078 3110; x_wconf 84' lang='grc' dir='ltr'><strong><em>καί</em></strong></span> <span class='ocrx_word' id='word_1_274' title='bbox 1102 3046 1237 3129; x_wconf 82' lang='grc' dir='ltr'><strong><em>λεγέτω</em></strong></span> <span class='ocrx_word' id='word_1_275' title='bbox 1259 3048 1335 3111; x_wconf 78' lang='grc' dir='ltr'><strong><em>Σῶ-</em></strong></span> 
     </span>
     <span class='ocr_line' id='line_1_29' title="bbox 60 3143 1334 3235; baseline -0.001 -20"><span class='ocrx_word' id='word_1_276' title='bbox 60 3173 117 3216; x_wconf 86' lang='grc' dir='ltr'><strong><em>σιιν</em></strong></span> <span class='ocrx_word' id='word_1_277' title='bbox 140 3149 200 3217; x_wconf 84' lang='grc' dir='ltr'><strong><em>τὸν</em></strong></span> <span class='ocrx_word' id='word_1_278' title='bbox 222 3148 303 3217; x_wconf 89' lang='grc' dir='ltr'><strong><em>λαόν</em></strong></span> <span class='ocrx_word' id='word_1_279' title='bbox 325 3172 401 3229; x_wconf 91' lang='grc' dir='ltr'><strong><em>σου,</em></strong></span> <span class='ocrx_word' id='word_1_280' title='bbox 424 3149 523 3234; x_wconf 87' lang='grc' dir='ltr'><strong><em>κύριε,</em></strong></span> <span class='ocrx_word' id='word_1_281' title='bbox 545 3174 601 3214; x_wconf 91' lang='grc' dir='ltr'><strong><em>και</em></strong></span> <span class='ocrx_word' id='word_1_282' title='bbox 592 3143 853 3235; x_wconf 87' lang='grc' dir='ltr'><strong><em>εύλόγησον</em></strong></span> <span class='ocrx_word' id='word_1_283' title='bbox 820 3174 877 3233; x_wconf 88' lang='grc' dir='ltr'><strong><em>την</em></strong></span> <span class='ocrx_word' id='word_1_284' title='bbox 900 3148 1116 3232; x_wconf 88' lang='grc' dir='ltr'><strong><em>κληρονομίαν</em></strong></span> <span class='ocrx_word' id='word_1_285' title='bbox 1139 3170 1199 3213; x_wconf 91' lang='grc' dir='ltr'><strong><em>σου</em></strong></span> <span class='ocrx_word' id='word_1_286' title='bbox 1220 3145 1259 3232; x_wconf 79' lang='grc' dir='ltr'><strong><em>ἣν</em></strong></span> <span class='ocrx_word' id='word_1_287' title='bbox 1282 3145 1334 3214; x_wconf 80' lang='grc' dir='ltr'><strong><em>ἐκ·</em></strong></span> 
     </span>
     <span class='ocr_line' id='line_1_30' title="bbox 59 3246 1328 3340; baseline -0.001 -23"><span class='ocrx_word' id='word_1_288' title='bbox 59 3252 146 3340; x_wconf 83' lang='grc' dir='ltr'><strong><em>τήσω</em></strong></span> <span class='ocrx_word' id='word_1_289' title='bbox 169 3256 225 3319; x_wconf 86' lang='grc' dir='ltr'><strong><em>καὶ</em></strong></span> <span class='ocrx_word' id='word_1_290' title='bbox 248 3250 460 3339; x_wconf 88' lang='grc' dir='ltr'><strong><em>περιποιήσω</em></strong></span> <span class='ocrx_word' id='word_1_291' title='bbox 480 3253 528 3337; x_wconf 78' lang='grc' dir='ltr'><strong><em>τῷ</em></strong></span> <span class='ocrx_word' id='word_1_292' title='bbox 549 3256 649 3337; x_wconf 85' lang='grc' dir='ltr'><strong><em>τιμίῳ</em></strong></span> <span class='ocrx_word' id='word_1_293' title='bbox 672 3251 789 3334; x_wconf 79' lang='grc' dir='ltr'><strong><em>αἵματι</em></strong></span> <span class='ocrx_word' id='word_1_294' title='bbox 809 3252 868 3316; x_wconf 84' lang='grc' dir='ltr'><strong><em>τοῦ</em></strong></span> <span class='ocrx_word' id='word_1_295' title='bbox 880 3250 1030 3333; x_wconf 81' lang='grc' dir='ltr'><strong><em>Χριστοῦ</em></strong></span> <span class='ocrx_word' id='word_1_296' title='bbox 1053 3271 1123 3327; x_wconf 87' lang='grc' dir='ltr'><strong><em>σου,</em></strong></span> <span class='ocrx_word' id='word_1_297' title='bbox 1146 3246 1202 3314; x_wconf 86' lang='grc' dir='ltr'><strong><em>καὶ</em></strong></span> <span class='ocrx_word' id='word_1_298' title='bbox 1223 3246 1328 3316; x_wconf 82' lang='grc' dir='ltr'><strong><em>ἐκάλε·</em></strong></span> 
     </span>
     <span class='ocr_line' id='line_1_31' title="bbox 60 3348 1335 3440; baseline -0.002 -20"><span class='ocrx_word' id='word_1_299' title='bbox 60 3378 117 3433; x_wconf 92' lang='grc' dir='ltr'><strong><em>σας</em></strong></span> <span class='ocrx_word' id='word_1_300' title='bbox 137 3354 312 3440; x_wconf 74' lang='grc' dir='ltr'><strong><em>βασίλειον</em></strong></span> <span class='ocrx_word' id='word_1_301' title='bbox 334 3352 509 3439; x_wconf 83' lang='grc' dir='ltr'><strong><em>ἱεράτευμα</em></strong></span> <span class='ocrx_word' id='word_1_302' title='bbox 530 3354 583 3418; x_wconf 83' lang='grc' dir='ltr'><strong><em>καὶ</em></strong></span> <span class='ocrx_word' id='word_1_303' title='bbox 608 3352 707 3430; x_wconf 70' lang='grc' dir='ltr'><strong><em>ἔθνος</em></strong></span> <span class='ocrx_word' id='word_1_304' title='bbox 729 3348 831 3437; x_wconf 81' lang='grc' dir='ltr'><strong><em>ἀγιον.</em></strong></span> <span class='ocrx_word' id='word_1_305' title='bbox 891 3355 938 3416; x_wconf 79' lang='lat'><strong><em>12.</em></strong></span> <span class='ocrx_word' id='word_1_306' title='bbox 961 3348 1062 3416; x_wconf 88' lang='grc' dir='ltr'><strong><em>Μετὰ</em></strong></span> <span class='ocrx_word' id='word_1_307' title='bbox 1089 3350 1125 3416; x_wconf 83' lang='grc' dir='ltr'><strong><em>δὲ</em></strong></span> <span class='ocrx_word' id='word_1_308' title='bbox 1151 3352 1256 3416; x_wconf 82' lang='grc' dir='ltr'><strong><em>ταῦτα</em></strong></span> <span class='ocrx_word' id='word_1_309' title='bbox 1282 3374 1335 3435; x_wconf 88' lang='grc' dir='ltr'><strong><em>γι-</em></strong></span> 
     </span>
     <span class='ocr_line' id='line_1_32' title="bbox 60 3446 1331 3540; baseline -0.005 -19"><span class='ocrx_word' id='word_1_310' title='bbox 60 3462 172 3522; x_wconf 81' lang='grc' dir='ltr'><strong><em>νέσθω</em></strong></span> <span class='ocrx_word' id='word_1_311' title='bbox 194 3450 215 3540; x_wconf 82' lang='grc' dir='ltr'><strong><em>ή·</em></strong></span> <span class='ocrx_word' id='word_1_312' title='bbox 237 3460 353 3535; x_wconf 83' lang='grc' dir='ltr'><strong><em>θυσία,</em></strong></span> <span class='ocrx_word' id='word_1_313' title='bbox 377 3454 520 3533; x_wconf 80' lang='grc' dir='ltr'><strong><em>ἑστῶτος</em></strong></span> <span class='ocrx_word' id='word_1_314' title='bbox 541 3451 667 3532; x_wconf 88' lang='grc' dir='ltr'><strong><em>παντὸς</em></strong></span> <span class='ocrx_word' id='word_1_315' title='bbox 681 3456 740 3519; x_wconf 83' lang='grc' dir='ltr'><strong><em>τοῦ</em></strong></span> <span class='ocrx_word' id='word_1_316' title='bbox 755 3454 836 3519; x_wconf 83' lang='grc' dir='ltr'><strong><em>λαοῦ</em></strong></span> <span class='ocrx_word' id='word_1_317' title='bbox 851 3454 905 3518; x_wconf 83' lang='grc' dir='ltr'><strong><em>καί</em></strong></span> <span class='ocrx_word' id='word_1_318' title='bbox 920 3457 1179 3537; x_wconf 87' lang='grc' dir='ltr'><strong><em>προςευχομένοο</em></strong></span> <span class='ocrx_word' id='word_1_319' title='bbox 1195 3446 1331 3538; x_wconf 86' lang='grc' dir='ltr'><strong><em>ήσύχως.</em></strong></span> 
     </span>
     <span class='ocr_line' id='line_1_33' title="bbox 63 3545 1332 3644; baseline -0.006 -19"><span class='ocrx_word' id='word_1_320' title='bbox 63 3565 105 3625; x_wconf 87' lang='grc'><strong><em>13.</em></strong></span> <span class='ocrx_word' id='word_1_321' title='bbox 131 3559 200 3624; x_wconf 81' lang='grc' dir='ltr'><strong><em>Καὶ</em></strong></span> <span class='ocrx_word' id='word_1_322' title='bbox 224 3552 304 3625; x_wconf 83' lang='grc' dir='ltr'><strong><em>ὅταν</em></strong></span> <span class='ocrx_word' id='word_1_323' title='bbox 333 3550 501 3644; x_wconf 84' lang='grc' dir='ltr'><strong><em>ἀνενεχθῇ,</em></strong></span> <span class='ocrx_word' id='word_1_324' title='bbox 534 3554 810 3641; x_wconf 81' lang='grc' dir='ltr'><strong><em>μεταλαμβάνετω</em></strong></span> <span class='ocrx_word' id='word_1_325' title='bbox 840 3552 956 3638; x_wconf 78' lang='grc' dir='ltr'><strong><em>ἑκάστη</em></strong></span> <span class='ocrx_word' id='word_1_326' title='bbox 984 3552 1077 3632; x_wconf 87' lang='grc' dir='ltr'><strong><em>τάξις</em></strong></span> <span class='ocrx_word' id='word_1_327' title='bbox 1103 3545 1184 3617; x_wconf 81' lang='grc' dir='ltr'><strong><em>καθ’</em></strong></span> <span class='ocrx_word' id='word_1_328' title='bbox 1215 3549 1332 3637; x_wconf 81' lang='grc' dir='ltr'><strong><em>ἑαυτὴν</em></strong></span> 
     </span>
     <span class='ocr_line' id='line_1_34' title="bbox 61 3650 1335 3745; baseline -0.005 -21"><span class='ocrx_word' id='word_1_329' title='bbox 61 3663 115 3727; x_wconf 78' lang='grc' dir='ltr'><strong><em>τοῦ</em></strong></span> <span class='ocrx_word' id='word_1_330' title='bbox 137 3662 295 3745; x_wconf 83' lang='grc' dir='ltr'><strong><em>κυριακοό</em></strong></span> <span class='ocrx_word' id='word_1_331' title='bbox 316 3657 471 3742; x_wconf 85' lang='grc' dir='ltr'><strong><em>σώματος</em></strong></span> <span class='ocrx_word' id='word_1_332' title='bbox 491 3660 545 3725; x_wconf 82' lang='grc' dir='ltr'><strong><em>καί</em></strong></span> <span class='ocrx_word' id='word_1_333' title='bbox 567 3661 625 3725; x_wconf 84' lang='grc' dir='ltr'><strong><em>τοῦ</em></strong></span> <span class='ocrx_word' id='word_1_334' title='bbox 648 3662 759 3741; x_wconf 88' lang='grc' dir='ltr'><strong><em>τιμίου</em></strong></span> <span class='ocrx_word' id='word_1_335' title='bbox 781 3655 921 3739; x_wconf 79' lang='grc' dir='ltr'><strong><em>αἵματος</em></strong></span> <span class='ocrx_word' id='word_1_336' title='bbox 943 3653 977 3720; x_wconf 80' lang='grc' dir='ltr'><strong><em>ἐν</em></strong></span> <span class='ocrx_word' id='word_1_337' title='bbox 991 3653 1091 3735; x_wconf 83' lang='grc' dir='ltr'><strong><em>τάξει,</em></strong></span> <span class='ocrx_word' id='word_1_338' title='bbox 1114 3650 1198 3736; x_wconf 84' lang='grc' dir='ltr'><strong><em>μετὰ</em></strong></span> <span class='ocrx_word' id='word_1_339' title='bbox 1218 3651 1335 3731; x_wconf 76' lang='grc' dir='ltr'><strong><em>αἰδοῦς</em></strong></span> 
     </span>
     <span class='ocr_line' id='line_1_35' title="bbox 62 3755 1334 3846; baseline -0.007 -19"><span class='ocrx_word' id='word_1_340' title='bbox 62 3765 108 3829; x_wconf 84' lang='grc' dir='ltr'><strong><em>καί</em></strong></span> <span class='ocrx_word' id='word_1_341' title='bbox 147 3757 322 3846; x_wconf 75' lang='grc' dir='ltr'><strong><em>εὐλαβείας</em></strong></span> <span class='ocrx_word' id='word_1_342' title='bbox 361 3755 406 3839; x_wconf 79' lang='grc' dir='ltr'><strong><em>ὥς</em></strong></span> <span class='ocrx_word' id='word_1_343' title='bbox 440 3761 604 3845; x_wconf 81' lang='grc' dir='ltr'><strong><em>βασιλέως</em></strong></span> <span class='ocrx_word' id='word_1_344' title='bbox 643 3757 897 3844; x_wconf 89' lang='grc' dir='ltr'><strong><em>προςερχόμενοι</em></strong></span> <span class='ocrx_word' id='word_1_345' title='bbox 937 3755 1067 3840; x_wconf 85' lang='grc' dir='ltr'><strong><em>σώματι</em></strong></span> <span class='ocrx_word' id='word_1_346' title='bbox 1096 3756 1151 3820; x_wconf 88' lang='grc' dir='ltr'><strong><em>καί</em></strong></span> <span class='ocrx_word' id='word_1_347' title='bbox 1183 3761 1334 3837; x_wconf 81' lang='grc' dir='ltr'><strong><em>γυναίκες</em></strong></span> 
     </span>
     <span class='ocr_line' id='line_1_36' title="bbox 23 3853 1334 3951; baseline -0.008 -22"><span class='ocrx_word' id='word_1_348' title='bbox 23 3912 27 3929; x_wconf 93' lang='grc'><strong><em>.</em></strong></span> <span class='ocrx_word' id='word_1_349' title='bbox 63 3865 299 3948; x_wconf 68' lang='grc' dir='ltr'><strong><em>κεκαλυμμέναι</em></strong></span> <span class='ocrx_word' id='word_1_350' title='bbox 334 3861 393 3951; x_wconf 83' lang='grc' dir='ltr'><strong><em>τήν</em></strong></span> <span class='ocrx_word' id='word_1_351' title='bbox 431 3860 590 3950; x_wconf 79' lang='grc' dir='ltr'><strong><em>κεφαλὴν,</em></strong></span> <span class='ocrx_word' id='word_1_352' title='bbox 634 3855 680 3939; x_wconf 79' lang='grc' dir='ltr'><strong><em>ὡς</em></strong></span> <span class='ocrx_word' id='word_1_353' title='bbox 715 3855 849 3945; x_wconf 80' lang='grc' dir='ltr'><strong><em>ἁρμόζει</em></strong></span> <span class='ocrx_word' id='word_1_354' title='bbox 884 3859 1043 3943; x_wconf 80' lang='grc' dir='ltr'><strong><em>γυναικῶν</em></strong></span> <span class='ocrx_word' id='word_1_355' title='bbox 1080 3853 1186 3933; x_wconf 83' lang='grc' dir='ltr'><strong><em>τάξει,</em></strong></span> <span class='ocrx_word' id='word_1_356' title='bbox 1230 3876 1334 3939; x_wconf 89' lang='grc' dir='ltr'><strong><em>προς-</em></strong></span> 
     </span>
     <span class='ocr_line' id='line_1_37' title="bbox 65 3954 1335 4050; baseline -0.008 -16"><span class='ocrx_word' id='word_1_357' title='bbox 65 3972 284 4050; x_wconf 82' lang='grc' dir='ltr'><strong><em>ερχέσθωσαν.</em></strong></span> <span class='ocrx_word' id='word_1_358' title='bbox 331 3965 621 4031; x_wconf 81' lang='grc' dir='ltr'><strong><em>Φυλαττέσθωσαν</em></strong></span> <span class='ocrx_word' id='word_1_359' title='bbox 644 3962 680 4029; x_wconf 83' lang='grc' dir='ltr'><strong><em>δὲ</em></strong></span> <span class='ocrx_word' id='word_1_360' title='bbox 702 3961 737 4027; x_wconf 78' lang='lat' dir='ltr'><strong><em>ai</em></strong></span> <span class='ocrx_word' id='word_1_361' title='bbox 758 3959 877 4046; x_wconf 82' lang='grc' dir='ltr'><strong><em>θύραι,</em></strong></span> <span class='ocrx_word' id='word_1_362' title='bbox 904 3958 1002 4044; x_wconf 88' lang='grc' dir='ltr'><strong><em>μήτις</em></strong></span> <span class='ocrx_word' id='word_1_363' title='bbox 1023 3955 1166 4034; x_wconf 86' lang='grc' dir='ltr'><strong><em>ἀπιστος</em></strong></span> <span class='ocrx_word' id='word_1_364' title='bbox 1187 3954 1335 4034; x_wconf 84' lang='grc' dir='ltr'><strong><em>είςέλθοι</em></strong></span> 
     </span>
     <span class='ocr_line' id='line_1_38' title="bbox 64 4061 356 4154; baseline 0.003 -1"><span class='ocrx_word' id='word_1_365' title='bbox 64 4061 257 4154; x_wconf 73' lang='grc' dir='ltr'><strong><em>ίᾶαὑοτος·</em></strong></span> <span class='ocrx_word' id='word_1_366' title='bbox 352 4140 356 4145; x_wconf 90' lang='grc'><strong><em>.</em></strong></span> 
     </span>
     <span class='ocr_line' id='line_1_39' title="bbox 98 4160 1332 4248; baseline -0.012 -11"><span class='ocrx_word' id='word_1_367' title='bbox 98 4219 102 4225; x_wconf 88' lang='grc'><strong>-</strong></span> <span class='ocrx_word' id='word_1_368' title='bbox 141 4175 230 4236; x_wconf 78' lang='lat' dir='ltr'><strong>Iuvat</strong></span> <span class='ocrx_word' id='word_1_369' title='bbox 251 4179 382 4234; x_wconf 78' lang='lat' dir='ltr'><strong>attexere</strong></span> <span class='ocrx_word' id='word_1_370' title='bbox 403 4170 624 4233; x_wconf 80' lang='lat' dir='ltr'><strong>vetustissimae</strong></span> <span class='ocrx_word' id='word_1_371' title='bbox 644 4167 794 4248; x_wconf 76' lang='lat' dir='ltr'><strong>liturgiae</strong></span> <span class='ocrx_word' id='word_1_372' title='bbox 816 4172 1006 4245; x_wconf 86' lang='lat' dir='ltr'><strong>conspectum</strong></span> <span class='ocrx_word' id='word_1_373' title='bbox 1028 4173 1059 4225; x_wconf 84' lang='lat' dir='ltr'><strong><em>et</em></strong></span> <span class='ocrx_word' id='word_1_374' title='bbox 1078 4161 1222 4235; x_wconf 81' lang='lat' dir='ltr'><strong>tabulam,</strong></span> <span class='ocrx_word' id='word_1_375' title='bbox 1244 4160 1332 4224; x_wconf 76' lang='lat' dir='ltr'><strong>elu-</strong></span> 
     </span>
     <span class='ocr_line' id='line_1_40' title="bbox 68 4263 1333 4341; baseline -0.008 -7"><span class='ocrx_word' id='word_1_376' title='bbox 68 4275 127 4339; x_wconf 80' lang='lat' dir='ltr'><strong>stini</strong></span> <span class='ocrx_word' id='word_1_377' title='bbox 157 4294 196 4338; x_wconf 83' lang='lat' dir='ltr'><strong><em>ac</em></strong></span> <span class='ocrx_word' id='word_1_378' title='bbox 212 4273 468 4335; x_wconf 85' lang='lat' dir='ltr'><strong>Constitutionum</strong></span> <span class='ocrx_word' id='word_1_379' title='bbox 495 4272 666 4335; x_wconf 77' lang='lat' dir='ltr'>narratione</span> <span class='ocrx_word' id='word_1_380' title='bbox 695 4270 863 4341; x_wconf 78' lang='lat' dir='ltr'><strong>conflatam,</strong></span> <span class='ocrx_word' id='word_1_381' title='bbox 894 4266 988 4328; x_wconf 85' lang='lat' dir='ltr'><strong>literis</strong></span> <span class='ocrx_word' id='word_1_382' title='bbox 1011 4264 1190 4329; x_wconf 80' lang='lat' dir='ltr'><strong>Graecorum</strong></span> <span class='ocrx_word' id='word_1_383' title='bbox 1212 4263 1333 4324; x_wconf 78' lang='lat' dir='ltr'><strong>Patnm</strong></span> 
     </span>
     <span class='ocr_line' id='line_1_41' title="bbox 70 4362 1333 4473; baseline -0.007 -40"><span class='ocrx_word' id='word_1_384' title='bbox 70 4377 98 4437; x_wconf 81' lang='grc' dir='ltr'><strong><em>ιδ</em></strong></span> <span class='ocrx_word' id='word_1_385' title='bbox 121 4394 238 4439; x_wconf 84' lang='lat' dir='ltr'><strong>annum</strong></span> <span class='ocrx_word' id='word_1_386' title='bbox 268 4374 338 4436; x_wconf 82' lang='lat' dir='ltr'><strong><em>CCC</em></strong></span> <span class='ocrx_word' id='word_1_387' title='bbox 366 4393 460 4457; x_wconf 84' lang='lat' dir='ltr'>usque</span> <span class='ocrx_word' id='word_1_388' title='bbox 495 4375 661 4436; x_wconf 79' lang='lat' dir='ltr'><strong>florentium</strong></span> <span class='ocrx_word' id='word_1_389' title='bbox 695 4369 872 4435; x_wconf 82' lang='lat' dir='ltr'><strong>testimoniis</strong></span> <span class='ocrx_word' id='word_1_390' title='bbox 900 4386 949 4473; x_wconf 79' lang='grc' dir='ltr'><strong><em>ει</em></strong></span> <span class='ocrx_word' id='word_1_391' title='bbox 962 4367 1172 4467; x_wconf 76' lang='lat' dir='ltr'><strong>recentiorum</strong></span> <span class='ocrx_word' id='word_1_392' title='bbox 1198 4362 1333 4427; x_wconf 82' lang='lat' dir='ltr'><strong>doctrina</strong></span> 
     </span>
    </p>
   </div>
   <div class='ocr_carea' id='block_1_3' title="bbox 70 4474 1141 4628">
    <p class='ocr_par' dir='ltr' id='par_1_3' title="bbox 70 4474 1141 4628">
     <span class='ocr_line' id='line_1_42' title="bbox 70 4474 574 4563; baseline -0.006 -23"><span class='ocrx_word' id='word_1_393' title='bbox 70 4481 154 4556; x_wconf 79' lang='lat' dir='ltr'><strong>quoad</strong></span> <span class='ocrx_word' id='word_1_394' title='bbox 177 4477 246 4540; x_wconf 85' lang='lat' dir='ltr'><strong>fieri</strong></span> <span class='ocrx_word' id='word_1_395' title='bbox 269 4476 369 4563; x_wconf 52' lang='lat' dir='ltr'><strong>[totuit</strong></span> <span class='ocrx_word' id='word_1_396' title='bbox 390 4474 574 4539; x_wconf 56' lang='lat' dir='ltr'><strong>illustratam.</strong></span> 
     </span>
     <span class='ocr_line' id='line_1_43' title="bbox 95 4573 1141 4628; baseline 0.003 -3"><span class='ocrx_word' id='word_1_397' title='bbox 95 4583 126 4627; x_wconf 80' lang='grc' dir='ltr'><strong><em>ιι.</em></strong></span> <span class='ocrx_word' id='word_1_398' title='bbox 1121 4573 1141 4628; x_wconf 74' lang='lat'><em>2</em></span> 
     </span>
    </p>
   </div>
   <div class='ocr_carea' id='block_1_4' title="bbox 0 0 1532 4912">
    <p class='ocr_par' dir='ltr' id='par_1_4' title="bbox 0 0 1532 4912">
     <span class='ocr_line' id='line_1_44' title="bbox 0 0 1532 4912; baseline 0 0"><span class='ocrx_word' id='word_1_399' title='bbox 0 0 1532 4912; x_wconf 95' lang='lat' dir='ltr'><strong><em> </em></strong></span> 
     </span>
    </p>
   </div>
  </div>
 </body>
</html>
