3044 4912
799 236 871 310 186

195 426 325 517 mundi,
352 425 531 521 praecipue
558 433 667 494 eutem
694 425 728 493 in
755 423 905 495 Ecclesia
933 433 988 495 ine
1016 434 1127 496 sonete
1143 423 1333 496 catholice:
1360 423 1415 495 isc
1437 435 1468 497 ut

195 551 312 623 pacem
345 526 465 598 hebeat
499 522 741 616 Sacerdotiuin,
777 548 852 597 curn
885 525 1047 621 imperio:
1085 549 1216 598 cessere
1250 525 1304 598 isc
1337 524 1466 598 belisa

196 846 285 897 cerpus
311 845 391 881 meum
414 830 478 894 quod
502 844 547 894 pro
571 830 639 879 robis
662 829 789 891 frangitur,
812 829 836 878 in
855 828 1022 879 remissionem
1040 838 1203 895 percuterem.
1237 816 1357 880 Similiter
1373 837 1398 881 et
1415 829 1464 880 caii·

197 930 263 969 cem:
282 917 374 967 Greties
393 917 449 977 egit,
467 923 490 964 et
508 914 572 964 dedit
591 913 640 963 iilis
657 914 771 979 dixitque.
805 913 850 963 iiio
868 922 905 963 eat
921 915 1020 975 sanguis
1039 928 1107 965 meua
1125 914 1182 965 lieri
1194 914 1353 975 Testamenti,
1370 914 1411 979 qui
1428 926 1465 977 pre

196 1001 278 1050 multis
301 1001 431 1049 effunditur
456 999 479 1048 iu
504 999 673 1049 remissionem
697 1006 860 1063 peccetorum.
895 997 1000 1064 Accipite
1025 1000 1096 1062 igitur
1119 1014 1161 1049 ros
1179 1013 1273 1059 omues,
1297 999 1363 1048 edite
1381 1012 1409 1047 ex
1426 997 1464 1045 boo

174 1099 266 1150 pene,
290 1093 313 1133 et
336 1084 411 1133 bibite
436 1099 462 1133 ex
481 1084 527 1134 boc
545 1083 627 1144 culice,
651 1091 676 1132 et
693 1083 724 1131 its
743 1082 813 1132 iecite
831 1084 1030 1148 quotiescumque
1049 1083 1252 1146 congregabimini
1270 1083 1294 1132 iu
1315 1083 1361 1131 mei
1380 1094 1465 1131 memo·

194 1170 263 1219 risun.
299 1169 366 1218 Siout
383 1177 539 1233 prseeeptum
558 1167 629 1217 nobis
648 1174 684 1216 est
701 1167 733 1215 its
752 1169 889 1230 congregsti
908 1183 1001 1228 sumus,
1026 1184 1071 1218 uos
1088 1168 1151 1218 servi
1168 1168 1201 1217 tui
1219 1165 1334 1227 bumiisa,
1359 1164 1466 1216 imbecilli

194 1262 218 1302 et
236 1254 332 1312 inilrmi,
357 1262 453 1303 etcum
473 1253 620 1301 bouereuis
639 1251 729 1312 grstiee
748 1259 810 1312 tuse,
836 1252 987 1302 celebremus
1006 1253 1146 1317 mysterium
1164 1264 1287 1314 maguum,
1310 1250 1467 1309 uenientia,

194 1346 302 1387 sunctum
329 1347 353 1386 et
376 1338 490 1395 diuinum,
514 1351 559 1400 per
581 1335 646 1399 qnod
671 1336 731 1384 iectu
756 1335 822 1384 seius
847 1345 884 1385 est
908 1351 992 1398 magne
1019 1339 1129 1387 universo
1154 1337 1259 1386 bernone
1278 1336 1361 1398 generi
1381 1342 1467 1387 ussus.

194 1423 285 1473 Cenon.
316 1422 499 1484 iieierimusque
517 1420 589 1469 simui
609 1418 714 1477 leudem,
732 1419 859 1479 bonorem,
877 1421 1066 1481 contessionem,
1084 1429 1107 1471 et
1124 1421 1299 1481 odorationem,
1320 1420 1385 1469 l‘atri
1397 1427 1419 1469 st
1431 1419 1467 1468 Fi·

194 1506 236 1566 iio,
256 1514 279 1556 et
297 1506 395 1570 Spiritui
414 1515 498 1554 sencto
518 1519 581 1554 nuno
598 1512 622 1553 et
639 1516 743 1567 semper.

279 1623 361 1673 Cenon
379 1622 538 1673 Nestorii:
564 1621 672 1685 Cumque
697 1619 745 1670 iliis
769 1622 930 1685 potestatibus
955 1623 1111 1683 coelestibus,
1136 1631 1159 1672 ot
1183 1637 1228 1672 uoa
1246 1623 1350 1672 liomine
1368 1622 1432 1671 bens
1448 1628 1470 1670 et

194 1708 259 1757 licus
282 1707 421 1757 misericors
445 1706 577 1756 ciemsmus
602 1714 626 1755 et
649 1705 760 1764 dicimus,
785 1712 883 1756 ssuctus
901 1721 927 1756 es
945 1722 1009 1768 rere,
1034 1717 1056 1758 et
1075 1723 1129 1757 rere
1147 1707 1329 1771 glorificandus,
1354 1705 1470 1765 excelsus,

193 1791 368 1857 sublimisque;
394 1791 458 1855 quod
477 1790 617 1840 adorstores
635 1798 691 1839 tuos
709 1789 748 1853 qui
767 1790 791 1839 iu
810 1798 872 1840 terre
891 1799 948 1841 sunt
966 1791 1051 1854 dignos
1069 1792 1156 1851 iecisti,
1180 1791 1273 1841 similes
1292 1790 1341 1840 illis
1359 1804 1416 1840 esse
1433 1788 1471 1855 qui

193 1884 217 1927 ts
235 1877 370 1938 gioriilcsnt
388 1877 410 1924 iu
430 1875 513 1924 coelis.
549 1875 650 1924 Sanctus
669 1875 739 1924 etism
758 1875 833 1924 Filius
851 1884 905 1925 tuus
924 1877 1060 1938 unigenitus
1079 1876 1195 1925 [lominus
1214 1885 1298 1926 noster
1316 1876 1386 1925 lesus
1404 1875 1472 1924 Citri-

193 1969 254 2021 stus,
274 1975 327 2010 ctum
346 1961 436 2024 Spiritu
455 1967 548 2017 sancte,
567 1959 607 2022 qui
627 1967 703 2009 tecum
723 1958 753 2008 sb
772 1968 870 2009 selerne
889 1961 1007 2019 coexistit,
1031 1968 1056 2009 ut
1074 1961 1182 2010 eiusdem
1202 1974 1304 2010 consors
1323 1968 1433 2020 naturae,
1450 1965 1473 2008 et

193 2047 304 2096 conditor
322 2046 428 2094 omnium
448 2052 621 2094 crestururum.
657 2043 825 2093 ilenedicimus
843 2043 952 2104 Domine,
972 2045 1046 2095 ileum
1059 2045 1170 2106 iierbnm,
1188 2045 1275 2095 Filium
1294 2044 1472 2102 absconditum,

192 2130 232 2194 qui
258 2137 295 2178 est
318 2143 345 2178 ex
369 2129 423 2178 siuu
449 2137 499 2188 tuo,
523 2128 563 2192 qui
582 2142 636 2178 cum
655 2128 679 2177 iu
697 2128 855 2178 similitudine
873 2136 913 2177 tua
931 2138 1004 2189 esset,
1028 2138 1052 2180 et
1070 2131 1148 2193 imsgo
1167 2129 1317 2180 substsutiee
1334 2136 1401 2189 tuae,
1425 2141 1473 2177 aea

191 2216 300 2280 rspinsm
319 2212 448 2263 erbitrstus
467 2221 503 2263 est
521 2227 575 2262 esse
593 2227 620 2262 se
639 2213 764 2278 sequetem
783 2213 841 2263 tibi:
861 2212 905 2262 sed
921 2213 1080 2277 semetipsum
1099 2215 1233 2274 exinanivit,
1252 2222 1275 2263 et
1288 2212 1473 2263 similitudieem

191 2301 252 2367 serri
272 2301 372 2362 accepit,
391 2297 513 2347 bominem
531 2298 664 2360 perlectum
684 2311 712 2346 ex
730 2297 809 2346 enims
828 2297 939 2347 rationaii
959 2298 1107 2360 intelligente
1126 2307 1149 2349 et
1168 2298 1308 2365 immortali,
1327 2304 1351 2346 et
1370 2310 1474 2360 corpora

189 2383 287 2434 mertsii
304 2382 438 2440 bominum,
457 2389 480 2429 et
497 2381 619 2431 coniunxit
636 2380 704 2429 ilium
722 2381 777 2440 sibi,
796 2382 917 2445 uniritque
935 2395 1017 2432 secum
1036 2384 1060 2432 iu
1079 2382 1163 2444 glosis,
1187 2389 1309 2447 potesttte
1327 2389 1351 2430 et
1370 2381 1473 2441 bonore,

161 2466 176 2491 ⁸
191 2482 217 2518 ex
243 2475 326 2516 ustura
351 2479 394 2514 sus
418 2464 574 2528 possibilem:
599 2464 638 2529 qui
658 2465 776 2513 iormetns
794 2473 831 2515 est
849 2481 893 2530 per
911 2467 1019 2516 virtutem
1038 2467 1143 2531 Spiritus
1160 2468 1238 2516 suncti
1256 2480 1301 2530 pro
1320 2465 1402 2515 ssinta
1419 2478 1474 2515 exs-

190 2552 271 2602 nium:
291 2551 380 2614 quique
399 2550 476 2597 iectus
494 2557 531 2597 est
550 2562 577 2597 ex
595 2548 705 2608 muliere,
724 2548 851 2613 lectusque
869 2549 914 2600 sub
933 2551 994 2613 iege,
1018 2559 1045 2600 ut
1063 2566 1105 2600 eos
1124 2552 1164 2615 qui
1183 2549 1228 2599 sub
1247 2550 1300 2611 iege
1319 2556 1390 2599 ersnt
1408 2549 1474 2598 redi-

189 2643 276 2695 meret,
301 2642 324 2682 et
348 2646 432 2680 omncs
457 2634 496 2694 qui
522 2632 546 2680 in
564 2632 637 2679 idem
664 2634 751 2682 mortui
777 2643 844 2684 ersnt
861 2635 1002 2685 ririiiceret:
1027 2636 1191 2700 destruxitque
1209 2643 1335 2699 peccatum
1355 2636 1381 2684 in
1400 2649 1473 2684 carus

189 2734 243 2779 suu,
262 2725 284 2766 ct
303 2717 380 2777 legem
399 2723 583 2778 praeceptorum
603 2731 646 2779 por
665 2725 792 2781 praecepte
811 2733 854 2767 sue
873 2719 1002 2769 destruxit:
1021 2721 1115 2784 speruit
1133 2720 1218 2770 oculos
1237 2720 1354 2769 mentium
1374 2727 1473 2769 nostrs-

189 2816 242 2852 rum
261 2800 301 2865 qui
321 2799 385 2848 oseci
404 2813 508 2857 cremus,
534 2807 556 2847 et
575 2800 671 2863 pisnsm
690 2801 747 2850 iecit
765 2802 835 2851 nobis
854 2803 913 2852 riom
932 2803 1032 2865 sslntis';
1051 2812 1075 2853 ct
1092 2804 1234 2854 illuminarit
1253 2818 1298 2853 nos
1318 2803 1372 2853 luce
1391 2805 1472 2854 scieu-

188 2889 236 2936 tiee
260 2886 360 2935 dirinse.
397 2882 448 2932 iilis
472 2884 535 2932 enim
562 2885 602 2947 qui
627 2894 771 2948 receperunt
795 2901 849 2935 curu
869 2888 934 2936 dedit
952 2896 1094 2951 potestatem
1115 2889 1177 2938 iiiios
1197 2889 1238 2937 liei
1257 2889 1324 2938 ileri:
1350 2889 1474 2938 munderit

188 2986 233 3021 uos
253 2979 275 3020 et
294 2970 393 3034 expiauit
411 2983 456 3017 nos
475 2984 519 3032 per
537 2969 682 3032 bsptismum
702 2984 778 3033 squse
796 2979 902 3030 ssnctse,
927 2980 951 3020 et
968 2973 1123 3021 sanctificarit
1142 2988 1185 3022 nos
1205 2975 1280 3034 gratie
1299 2987 1343 3022 sua
1362 2987 1410 3036 per
1427 2974 1471 3022 de·

189 3071 245 3107 num
264 3056 368 3119 Spiritus
387 3054 471 3102 sancti.
507 3053 554 3101 Eos
579 3068 676 3118 qnoque
695 3056 734 3118 qui
754 3056 889 3119 consepulti
908 3064 965 3106 sunt
983 3057 1028 3120 ipsi
1048 3072 1091 3120 per
1110 3058 1264 3120 baptismum,
1288 3059 1425 3117 suscitarit,
1449 3063 1473 3105 el

188 3141 294 3197 eiecerit,
313 3138 485 3200 collocavitque
504 3135 585 3186 seorim
605 3139 629 3187 in
649 3140 727 3199 cocio,
745 3141 877 3189 secuudum
897 3143 1084 3204 promissionem
1104 3156 1181 3190 suem.
1218 3142 1328 3207 Cumque
1346 3142 1471 3192 dilexisset

188 3238 247 3273 suos
267 3224 306 3287 qui
325 3224 348 3270 in
367 3223 413 3270 boc
432 3221 521 3269 mundo
540 3230 615 3281 ersut,
635 3239 711 3286 usque
731 3224 753 3272 in
773 3227 844 3274 linem
864 3225 946 3274 dilexit
964 3241 1015 3286 eos,
1035 3227 1161 3289 iactusque
1180 3234 1216 3274 est
1234 3227 1398 3276 succidsneus
1410 3241 1470 3291 poc·

188 3322 233 3357 nse
252 3308 345 3356 debitus
365 3307 469 3370 peccetis
487 3308 582 3366 generis
600 3309 686 3366 nostri,
705 3322 749 3371 pro
768 3309 812 3357 rita
832 3311 948 3368 omniurn,
967 3311 1079 3374 deditque
1098 3326 1124 3359 so
1144 3312 1221 3374 ipsum
1242 3326 1286 3375 pro
1306 3312 1422 3361 omnibus
1440 3311 1469 3360 ad

187 3399 290 3441 mortem
317 3404 377 3454 quse
400 3404 473 3452 snper
492 3404 536 3439 nos
555 3391 677 3452 regnnbst,
703 3399 725 3440 et
743 3392 789 3441 sub
808 3394 876 3442 cuius
891 3402 1010 3458 potestate
1027 3397 1133 3445 servituti
1152 3396 1240 3445 addicti
1258 3410 1366 3453 ersmua,
1391 3397 1468 3444 eidem

186 3477 274 3526 venditi
299 3490 343 3539 pcr
368 3482 464 3538 peccata
490 3483 586 3524 nostre:
612 3483 634 3524 ct
653 3490 697 3538 per
714 3478 854 3539 sanguinem
873 3493 943 3527 suum
963 3480 1096 3542 pretiosum
1115 3481 1225 3539 redemit,
1249 3488 1273 3529 ct
1290 3480 1393 3529 seirsrit
1410 3491 1468 3528 nos:

188 3561 361 3623 descenditque
379 3559 408 3607 sd
428 3559 529 3619 inlesos,
554 3569 578 3608 et
595 3560 664 3609 solvit
682 3561 776 3610 viuculo
795 3563 880 3611 mortis
899 3565 998 3613 rorecis.
1033 3564 1062 3611 Et
1080 3567 1134 3626 quis
1154 3566 1242 3613 iustum
1262 3580 1310 3613 nou
1331 3573 1383 3613 erat
1402 3565 1468 3613 utin

188 3645 282 3694 inicrno
307 3645 462 3702 detineretur,
488 3659 499 3692 e
520 3652 605 3704 morte,
630 3645 743 3708 princeps
769 3645 855 3695 ssiotis
873 3656 979 3706 nostrae,
1003 3651 1106 3696 surrexit
1124 3663 1136 3696 s
1156 3650 1258 3697 mortuis
1277 3650 1347 3698 tertie
1367 3649 1422 3709 die;
1446 3658 1469 3696 et

186 3728 264 3778 iectus
284 3737 320 3777 est
338 3729 457 3791 primitius
475 3727 654 3788 dormientium,
674 3737 700 3777 ut
718 3737 782 3778 esset
799 3731 893 3793 primus
912 3733 934 3781 in
953 3734 1080 3780 omnibus:
1100 3733 1207 3781 escendit
1225 3735 1249 3782 in
1262 3733 1373 3782 coelum:
1393 3733 1467 3782 sedit-

188 3814 289 3874 quered
308 3813 429 3861 dexterum
448 3812 579 3861 molestetis
598 3820 660 3871 tuoe,
686 3814 756 3862 [leus.
791 3815 821 3862 iit
838 3815 936 3877 reliquit
953 3816 1023 3864 uobis
1043 3819 1297 3866 commemorationem
1316 3819 1405 3866 sulutia
1423 3831 1467 3866 ue-

187 3899 260 3953 stree,
279 3899 416 3958 mysterium
436 3897 483 3945 boc
501 3897 564 3959 quod
584 3898 709 3946 offerimus
728 3912 809 3948 eorem
828 3907 858 3948 te.
894 3900 953 3949 Cum
973 3901 1035 3948 enirn
1055 3901 1189 3951 advenisset
1207 3911 1304 3964 tempus
1323 3917 1372 3966 quo
1387 3902 1468 3952 trede-

185 3976 257 4026 bstur
275 3994 318 4040 pro
337 3982 382 4030 rite
401 3981 492 4039 mundi,
510 3989 638 4044 postquem
657 3984 764 4031 coenavit
782 3984 806 4031 in
826 3983 940 4032 Psscbste
959 3984 1019 4046 legis
1038 3985 1133 4047 Moysis,
1152 3987 1244 4050 socepit
1262 4000 1351 4049 penem
1372 3988 1396 4035 in
1417 4000 1468 4035 ma·

187 4074 232 4109 nus
255 4076 312 4111 sues
336 4074 439 4123 sanctes,
463 4066 628 4115 immaculutae
653 4074 677 4115 ct
700 4067 849 4130 impollutus,
873 4067 994 4118 benedixit
1020 4076 1043 4118 et
1067 4070 1145 4131 tregit,
1171 4080 1194 4120 et
1211 4070 1326 4130 comedit,
1352 4071 1468 4134 deditque

187 4144 313 4208 discipulis
337 4156 360 4196 et
384 4148 449 4206 dixit,
474 4149 584 4211 recipite,
609 4150 671 4199 edite
696 4165 723 4198 cx
747 4165 775 4199 eo
800 4165 842 4200 uos
868 4166 961 4201 omues.
998 4152 1049 4201 ileo
1074 4163 1110 4202 est
1128 4169 1217 4218 corpus
1236 4169 1317 4204 meum
1337 4156 1403 4220 quod
1423 4169 1468 4219 pro

187 4229 254 4276 robis
273 4230 391 4292 irsngitur
408 4231 430 4278 in
451 4233 618 4280 remissionem
638 4240 800 4296 peccatorum.
837 4236 913 4284 Simili
933 4237 1005 4285 modo
1024 4245 1047 4285 et
1066 4238 1163 4287 cslicem
1183 4241 1280 4288 miscuit
1297 4240 1468 4304 ninoetsqua,

188 4317 213 4358 et
230 4311 358 4373 benedixit,
377 4323 400 4363 et
417 4314 485 4372 bibit,
510 4315 622 4378 deditque
640 4316 766 4380 discipulis
783 4319 835 4367 suis
853 4327 877 4369 ct
894 4320 959 4368 dixit.
993 4320 1070 4370 iiibitc
1088 4338 1115 4371 ex
1134 4338 1163 4372 eo
1182 4339 1223 4372 ros
1242 4337 1343 4374 ornnes:
1369 4324 1415 4373 iiic
1431 4330 1470 4372 eat

186 4396 285 4454 sanguis
303 4410 371 4445 meus
388 4397 534 4446 Testamenti
553 4401 615 4458 nori,
639 4402 679 4464 qui
699 4415 743 4464 pro
762 4402 844 4451 multis
862 4404 990 4455 effunditur
1007 4406 1031 4454 in
1050 4408 1217 4457 remissionem
1237 4417 1405 4470 peccatorum,
1430 4415 1469 4456 st-

184 4488 233 4540 qus
256 4477 287 4525 ita
311 4479 382 4528 tacite
405 4482 428 4528 in
453 4481 499 4529 mei
524 4484 664 4533 memoriam
683 4486 761 4535 douec
778 4487 878 4536 reniam.
914 4490 1118 4555 Quotiescumque
1135 4493 1198 4542 enim
1218 4493 1421 4546 msuducarcritis
1437 4504 1466 4543 ex
