3044 4912
623 201 715 318 '75

127 425 255 503 XVIII.
281 437 354 507 Καὶ
373 439 460 526 μετὰ
478 440 518 510 sd
540 437 671 524 πάντας
692 438 817 511 εἰπεῖν·
835 422 953 524 ἀμήν,
975 436 995 510 d
1018 436 1172 524 διάκονος
1187 443 1326 533 λεγέτω·

42 522 274 625 πρόσχωμεν
298 539 356 610 soi
377 538 397 610 ὃ
419 539 606 624 ἐπίσκοπος
626 541 902 634 προςφωνὴοοτω
921 548 971 634 api
991 544 1063 634 lup*
1085 541 1189 613 οὕτω·

131 645 194 719 Τὰ
220 645 333 749 ἅγια
357 651 456 729 τοῖς
481 644 677 749 ἁγίοιςῧ)

128 776 201 847 Καὶ
221 774 241 846 d
262 777 346 859 tude
365 773 578 848 ὕποκούοτω·
606 763 658 850 εἷς
690 764 818 868 birrum
849 759 901 851 οἷς
931 762 1058 865 κύριος
1062 822 1077 856 ,
1109 764 1161 850 εἷς
1186 768 1328 863 Ἰησοῦς

49 880 229 975 Χριστὸς,
254 885 305 966 εἰς
330 879 446 968 δόξαν
470 885 568 962 θεοῦ
591 883 743 983 πατρὸς,
769 881 965 986 εὐλογητὸς
984 889 1040 970 'alc
1062 882 1151 968 τοὺς
1168 888 1324 967 αἰῶνας·

53 995 165 1097 ἀμήν.
218 997 320 1085 Δόξα
352 1003 395 1078 ἐν
424 1000 597 1102 ὑψίστοις
630 1006 712 1102 θεῷ
744 1002 809 1078 καὶ
844 1001 903 1078 ἐπὶ
934 1011 1002 1106 γῆς
1026 998 1164 1102 εἰρήνη,
1190 1003 1232 1079 ir
1258 1000 1326 1076 ἄν·

56 1272 113 1323 rade
135 1273 189 1324 bier
214 1283 339 1325 ernartsn.
375 1274 490 1339 Bestltigt
507 1276 558 1328 dies
576 1276 696 1329 nielleicbt
713 1277 752 1328 dis
771 1277 941 1341 Vermutbung,
964 1276 1021 1327 dass
1038 1277 1077 1327 dis
1095 1275 1178 1329 Coust.
1196 1274 1239 1325 das
1256 1273 1327 1324 Vater

57 1356 134 1407 llsser
155 1358 195 1408 tdr
215 1354 264 1409 deu
282 1359 409 1411 Cebraueb
432 1358 493 1410 aller
511 1359 623 1412 Cbristen
647 1362 771 1412 bestimmt
793 1361 906 1425 glaubtcn
923 1360 973 1412 und
991 1358 1067 1410 daber
1083 1360 1153 1410 einen
1171 1357 1327 1421 dreimaligen

59 1440 181 1492 Cebrsucb
198 1443 238 1493 tur
252 1444 325 1507 jedeu
343 1444 393 1507 Τις
411 1459 498 1496 ausser
514 1445 569 1496 darn
583 1447 760 1498 Cottosdienste
778 1441 976 1497 rorordnctenY‘
1012 1444 1161 1506 biunbanr
1179 1444 1203 1493 in
1222 1442 1266 1492 ista
1285 1456 1325 1492 ee·

59 1525 137 1585 clasis.
160 1529 229 1577 cuius
248 1528 379 1591 liturgiam
402 1529 500 1580 uadunt
517 1530 715 1593 (tumulationes,
741 1531 877 1582 inusitatam
901 1531 987 1590 luisse,
1009 1537 1088 1580 tamen
1113 1526 1278 1579 uniuersaliter
1301 1527 1325 1577 in

60 1610 156 1675 reliquis
174 1613 286 1664 ecclesiis
303 1614 438 1678 obtinuisse
454 1622 531 1680 putat.
565 1615 693 1681 Exspecta
710 1617 819 1681 aenigma
837 1630 950 1679 maguam
968 1628 1038 1665 snum
1056 1613 1200 1679 Apollinem.

139 1712 163 1773 l)
180 1714 284 1766 Tanatus
301 1710 415 1767 herema
433 1715 570 1769 adllissam
580 1708 783 1780 MosarabumJTn
802 1732 848 1783 qua
867 1716 951 1767 eadsru
969 1730 1012 1767 ros
1029 1715 1132 1766 recurrit
1147 1713 1207 1764 baec
1216 1712 1324 1777 proferte

60 1797 116 1859 „aa
132 1798 192 1850 baec
208 1800 233 1849 iu
258 1801 370 1851 omuibus
388 1802 534 1855 Crassorum
553 1809 577 1853 ct
594 1803 747 1854 orientalium
765 1803 869 1865 liturgiis
887 1801 1014 1853 notissima
1031 1799 1144 1851 formula.
1179 1796 1204 1847 S.
1223 1794 1327 1860 Cprillua

60 1880 288 1948 lberosolpmitanus
311 1885 372 1947 (Cat
390 1885 458 1950 lipst.
476 1887 516 1947 bl:
541 1886 660 1939 Sacerdos
684 1888 751 1949 dicit,
774 1887 862 1938 Sancta
876 1888 985 1960 saneim
1009 1893 1033 1936 et
1050 1899 1092 1935 ros
1109 1881 1236 1941 subiicitis,
1261 1881 1326 1931 Unus

59 1965 165 2029 Maus,
182 1983 247 2019 nnus
263 1968 381 2021 liornioos
397 1969 466 2021 lesus
484 1971 602 2022 Christus.
638 1972 827 2025 constitutiones
844 1971 997 2036 Apostolicae
1020 1969 1072 2029 (lib.
1090 1967 1150 2018 lllll.
1169 1982 1189 2016 c.
1201 1963 1250 2026 tt).
1285 1964 1326 2013 Li·

59 2053 131 2115 unia
147 2053 172 2104 S
192 2053 373 2117 Cbrpsostomi:
390 2054 484 2105 Clamat
500 2056 623 2118 sacerdos,
640 2057 728 2107 Sinera
745 2059 850 2119 sauctis3
868 2055 966 2115 chorus,
983 2054 1050 2104 Unus
1068 2052 1178 2110 Sanetus,
1195 2063 1258 2099 unns
1276 2048 1326 2098 llo-

59 2137 133 2187 1inus
156 2136 227 2188 lesus
254 2138 364 2189 Christus
388 2139 412 2190 in
438 2140 540 2203 gloriam
564 2141 607 2191 llsi
625 2142 710 2192 l‘atris.
745 2142 771 2191 ln
789 2141 894 2203 liturgia
912 2139 937 2189 S.
957 2138 1053 2188 lacobl:
1082 2134 1211 2194 Sacerdos,
1238 2132 1326 2183 Sancta

59 2222 147 2273 mamis
161 2222 264 2285 clamat;
291 2232 315 2273 et
333 2224 447 2289 populus,
472 2225 667 2287 Suessanum,
691 2242 753 2277 nnus
768 2224 886 2277 boninus
904 2224 973 2275 lesus
991 2220 1101 2274 Cbrlstus
1119 2220 1143 2271 in
1161 2219 1263 2282 gloriam
1282 2217 1326 2267 llsi

59 2304 144 2367 Patris,
160 2307 196 2357 esi
213 2307 292 2370 gloria
310 2308 449 2361 insaecula
467 2309 629 2361 saeculorum.
645 2311 728 2361 lmen.
764 2311 791 2360 ln
809 2310 905 2372 liturgia
923 2309 1013 2360 Graeca
1023 2304 1181 2356 Alexandrina
1199 2303 1224 2354 S.
1235 2301 1326 2362 Basilii,

58 2389 172 2441 mutos
189 2391 265 2443 eleuat
281 2392 409 2459 spadices,
427 2394 476 2445 siro
494 2405 586 2459 partem
605 2396 720 2446 maiorem
738 2395 832 2447 hostiae
849 2400 1003 2449 consecratas
1021 2391 1093 2456 (qnae
1109 2392 1133 2442 iu
1153 2389 1206 2439 aliis
1224 2386 1326 2438 rubricis

60 2472 196 2541 despotieon
220 2476 317 2540 dicitnr,
340 2479 453 2529 nimirum
472 2479 566 2545 Corpus
585 2480 754 2543 dominicum),
777 2490 802 2537 at
819 2480 914 2542 clamat,
937 2477 1024 2528 Sancta
1042 2476 1146 2536 sanctis;
1169 2480 1193 2524 et
1209 2472 1325 2538 populus,

60 2559 121 2610 Unus
145 2559 216 2612 Pater
240 2570 346 2625 sanctus,
372 2579 432 2614 unus
456 2564 531 2615 Filius
555 2574 660 2627 sanctus,
685 2581 746 2615 unus
771 2565 875 2630 Spiritus
894 2565 1011 2624 Sauctns;
1038 2569 1108 2627 atque
1132 2562 1163 2610 ita
1181 2561 1205 2610 in
1224 2557 1325 2620 liturgiis

61 2645 169 2711 Copticis‚
194 2647 308 2711 Syriacis,
332 2649 487 2714 Aethiopicis,
512 2649 648 2711 Chaldaeis,
673 2659 696 2700 et
714 2651 811 2702 Graecis
829 2648 1003 2710 Alexandrinis,
1029 2648 1052 2696 in
1076 2659 1178 2710 quarum
1202 2641 1326 2695 nonnuliis

60 2732 204 2781 contentioni
224 2718 348 2782 Trinitatis
372 2733 467 2784 additur
489 2734 625 2797 domionis,
648 2737 672 2786 iu
697 2737 751 2785 aliis
776 2736 902 2800 proiixior,
925 2734 1020 2784 brevior
1037 2733 1060 2780 in
1081 2731 1148 2790 aliis;
1172 2730 1197 2779 in
1215 2727 1326 2778 omuibus

60 2822 144 2875 umen,
168 2824 218 2866 tam
244 2817 389 2867 Graecorum
415 2832 485 2884 quam
510 2820 671 2880 orientalium,
695 2821 797 2882 liturgiis
815 2820 902 2870 Sancta
920 2818 1009 2868 sanctis
1034 2817 1095 2866 elatu
1120 2829 1176 2864 voce
1194 2814 1325 2878 protertur.

58 2901 128 2964 ltqne
145 2903 178 2950 ita
196 2901 319 2964 prolatum
338 2903 412 2952 luisse
430 2903 493 2967 apud
512 2904 725 2969 Gotho-Hispanos
744 2913 767 2954 et
785 2903 876 2962 Galles,
896 2911 920 2952 ut
938 2917 951 2951 a
970 2909 1019 2951 toto
1038 2900 1129 2966 populo
1148 2899 1224 2948 audiri
1240 2905 1325 2962 P⁰¹¹¹⁰·

57 2986 92 3045 rit,
116 2986 175 3035 mibi
200 2994 294 3037 cortun
317 2995 362 3047 est,
380 2990 488 3051 quamuis
506 2989 600 3039 rubrica
619 2990 695 3040 nostri
714 2989 819 3038 missalis
836 2987 985 3052 praescribat
1003 2994 1029 3035 ut
1046 2986 1166 3035 submissu
1185 2997 1242 3033 roca
1260 2982 1325 3030 dica-

58 3078 108 3132 tsr;
133 3085 190 3129 nam
217 3070 290 3121 modo
314 3079 406 3135 partam
433 3073 506 3122 ellleit
532 3074 649 3123 orationis
674 3088 745 3138 qnam
764 3073 793 3123 ad
812 3073 1004 3122 commistionem
1023 3070 1139 3134 Corporis
1158 3077 1181 3118 et
1198 3065 1326 3129 Sanguinis

58 3154 147 3204 bomini
173 3155 284 3206 lantiunt.
320 3158 362 3206 list
385 3157 442 3206 olim
466 3157 496 3206 ab
528 3172 555 3206 en
579 3161 688 3208 orations
705 3158 838 3208 seiunctum
858 3164 923 3218 erat;
947 3163 971 3205 et
989 3156 1093 3223 populus
1110 3153 1146 3203 uel
1165 3153 1253 3203 chorus
1270 3158 1328 3215 post

58 3240 143 3290 dietum
162 3241 251 3290 Ssseta
275 3243 366 3291 sanctis
384 3241 500 3306 quaedam
521 3243 628 3304 canebat,
653 3259 714 3306 quac
732 3243 823 3293 missali
840 3250 924 3292 nostro
943 3242 1041 3291 omuino
1060 3240 1205 3290 exciderunt.
1240 3236 1327 3300 Suspi⁶

58 3340 96 3374 cor
113 3335 194 3376 tamen
213 3333 269 3390 post
287 3326 374 3377 Sancta
392 3328 483 3377 sanctis
501 3327 525 3377 ld
544 3336 663 3378 cantatum
682 3328 757 3377 luisse
776 3328 840 3393 qood
854 3327 1059 3379 CalliTrocunurn
1078 3323 1240 3390 appellabant,
1259 3335 1326 3371 com·

58 3410 254 3474 plectebaturqua
271 3410 326 3462 lidei
345 3412 476 3463 catholicas
494 3414 672 3463 contessionem
683 3414 712 3463 de
723 3414 793 3463 unius
803 3414 902 3465 Deitatis
912 3413 982 3463 trium
993 3424 1153 3475 personarum
1163 3407 1325 3462 distinctione,

58 3496 171 3559 optimam
199 3503 284 3546 centn
310 3497 424 3546 haereses
450 3497 592 3548 brianonum
619 3506 642 3547 et
661 3497 897 3548 l’riscilliauistarum
924 3497 1065 3547 antidotum.
1100 3494 1242 3544 ‘Trecsnum
1270 3503 1325 3538 roro

57 3581 118 3645 quod
143 3579 267 3646 psallitur,
292 3580 375 3645 inquid
392 3581 417 3630 S.
437 3583 579 3642 Germanus,
600 3584 694 3646 signum
714 3591 751 3632 est
769 3583 906 3634 Catholicae
924 3581 979 3631 lldei
996 3580 1026 3631 dc
1044 3578 1167 3628 Trinitatis
1185 3573 1325 3626 credulitate

58 3665 201 3728 procedere;
219 3666 256 3715 sic
274 3667 337 3716 enim
355 3667 432 3731 prima
451 3667 606 3728 insecundo,
625 3670 730 3720 secunda
749 3667 772 3715 iu
790 3667 869 3727 tertia,
887 3673 910 3715 et
927 3678 1024 3714 rursum
1042 3663 1110 3712 tertia
1129 3663 1152 3710 in
1170 3657 1284 3716 secundo,
1303 3664 1326 3705 et

58 3751 158 3802 uuanda
183 3757 282 3800 notetur
304 3751 328 3799 in
347 3754 433 3815 prima,
458 3752 489 3801 ita
508 3751 578 3802 Pater
595 3753 618 3802 in
637 3752 697 3801 Filio
717 3750 855 3815 mysterium
873 3749 995 3800 Trinitatis
1014 3746 1189 3811 complectitur,
1214 3744 1283 3792 l'ater
1301 3741 1325 3790 in

58 3835 122 3898 lilio,
139 3836 217 3886 Tilins
234 3836 259 3885 in
277 3835 367 3899 Spiritu
385 3836 482 3896 Sancto,
500 3834 605 3901 Spiritus
623 3836 725 3886 Sanctus
743 3837 768 3886 iu
781 3834 852 3895 Tillo,
871 3842 894 3883 et
911 3833 986 3882 Filius
1005 3845 1089 3882 rursus
1107 3831 1130 3881 in
1149 3826 1235 3878 Patre!
1259 3825 1326 3875 Unde

59 3929 118 3982 patet
141 3922 204 3971 banc
222 3920 345 3970 Trinitatis
369 3921 546 3970 contessionem
571 3920 634 3970 haud
658 3920 795 3970 absimilem
818 3933 872 3969 osso
898 3918 932 3968 illl
957 3931 1028 3981 quarn
1053 3923 1110 3980 post
1132 3915 1218 3963 Sancta
1236 3913 1326 3961 sanctis

59 4008 159 4069 populus
184 4008 207 4055 in
235 4005 328 4054 oriente
351 4007 499 4069 proterebat,
525 4007 590 4056 Unus
616 4006 685 4055 Pater
709 4013 815 4065 sanctus,
839 4019 901 4054 uuus
919 4001 993 4052 Tilius
1012 4007 1117 4059 sanctus,
1143 4012 1204 4047 riuus
1222 3995 1327 4061 Spiritus

59 4089 165 4149 Sanctus,
195 4098 241 4142 etc
277 4091 304 4141 ln
329 4098 466 4155 pervetusto
494 4091 576 4141 codice
600 4091 700 4152 insignis
718 4090 839 4140 Ecclesiae
857 4087 1040 4150 ludegaremis,
1067 4092 1127 4134 teste
1145 4082 1269 4142 ldartenio,
1296 4080 1326 4130 de

59 4175 129 4242 latiq.
149 4176 215 4226 Eccl.
234 4176 306 4225 nitio.
325 4175 396 4225 lib.l.
415 4176 502 4240 capt.
521 4175 600 4225 artil.
619 4174 669 4224 οἳ
694 4175 724 4225 ad
748 4175 840 4224 hostiae
863 4173 887 4223 iu
906 4171 1004 4221 calicem
1024 4169 1197 4219 immissionem
1216 4166 1327 4228 leguntur

60 4259 113 4312 baec
129 4262 211 4322 serbo,
230 4263 345 4311 Sanctum
364 4275 418 4310 cum
437 4262 540 4311 sanctis:
559 4262 618 4310 bueo
636 4269 789 4311 socrosancta
809 4257 944 4308 commixtio
963 4263 1023 4316 etr.;
1043 4262 1065 4303 et
1083 4255 1106 4303 in
1125 4253 1201 4302 altaro
1219 4249 1326 4299 eiusdem

60 4343 176 4397 Ecclesiae
200 4345 302 4407 missali,
327 4345 414 4395 Sancta
439 4361 492 4395 cum
516 4345 605 4397 sanctis
624 4353 647 4394 et
664 4345 800 4394 commistio
820 4343 935 4407 Corporis
954 4348 976 4390 et
994 4339 1121 4403 Sanguinis
1140 4335 1233 4386 llomini
1252 4334 1327 4384 nostri

61 4430 108 4480 lesu
126 4432 218 4482 Christi
242 4432 322 4495 prosit
345 4431 470 4481 edentibus
495 4439 517 4481 et
541 4429 678 4480 bibentibus
702 4429 726 4478 iu
751 4430 820 4478 ritum
846 4437 975 4478 aeternum.
1003 4427 1084 4474 dinen.
1120 4424 1216 4482 Quaen
1236 4426 1327 4470 vetusto

61 4515 178 4568 Callioano
195 4516 245 4566 ritu
265 4515 374 4579 prolecta
392 4530 447 4567 esse
465 4516 535 4566 lacile
553 4524 591 4566 est
608 4512 777 4578 dignoscere.“
866 4532 869 4537 ·
