3044 4912
793 269 876 342 412

479 442 565 518 Εἶτα
586 445 808 536 λαμβάνοιτο
830 445 1001 537 ποτήριον,
1023 473 1080 516 και
1071 446 1200 535 λε’γει.

273 567 512 698 Ὡσαύτως
546 568 661 699 μετά
696 568 747 644 τὸ
772 568 1040 667 δειπνήσαι,
1076 565 1234 663 λαβὼν
1259 565 1311 643 τὸ
1335 563 1467 664 ποτή-

203 701 327 770 ριον,
362 672 440 749 καὶ
464 669 666 769 κεράσας
690 674 737 756 ἐξ
761 676 895 746 οἴνου
920 700 997 746 και
985 669 1219 759 ὕδατος,
1257 668 1381 743 κάλ’
1361 696 1463 744 ανα

202 776 381 874 βλέψας
414 777 480 858 εἰς
513 773 595 849 τὸν
631 773 861 871 οὐρανὸν,
902 772 979 847 καὶ
1016 770 1271 856 ἀναδείξας
1307 769 1383 845 σοὶ
1413 776 1463 901 τρλ
1512 804 1518 811 ·

207 882 300 975 θεῶ
326 875 403 952 καὶ
430 875 606 972 Πατρὶ,
642 875 1006 1005 εὐχαριστήσας,
1034 869 1263 1001 ἁγιάσας,
1284 869 1463 998 εὐλογή-

205 1003 306 1068 σας,
342 974 515 1074 πλήσας
543 973 870 1073 H6a6o6roc‘
848 975 1006 1104 αγήου,
1042 974 1263 1057 ἔδωκεν
1241 980 1356 1103 ημῖν
1379 980 1462 1057 τοῖς

205 1083 351 1156 αὐτοῦ
386 1082 625 1208 μαθηταῖς
659 1077 821 1168 εἰπὼν,
859 1078 999 1153 Πίετε
1035 1080 1080 1163 ἐξ
1115 1077 1263 1153 αὐτοῦ
1288 1075 1461 1160 πάντες·

203 1179 345 1258 τοῦτό
371 1210 459 1276 μου
485 1180 582 1256 ἐστὶ
605 1179 656 1255 τὸ
683 1178 818 1275 αἷμα,
850 1180 901 1254 τὸ
927 1188 1006 1276 τῆς
1030 1187 1197 1276 καινῆς
1221 1176 1462 1276 διαθήκης,

205 1284 257 1360 τὸ
292 1283 406 1380 ὑπὲρ
443 1283 576 1378 ὑμῶν
612 1282 689 1357 καὶ
715 1289 902 1357 πολλῶν
927 1279 1233 1378 ἐκχεόμενον,
1268 1308 1349 1355 και
1335 1279 1464 1357 δια-

206 1384 461 1480 διδόμενον
486 1389 550 1468 ελς
576 1384 748 1482 ἄφεσιν
774 1383 1030 1480 ἁμαρτιῶν.

764 1531 802 1600 Ὁ
824 1529 916 1614 λαός.

276 1617 425 1718 Ἀιιήν.

753 1715 929 1807 Ὁλερεάς.

288 1829 431 1898 Τοῦτο
457 1826 631 1895 ποιεῖτε
658 1826 723 1905 εἰς
747 1821 829 1948 τήν
855 1819 1014 1919 &nviv'
994 1819 1282 1919 ανάμνησιν
1317 1818 1462 1903 ὁσάκις

205 1924 293 2029 γὰρ
330 1923 387 2000 ἂν
399 1923 612 2052 ἐσθίητε
647 1920 781 1999 τὸν’
765 1927 908 2050 άρτον
933 1931 1123 2013 τοῦτον,
1160 1923 1237 1999 καὶ
1263 1923 1313 1998 τὸ
1339 1917 1462 2019 ποτή-

208 2056 311 2154 ριον
336 2034 474 2101 τοῦτο
500 2029 681 2122 πίνητε,
707 2024 788 2100 τὸν
813 2022 1030 2101 θάνατον
1055 2034 1137 2101 τοῦ
1161 2026 1268 2102 Υἱοῦ
1294 2034 1376 2101 τοῦ
1398 2026 1461 2101 ἄν

206 2126 403 2229 θρωπου
437 2127 794 2255 καταγγελλετε,
830 2127 908 2202 καὶ
932 2125 1015 2224 τήν
1042 2124 1307 2204 ἀνάστασιν
1334 2128 1462 2204 αὐτοῦ

167 2292 169 2301 ,
209 2231 547 2333 ὁμολογεῖτε,
529 2232 664 2326 α’χρις
689 2222 742 2304 06
769 2230 892 2325 ἔλθη.

637 2358 863 2449 Λέγουσινς
831 2387 865 2430 οι
886 2360 1046 2431 διάκονοι.

285 2463 582 2561 Πιστεύομεν
607 2464 684 2538 καὶ
709 2464 1044 2565 ὁμολογοῦμεν.

700 2574 703 2586 ’
764 2594 802 2663 ‘0
831 2595 922 2677 λαός.

289 2700 377 2774 Τὸν
403 2697 617 2774 θάνατόν
643 2725 746 2789 σου,
772 2697 838 2775 Κά
877 2730 935 2789 ιε,
970 2701 1367 2804 καταγγελλομεν,
1402 2697 1465 2776 καὶ

207 2801 289 2898 τὴν
315 2798 579 2876 ἀνάστασίν
606 2825 688 2876 σου
715 2731 1051 2903 ὁμολοῖοῦμεν

753 2931 824 3002 “0
814 2934 929 3025 ιερεάς.

286 3040 406 3115 ΧΧΧΙ.
435 3038 742 3135 Μεμνημένοι
769 3035 853 3116 οὖν
878 3071 955 3115 και
980 3073 1002 3137 ν
1011 3047 1113 3136 μεῖς
1139 3041 1181 3115 οἱ
1209 3036 1475 3147 ἁμαρτωλοε

208 3148 300 3216 τῶν
338 3140 579 3230 ζωοποιοῦν
614 3142 757 3216 αὐτοῦ
783 3140 1099 3239 παθημάτων,
1135 3151 1217 3217 τοῦ
1242 3141 1475 3241 σωτηρίου

208 3348 288 3412 polos.
312 3349 393 3397 Arnen.
430 3349 486 3397 i'ino
505 3356 584 3397 antem
603 3355 626 3396 ct
645 3363 719 3411 aquae
738 3348 836 3398 calicem
856 3350 915 3399 titse
935 3358 1072 3414 temperans
1090 3349 1244 3398 sanctificavit
1261 3361 1315 3398 eum
1334 3349 1477 3411 tradensque

209 3433 287 3484 coetui
311 3432 485 3496 discipulorum
504 3447 603 3482 suornm
621 3432 693 3482 dixit:
718 3432 762 3482 Hic
780 3442 816 3483 est
834 3435 931 3496 sangnis
946 3449 1014 3484 mens
1033 3436 1073 3499 qni
1091 3434 1202 3495 obsignat
1220 3440 1244 3482 et
1261 3434 1389 3482 confirmat
1407 3441 1477 3483 testa-

208 3526 314 3567 mentum
334 3518 418 3566 mortis
437 3532 504 3566 meae
523 3525 567 3569 etc.

293 3602 350 3665 Cap.
370 3602 447 3651 xxxt.
464 3602 553 3652 xxxtt.
572 3602 670 3652 xxxnt.
705 3603 757 3652 Non
776 3603 916 3653 observatur
934 3602 1042 3651 codicum
1061 3602 1168 3651 varietas.

293 3689 345 3751 Syr.
370 3687 488 3736 Memores
513 3687 584 3748 igitur
607 3702 652 3736 nos
669 3687 771 3737 Domine
794 3688 878 3737 mortis
902 3695 956 3736 taac
979 3694 1003 3735 et
1028 3702 1041 3734 a
1068 3687 1170 3735 mortuis
1197 3694 1254 3750 post
1271 3687 1377 3736 triduom
1397 3702 1478 3736 resur·

207 3774 322 3823 rectionis
341 3788 385 3822 nec
404 3788 451 3822 non
471 3780 494 3823 et
512 3774 661 3822 ascensionis
679 3781 733 3822 tuae
751 3773 774 3821 in
793 3772 887 3822 coelom
906 3780 929 3821 et
946 3772 1080 3821 sessionem
1099 3772 1127 3821 ad
1146 3771 1267 3821 dexteram
1286 3773 1370 3835 patris,
1397 3772 1482 3821 sedet

208 3859 307 3906 secundi
331 3859 364 3908 toi
390 3858 503 3908 terribilis
528 3866 551 3907 et
568 3859 667 3919 gloriosi
685 3858 799 3906 adventas
817 3871 869 3906 cum
889 3857 917 3905 ad
937 3857 1020 3905 orbem
1039 3865 1117 3905 terrae
1136 3858 1197 3906 iuste
1215 3857 1368 3905 indicandum
1388 3857 1482 3906 veneria

209 3949 232 3990 ct
250 3943 377 4006 unicnique
396 3944 527 3992 secandum
546 3956 619 4005 opcrs
638 3956 680 3990 sna
700 3941 853 3990 retribueris:
878 3941 1001 3989 offerimus
1026 3941 1067 3989 tibi
1092 3940 1139 3991 hoc
1156 3941 1306 3990 tremendum
1326 3949 1351 3991 et
1367 3942 1482 3991 incruen-

208 4032 258 4074 tam
277 4028 420 4076 sacrificium
439 4037 483 4077 etc.
521 4027 549 4075 Ut
566 4034 667 4076 testatur
685 4027 787 4075 ioannes
800 4025 863 4074 itanc
883 4024 1024 4074 c3211acc
1043 4026 1123 4074 Oratio
1143 4026 1266 4076 dicebatur
1285 4026 1397 4076 Oratio
1416 4026 1484 4076 Dis·

208 4112 430 4173 pensationis‚
455 4110 519 4174 qnod
544 4111 568 4158 in
587 4111 637 4174 ipsc
657 4118 758 4159 mortem
778 4116 801 4158 et
818 4118 896 4158 cetera
916 4110 1107 4173 Dispensationis
1125 4110 1151 4159 tt.
1170 4110 1198 4159 N.
1217 4110 1235 4160 i.
1254 4111 1280 4160 C.
1300 4125 1376 4175 opera
1394 4111 1483 4160 Socer-

208 4193 252 4243 dos
277 4202 456 4243 commemoret.
491 4199 571 4258 ienae
595 4194 725 4244 concordat
747 4194 866 4244 invocatio
892 4195 996 4257 Spiritus
1020 4196 1116 4245 Sancti:
1140 4202 1252 4259 precatur
1274 4197 1392 4245 sacerdos
1417 4209 1484 4258 cum,

208 4281 247 4341 qui
266 4294 340 4342 super
351 4286 447 4327 sanctos
465 4279 590 4342 apostolos
608 4281 690 4343 specio
708 4278 842 4339 linguarum
861 4281 983 4342 ignearum
1004 4281 1129 4343 apparuit:
1155 4288 1181 4330 ut
1199 4280 1279 4330 ittatus
1297 4280 1412 4330 ostendat
1430 4295 1484 4344 my·

209 4363 308 4427 sterium
326 4363 373 4411 hoc
390 4377 479 4425 corpus
497 4364 620 4423 vivificum,
639 4363 860 4427 corporatorum,
879 4379 967 4428 corpus
986 4366 1077 4414 animas
1096 4365 1192 4414 salvans
1212 4374 1235 4414 ct
1253 4380 1366 4428 corpora,
1392 4380 1485 4428 corpus

208 4446 285 4508 ipsios
303 4447 397 4497 Domini
416 4447 457 4496 Dei
477 4455 500 4496 ct
517 4447 684 4511 Redemptoris
704 4448 779 4515 nostri
797 4448 850 4498 iasa
870 4449 968 4507 Christi,
987 4449 1057 4499 sociat
1075 4458 1101 4499 nt
1118 4451 1149 4499 sit
1167 4451 1340 4514 accipientibus
1359 4449 1440 4514 ipsum
1459 4450 1488 4499 in

209 4530 377 4581 remissionem
396 4540 549 4596 pcccatorum
568 4541 591 4582 at
609 4535 632 4582 ia
650 4534 720 4583 ritom
739 4540 870 4584 aeternam.
907 4533 1021 4598 Populus.
1040 4536 1121 4585 tmen.
1149 4534 1179 4586 Et
1197 4535 1297 4586 calicem
1314 4535 1379 4585 hanc
1397 4543 1486 4585 osten-
