3044 4912
727 235 799 311 130

120 419 249 518 κρίνης
272 418 373 516 ἡυᾶς
395 417 484 502 τοὺς
507 417 752 512 ἁμαρτωλοὺς
776 418 836 493 ἐπὶ
860 425 906 514 τῇ
932 412 1134 514 μεταλήψει
1158 416 1273 492 τῶνᾶ

121 550 199 597 τοιν
225 546 294 597 σου
310 520 543 648 μυστηρίων,
567 519 660 594 ἀλλὰ
677 517 882 619 wangas
861 527 972 616 ημᾶς,
999 517 1179 646 ἇγαθί,’
1163 547 1204 595 ιν
1221 517 1272 621 ἆγ

120 632 189 699 τοῦ
215 622 326 724 ἁγίου
352 646 421 699 σου
437 618 674 718 Πνειίματος,
696 620 812 698 ῗνα“
754 650 886 749 αμιοι
911 617 1178 750 γενόμενοι”
1136 648 1273 749 ευριομι

123 753 187 820 ρος
216 726 281 801 καί
310 722 567 850 κληρονομίαν
592 722 686 819 μετὰ
711 721 866 800 ποίντων
890 731 970 799 τῶν
994 720 1115 823 ἁγίων
1139 731 1218 797 τῶν
1244 752 1273 796 ιι

123 834 220 911 ῶνός
252 852 310 901 σοι
342 820 683 924 εὖαρεστησοίνιων,
719 827 760 901 ἐν
791 854 845 922 τῳ
872 823 970 922 φωτὶ
995 831 1064 898 τοῦ
1089 851 1273 952 προςηποι

123 926 187 1003 διὰ
212 936 291 1003 τῶν
316 932 519 1023 οἰκτιρμῶν
542 934 611 1003 τοῦ
636 934 863 1056 μρνογενοῦς
888 949 958 1001 σου
982 926 1081 1014 Υῖοῦ,
1108 925 1253 1054 Κυρίου

126 1033 219 1105 Θεοῦ
238 1027 306 1107 καί
330 1027 554 1127 Σωτῆρος“
533 1036 643 1126 ημῶν
660 1029 782 1125 Ἰησοῦ
802 1033 985 1127 Χριστοῦ,
1010 1026 1101 1122 μεθ’
1132 1020 1178 1103 οὗ
1203 1027 1273 1101 ευλι

122 1128 154 1205 εί
188 1128 261 1207 σὺν
292 1136 348 1229 τῷ
370 1129 557 1258 ,ιιαναγίιρ
592 1129 657 1205 καὶ
690 1132 831 1259 ἀγαθῷ
866 1128 930 1205 καὶ
963 1127 1132 1255 ζωοποιῳ
1167 1153 1273 1204 σου

122 1259 235 1326 μαιιῐ
263 1230 321 1307 ὅτι
351 1227 553 1359 ηυλίμηιαι
584 1232 648 1307 καὶ
679 1229 900 1316 δεδόξασται
935 1233 978 1306 τὸ
985 1227 1202 1357 πάντιμον
1235 1258 1273 1306 ιιι

122 1330 393 1461 γαλοπρειιες’
380 1329 500 1428 όνομοί
537 1355 621 1422 σου,
653 1341 722 1409 τοῦ
750 1333 902 1462 Προτρὸς
933 1329 998 1408 καί
1029 1339 1097 1407 τοῦ
1130 1333 1215 1408 Υίοῦ
1240 1360 1273 1407 ιιι

122 1434 232 1562 ἁγίου
266 1429 501 1529 Πνειίματος,
536 1441 611 1509 νῦν
644 1433 707 1509 καὶ
744 1433 801 1508 οἰεί
835 1433 899 1510 καὶ
937 1440 989 1519 εὶς
1022 1433 1110 1519 τοὺς
1145 1439 1273 1519 αἰῶναι

122 1531 283 1611 αίαίνιυν.

679 1664 718 1736 ‘0
746 1663 838 1748 λαός.

192 1748 337 1851 Ἀμήν]
790 1838 795 1847 .

668 1867 707 1938 Ὁ
729 1867 845 1962 ίερείς.

129 2052 133 2059 .
194 1951 339 2057 Ἐίρήνη
364 1968 490 2032 πᾶσιν.

678 2066 717 2140 ‘O
743 2069 836 2154 λαός.

199 2174 272 2250 Καὶ
297 2182 351 2274 τῷ
377 2172 562 2273 πνεύματί
587 2201 667 2250 σου.

642 2336 681 2410 ‘0
704 2338 867 2423 διάκονος.

225 2462 362 2536 XLVII.
394 2461 469 2555 Τὰς
492 2460 655 2561 κεφαλὰς
679 2459 787 2557 ἡμῶν
813 2471 866 2560 τῷ
893 2461 1022 2561 Κυρίῳ
1047 2461 1242 2558 κλίναηιεν.

670 2607 742 2678 “0
731 2609 846 2699 ιερείς.

195 2727 239 2804 0
268 2728 406 2813 Θεὸς
388 2758 408 2803 ο
441 2731 557 2832 μέγας
580 2732 644 2806 καὶ
669 2731 893 2827 θαυμαστὸς
917 2731 1059 2807 ἕπιδεί
1044 2731 1103 2806 ἐπὶ
1128 2731 1223 2816 τοὺς
1241 2730 1273 2805 δι

124 2853 206 2918 σου,
243 2858 300 2905 οτι
335 2829 396 2905 σοὶ
430 2833 517 2916 τοὺς
549 2833 708 2928 αὐχένας
732 2833 937 2928 ἐκλίνοιμεν.
981 2835 1166 2908 Ἔκτεινον
1198 2834 1266 2928 τὴν

124 2954 192 3009 σου
228 2932 298 3029 τὴν
321 2934 506 3031 κραταιὰν
540 2936 604 3009 καὶ
639 2932 756 3032 πλήρη
792 2936 971 3064 εὐλομιιυν
1007 2936 1070 3011 καὶ
1103 2933 1273 3067 εὐίρηιησι

124 3035 217 3109 λαόν
252 3059 332 3109 σου.
384 3033 627 3133 Διαφιίλαξον
660 3036 731 3133 τὴν
760 3036 1011 3166 κληρονομίαν
1045 3061 1126 3126 σου,
1161 3041 1225 3110 wa
1252 3038 1273 3110 ἀ

124 3135 187 3208 διὰ
220 3132 360 3221 παντός
392 3136 608 3233 δοξάζωμεν
640 3136 680 3212 σὲ
712 3137 780 3214 τὸν
813 3136 942 3235 μόνον
967 3139 1090 3230 ζῶντα
1122 3167 1186 3213 και
1212 3140 1273 3236 ιἰλη

122 3235 270 3311 θεὸν
249 3246 370 3365 ημῶν,
403 3238 472 3336 τὴν
504 3238 619 3342 ἁγίαν
652 3238 715 3313 καὶ
750 3239 951 3369 ὁμόοιίριον
961 3237 1121 3368 τριάδα
1148 3216 1273 3339 Παιερ

130 3336 214 3413 Υἱὸν
239 3338 302 3412 καὶ
326 3339 370 3415 τὸ
396 3341 505 3443 ἅγιον
532 3346 706 3437 Πνεῦμα,
728 3351 802 3418 νῦν
826 3344 889 3418 καὶ
915 3343 973 3418 ἀει
997 3343 1060 3418 καὶ
1086 3347 1137 3427 είς
1152 3342 1273 3426 τοὺςο

121 3447 201 3516 τῶν
226 3437 387 3517 αίοίνιον.

648 3570 859 3666 ’Βκφιίνησις

197 3691 272 3766 Σοί
303 3692 377 3795 γὰρ
411 3693 536 3792 πρέπει
568 3694 631 3768 καί
657 3695 937 3821 ἐποφείλιται“
917 3727 939 3792 η
973 3695 1074 3792 παρὰ
1107 3693 1260 3768 πάντων

124 3791 330 3896 δοξολομία,
357 3794 446 3920 τιμη
470 3795 532 3870 καὶ
548 3793 789 3895 προςκιίνησις
805 3797 869 3871 καὶ
885 3799 1099 3926 εὐχαριρτία
1120 3827 1173 3895 τῳ
1157 3803 1273 3871 Παι

121 3902 174 3991 τῷ
209 3897 317 3995 ssep
305 3895 369 3972 καί
394 3927 447 3995 τῳ
475 3897 570 4001 αγίρι
598 3897 794 3995 Πνιιίιιατι
820 3907 893 3974 νῦν
917 3900 980 3974 καί
1007 3898 1073 3974 ἀεί.

640 4062 679 4133 ‘O
702 4061 865 4145 διάκονος.

199 4182 353 4258 mm.
382 4183 447 4259 Ἔν
471 4181 595 4285 εἰρήνη
621 4189 790 4301 Χριστοῦ
815 4183 962 4284 ψοίλίιοι
962 4215 1027 4261 ιεν.

599 4332 671 4403 Καὶ
692 4331 795 4402 πάλιν
816 4335 916 4425 λέγει.

194 4447 256 4523 Ἕν
281 4447 406 4550 εἰρήνη
432 4456 600 4553 Χριστοῦ
627 4458 886 4556 πορευθῶμεν.
