3044 4912
651 233 721 311 601

93 423 96 485 ἑ
124 414 294 541 εἰρημένη
327 423 392 511 τῆς
418 424 483 511 σῆς
507 413 656 515 ἀφάτου
681 415 984 515 φιλανθρωπίας,
1018 418 1130 503 αὐτὸς
1155 417 1206 504 αλς
1229 420 1322 498 δοῦ-

93 543 115 599 ς
140 514 324 643 ἁμαρτίας
349 514 588 610 ἀδόκιμος’
543 546 720 647 γενωμαι.
745 517 830 613 M6,
856 517 1031 609 δέσπστα,
1057 515 1246 615 όμόνος’
1227 551 1322 648 αγα-

93 616 127 702 λς
165 617 229 692 καλ
268 616 624 717 φιλάνθρωπος,μ
596 620 648 717 μὴ
682 618 961 719 άποστραφείην
992 623 1319 720 τεταπεινωμένος·

93 717 419 803 λ’ἐξαπόστειλόν
452 749 517 816 μοι
548 718 716 820 δύναμιν
745 721 831 807 λζ’
815 720 938 820 ύιμους
961 722 1025 797 καὶ
1050 694 1249 852 ένίσχυόόν
1272 754 1321 819 με

93 772 145 904 ίὸς
176 820 245 917 τὴν
278 821 474 898 διακονίαν
509 830 577 898 τοῦ
608 823 850 921 προκειμένου
884 846 953 899 σου
985 824 1213 952 μυστηρίου,
1251 835 1320 905 τοῦ

93 919 217 1024 γάλου
249 923 312 999 καί
343 922 583 1022 ἐπουρανίου
620 925 684 1000 καὶ
714 922 922 1024 μόρφωσόν
953 948 1024 1000 σου
1053 924 1121 1001 τὸν
1152 927 1322 1025 Χριστὸν

118 1031 173 1121 τῷ
197 1023 365 1120 μέλλωσι
391 1026 676 1127 άναγεννᾶσθαι
700 1025 765 1102 διὰ
788 1034 852 1123 τῆς
877 1029 997 1123 ἐμῆςέ
999 1024 1232 1155 λεεινότητος,
1255 1030 1322 1106 καί
1397 1099 1402 1121 ,

93 1094 302 1222 κοιλόμησον
326 1127 443 1203 αύτιλν
467 1131 509 1203 ἐν
532 1135 587 1224 τῷ
614 1126 776 1226 θεαελίῳ
800 1136 880 1204 τῶν
906 1126 1124 1204 ἀποστόλων
1148 1130 1213 1205 καὶ
1228 1159 1320 1229 προ-

93 1234 186 1323 ηιῶν
210 1251 292 1317 σου,
318 1229 381 1304 καλ
405 1228 457 1356 μη)
480 1196 667 1326 καθέλῃς,
679 1200 773 1306 ἀλλά
798 1226 987 1329 φύτευσεν
1012 1228 1201 1307 αὐτόν’
1145 1259 1321 1330 φυτευμα

93 1328 292 1424 ηθείας,’
277 1359 317 1405 εν
349 1339 393 1426 τῇ
427 1330 529 1458 άγίρ
547 1356 616 1406 σου
649 1334 831 1460 καθρλικῇ
857 1331 920 1407 καλ
945 1333 1168 1429 ολποστολικῇ
1194 1335 1320 1431 ἐκκλη-

93 1459 130 1526 ρι,
155 1431 220 1505 καὶ
243 1430 296 1527 μὴ
320 1431 529 1527 ἐκτίλης,“
507 1462 607 1518 οπως
631 1429 904 1529 προκόπτοντος
928 1434 1045 1510 αὐτοῦ
1070 1437 1111 1509 ἐν
1137 1434 1318 1534 ειλσεβείρι,

93 1529 253 1628 ιξάζηται
285 1533 348 1608 καλ
380 1533 430 1609 δι
461 1534 578 1663 αιλτρῦ
610 1533 654 1609 τὸ
683 1531 872 1662 πανάγιον
889 1532 1026 1663 ὄνομά
1060 1558 1128 1610 σου
1152 1544 1222 1610 τοῦ
1247 1565 1320 1611 πα-

93 1632 151 1721 ιιλς,
177 1635 332 1710 καὶτοῦ
357 1637 456 1724 υἱοῦ,
491 1636 647 1711 καὶτοῦ
656 1634 783 1762 ἁγίου
808 1632 1029 1733 πνεύματος,
1062 1644 1136 1713 νῦν
1159 1637 1224 1712 καὶ
1249 1638 1320 1728 ἀεὶ,

93 1734 115 1808 ιὶ
141 1739 193 1818 ελς
217 1735 304 1819 τοιλς
329 1743 468 1820 αἰῶνας
492 1744 570 1812 τῶν
594 1733 755 1813 αἰώνων.
800 1735 932 1876 Ἀμην.

136 1854 203 1918 Δεῖ
224 1849 400 1934 εἶδέναι,“
380 1878 434 1921 οτι
456 1850 515 1921 οὐκ
531 1852 683 1945 ἕκῳωνελ.
698 1850 846 1938 άλλὰτιλ,
869 1849 966 1942 ἀμην,
985 1849 1064 1921 καθ’
1080 1850 1199 1923 ἑαυτὸν
1220 1854 1320 1943 λέγει.

1077 308 1088 337 Ι

283 2015 368 2089 Εἶτα
388 2019 533 2110 λέγει
497 2047 556 2111 την
577 2017 673 2111 εὐχὴν
692 2017 814 2111 ταύτην
832 2018 1089 2111 μεγαλοφῶνως.

140 2124 270 2251 Μέγας
301 2123 345 2212 ελ,
379 2123 505 2224 Κύριε,
541 2155 604 2201 και
592 2124 836 2218 θαυμαστά
860 2123 908 2199 τὰ
933 2153 1032 2252 εργα
1050 2149 1132 2215 σου,
1166 2125 1230 2201 καὶ
1254 2127 1322 2203 06-

93 2224 128 2309 λς
153 2222 260 2353 λόγος
285 2227 464 2355 ἐξαρκέσει
490 2227 581 2354 πρός
604 2226 727 2321 ὕμνον
751 2233 831 2301 τῶν
855 2224 1086 2321 θαυμασίων
1112 2251 1191 2304 σου.
1227 2239 1319 2357 Τρίς,

93 2326 117 2402 6
140 2325 214 2427 γάρ
240 2327 414 2454 βουλήσει
450 2329 552 2414 εξ’
513 2359 579 2403 ουκ
607 2329 729 2403 όντων
754 2332 804 2412 ελς
827 2357 871 2457 τρ
856 2326 990 2403 εἶναι
1015 2327 1314 2456 παραγαγιδν
1270 2359 1319 2404 τα

93 2425 267 2524 ίμπαντα,
300 2439 353 2528 τῷ
387 2439 442 2529 σῷ
475 2428 600 2528 κράτει
633 2429 795 2560 συνέχεις
826 2428 895 2526 τὴν
926 2429 1067 2520 κτίσιν,
1099 2429 1162 2507 καλ
1193 2437 1239 2526 τῇ
1273 2439 1320 2527 σῇ

93 2529 210 2627 ιονοίῳ
236 2531 442 2616 διοικεῖς
405 2561 473 2609 τον
497 2530 650 2627 κόσμον.
677 2530 780 2606 Σιλ
764 2559 806 2605 εκ
830 2528 1023 2661 τεσσάρων
1043 2530 1234 2626 στοιχείων
1251 2531 1320 2630 τὴν

93 2631 175 2706 ίσιν
206 2632 457 2730 συναρμόσας,
490 2634 638 2731 τέτρασι
670 2639 812 2733 καιροῖς
841 2630 910 2709 τὸν
940 2630 1078 2709 κύκλον
1102 2641 1170 2709 τοῦ
1195 2635 1325 2719 ἐνιαυε

93 2733 428 2863 ιλέστεφρίνωσας,
459 2735 499 2811 σὲ
530 2737 731 2832 τρέμουσιν
763 2734 802 2809 αἱ
835 2733 962 2832 νοεραλ
985 2742 1103 2809 πᾶσαι
1129 2731 1320 2831 δυνάμεις,

119 2833 231 2930 ὑμνεῖ
251 2836 363 2931 ἥλιος,
390 2863 429 2912 σε
456 2835 600 2928 δοξάζει
626 2833 770 2933 σελήνη,
797 2835 856 2911 σολ
881 2833 1162 2966 ἐντυγχάνει
1119 2866 1167 2911 τα
1186 2837 1320 2962 ἄστρα,

93 2934 112 3009 6
136 2935 313 3013 ὑπακούει
338 2939 381 3014 τιλ
408 2948 500 3067 φῶς,
527 2940 566 3014 σὲ
593 2938 812 3037 φρίττουσιν
838 2937 1012 3033 ἄβυσσοι,
1039 2963 1098 3011 σοι
1085 2933 1322 3014 δουλεύου-

93 3066 113 3112 ν
150 3040 189 3113 αἱ
223 3040 353 3141 πηγαί·
392 3041 439 3115 σιλ
473 3041 649 3124 ἐξέτεινας
682 3039 750 3114 τὸν
786 3037 1014 3135 οιλρανιλν“
985 3037 1067 3121 ωςελ
1100 3036 1235 3134 δέρῥιν,
1271 3036 1319 3112 σιλ

93 3140 273 3236 τερέωσας
303 3143 372 3238 τὴν
403 3171 507 3269 γην
507 3171 565 3215 επι
591 3169 669 3216 των
693 3135 859 3228 υδάτων,
895 3138 943 3214 σὺ
968 3137 1227 3236 περιετείχισας
1250 3138 1321 3235 ττν

93 3237 254 3317 ίλασσαν
279 3241 438 3372 ψάμμῳ,
465 3241 512 3317 σιλ
538 3242 628 3339 πρὸς
652 3239 845 3325 ἀναπνοὰς
868 3238 936 3319 τὸν
957 3240 1048 3368 ἀέρα
1065 3238 1214 3336 ἐξέχεας.
1234 3240 1320 3344 Ἀγ-

94 3343 193 3418 λικαλ
218 3342 396 3439 δυνάμεις
422 3344 480 3420 σολ
506 3351 794 3444 λειτουργοῦσιν,
833 3341 868 3417 οἱ
893 3349 971 3417 τῶν
996 3342 1238 3470 όιρχαγγέλων
1252 3371 1319 3438 χο-

93 3444 111 3520 ιλ
138 3446 178 3521 σὲ
204 3473 465 3545 προςκυνουσι
493 3446 539 3520 τὰ
566 3443 813 3541 πολυόμματα
837 3443 1050 3541 Χερουβὶμ,
1075 3446 1138 3519 καλ
1163 3442 1210 3517 τά
1236 3446 1319 3527 ἑξα-

93 3547 216 3648 έρυγα
242 3549 421 3648 Σεραφλμ
453 3545 576 3645 κύκλῳ
608 3549 751 3621 ἑστῶτα
792 3546 855 3621 καὶ
889 3542 1170 3643 περιϊπτάμενα,
1204 3541 1319 3672 φόβῳ

93 3679 117 3733 ις
142 3649 341 3744 ἀπροςίτου
367 3677 436 3726 σου
462 3646 570 3746 δόξης
594 3643 919 3723 κατακαλύπτεται.
960 3646 1024 3721 Σιλ
1023 3645 1121 3774 γάρ
1151 3644 1319 3772 Θειλςυλν

93 3750 335 3880 ιερίγραπτος,
362 3748 524 3849 άναρχός
548 3780 598 3839 τε,
631 3749 695 3824 καὶ
721 3749 985 3847 άνέκφραστος,
1017 3743 1171 3844 ἦλθες’
1156 3745 1215 3822 επὶ
1239 3754 1318 3848 γῆς,

93 3857 205 3983 ιρφην
237 3851 374 3929 δούλου
400 3852 591 3950 λαβαλν,’
576 3881 616 3927 εν
642 3848 848 3947 ὃμοιιόματι
874 3846 1084 3946 ἀνθρώπου
1109 3846 1318 3974 γενόμενος

93 3955 113 4030 ιλ
138 3954 212 4054 γὰρ
238 3956 374 4054 ἔφερες,
401 3955 573 4043 δέσποτα,
606 3952 671 4029 διὰ
697 3948 890 4079 σπλάγχνα
914 3952 1035 4034 ἐλέους
1060 3976 1142 4039 σου,
1174 3947 1319 4025 θεάσα

93 4061 148 4130 λαι
173 4056 245 4130 ὑπὸ
271 4065 339 4131 τοῦ
364 4055 545 4184 διαβόλου
570 4050 872 4153 τυραννούμενον
886 4052 930 4127 τὸ
946 4052 1052 4154 γένος
1067 4060 1145 4128 τῶν
1162 4048 1319 4147 ἀνθρά-

93 4187 148 4247 ον,
183 4158 255 4230 ἀλλ’
283 4155 396 4255 ἦλθες
420 4159 483 4233 καλ
509 4160 649 4240 ἔσωσας
672 4155 786 4253 ἡαᾶς·
822 4154 1077 4283 ὁμολογοῦμεν
1100 4153 1169 4249 τὴν
1191 4149 1317 4249 χάριν,

93 4257 283 4385 ιρύττομεν
313 4261 381 4387 τόν
412 4262 524 4349 ἔλεον,
561 4260 605 4334 οιλ
638 4254 849 4384 κρύπτομεν
873 4254 941 4353 τὴν
966 4255 1188 4381 εὐεργεσίαν.
1245 4255 1319 4338 Τὰς

93 4393 117 4446 ις
149 4357 296 4461 φύσεως
328 4362 437 4491 ημων
461 4361 575 4463 γονὰς
598 4336 888 4487 ἠλευθέρωσας,
906 4355 1183 4455 παρθενικὴν
1163 4355 1321 4458 ηγίασας

93 4461 201 4563 μραν
225 4471 279 4564 τῷ
304 4462 401 4564 τόκῳ
428 4487 506 4540 σου.
533 4461 696 4538 Πᾶσα“
675 4492 699 4560 η
723 4458 839 4546 κτίσις
862 4458 1008 4559 ύμνησέ
1024 4485 1064 4535 σε
1080 4459 1320 4559 ἐπιφανέντα.

93 4584 122 4636 [V.
1082 4579 1114 4632 3³
