3044 4912
692 268 765 341 155

105 451 160 527 τὸν
185 446 424 549 προςήλυτον,
450 449 502 526 67³
531 449 630 547 ἡμᾶς
652 449 796 536 πάντας
814 450 902 535 τοῦς
917 449 1161 542 λλπίζονταςέ
1163 451 1205 527 πὶ
1223 451 1276 544 66,
1300 455 1363 529 κοιλ

105 552 403 650 ἐπικαλουμένους
435 551 477 627 τὸ
512 549 633 649 όγομοί
660 577 728 627 σου
753 551 796 626 τὸ
873 580 941 626 ιον.
997 553 1044 628 06
1067 552 1143 657 γὰρ
1169 550 1364 685 ὀφθαλμοί

105 653 246 730 πόντων
273 658 323 738 ελς
349 653 388 728 σὲ
415 652 638 744 ἐλπίζουσιν,
670 653 733 729 καὶ
760 651 807 728 σῦ
791 580 1011 736 <6669
972 682 1042 750 την
1065 654 1211 784 τροφὴν
1236 657 1363 734 αῦτιῦν
1457 750 1460 755 .

105 758 195 832 ἔν’
159 754 354 883 ευιιαιρίηι.
359 753 558 882 Ὁδιιλοῦς
581 754 726 854 τροφὴν
748 751 849 849 πόσῃ
877 753 999 847 σαρκί,
1025 753 1221 854 πλήρωσον
1242 768 1365 857 χαρᾶς
1413 796 1415 801 ’

105 859 155 933 ιαὶ
187 853 422 957 εὐφροσύνης
445 855 513 942 τὰς
535 855 737 985 καρδίας
715 863 837 952 ημιῦν,
871 856 936 930 ἵνα
961 851 1118 935 πάντοτε
1143 865 1270 935 πᾶσαν
1295 859 1365 936 αῦ-

105 959 268 1057 τόρκειαν
307 960 465 1084 ἔχοντες
488 955 763 1057 περισσεύωμεν
794 962 845 1041 εἰς
876 965 953 1031 πᾶν
983 958 1095 1084 ἔργον
1125 956 1364 1063 ἄγαθόν,όν

105 1067 246 1191 Χριστῷ
265 1060 387 1157 Ἰησοῦ
412 1067 466 1157 τῷ
491 1058 609 1159 κυρίῳ
633 1059 753 1156 ἡμῶν.
782 1063 960 1153 [Βασιλεῦ
977 1067 1056 1134 τῶν
1070 1059 1362 1158 βασιλευόντων,

105 1163 154 1239 ιοὶ
185 1162 290 1259 κύριε
322 1168 400 1237 τιῦν
431 1158 693 1291 κυριευόντων,
726 1161 795 1258 τὴν
818 1158 1013 1258 βασιλείαν
1037 1170 1106 1237 τοῦ
1130 1160 1268 1238 δούλου
1295 1188 1363 1239 σου

105 1273 159 1341 τοῦ
186 1261 408 1360 ῦρθοιλόξου
425 1263 490 1337 766
515 1259 800 1390 φιλοχρίστου”
779 1269 888 1393 ημιῦν
912 1261 1152 1389 βασιλέως,ι
1133 1293 1178 1341 αν
1194 1263 1364 1341 ἐδικαίω-

105 1391 160 1451 τας
184 1363 439 1462 βασιλεύεινί
439 1364 481 1440 πὶ
505 1373 570 1460 τῆς
594 1373 661 1468 γῆς
686 1368 727 1441 ἐν
751 1360 875 1462 εἰρήνη
900 1391 963 1439 και
955 1360 1127 1491 ’ἀνδρίᾳ
1142 1394 1206 1441 και
1193 1364 1364 1442 δικαιο-

105 1466 199 1565 ιύνη.
211 1469 233 1565 ¹)
256 1470 276 1508 ³*
303 1466 347 1544 0
378 1466 468 1551 θεὸς
499 1463 623 1541 ποίντα
656 1465 798 1563 ἐχθρὸν
830 1464 894 1541 καὶ
917 1464 1093 1562 πολεμιον
1118 1464 1300 1599 ἐμφύλιόν
1277 1496 1363 1542 ντε

105 1571 154 1644 ιοὶ
180 1567 403 1666 ἀλλόφυλον.
430 1569 611 1664 ἐπιλαβοῦ
635 1566 751 1695 όπλρυ
776 1595 839 1641 και
827 1566 1067 1666 θυραίουῇ)
1093 1586 1157 1645 και
1143 1565 1363 1667 ἀνάστηθι

105 1676 142 1756 εἰς
171 1673 243 1767 τὴν
276 1668 487 1798 βοήθειαν.
486 1671 618 1759 αὐτοῦ,
653 1668 716 1744 καὶ
742 1671 870 1764 ἔκχεον
894 1669 1087 1768 ῥομφαίαν
1110 1669 1173 1746 καλ
1177 1669 1364 1799 σύγκλει-

105 1798 160 1848 τον
191 1770 402 1858 ἐξεναντίας
432 1775 511 1848 τιῦν
534 1726 847 1846 κατόιιλιωκόντων
872 1767 998 1847 αὐτόν.
1044 1769 1280 1848 Ἐπισκίασον
1306 1773 1365 1847 ἐπὶ

105 1876 160 2004 την
184 1873 350 1971 κεφαλὴν
372 1872 489 1948 αῦτου
473 1872 584 1949 ἐν*
562 1872 691 2001 ημέρηι
701 1870 879 1968 πολέμου
905 1868 1071 1949 κάθισον
1087 1875 1188 1948 ἐκ
1130 1904 1207 2001 της
1224 1871 1365 1972 ὀσφύος

105 1977 211 2053 οῦτοῦ
225 1972 441 2103 *67666‘
418 1972 511 2074 υπὲρ
536 1986 602 2071 τῆς
627 1973 735 2078 ἁγίας
761 1997 830 2048 σου
854 1977 1056 2071 καθολικῆς
1079 1974 1143 2049 766
1169 1976 1365 2050 ἀποστολι-

105 2105 157 2175 της
187 2077 380 2174 ἐκκλησίας
411 2075 474 2151 καὶ
507 2075 646 2160 παντὸς
676 2079 746 2149 τοῦ
779 2074 1018 2173 φιλοχρίστου
1051 2084 1164 2166 λαοῦ,
1204 2079 1268 2152 ἵνα
1300 2076 1365 2150 καὶ

105 2177 194 2276 ημεῖς
219 2182 261 2254 ἑν
286 2187 332 2275 τῇ
356 2174 576 2308 γαληνότητι
602 2178 719 2252 αὐτοῦ
743 2177 883 2273 ἤρεμον
907 2175 970 2249 καὶ
994 2174 1151 2272 ησύχιον
1174 2177 1264 2274 βίον
1280 2174 1365 2253 616-

105 2308 230 2383 γυμεν,
258 2284 298 2356 ἐν
324 2278 423 2375 πιίση
450 2277 617 2379 εὐσεβείᾳ
642 2278 706 2353 καὶ
731 2275 935 2374 σεμνότητι.
977 2281 1063 2353 Των
1078 2282 1120 2353 ἐν
1136 2278 1255 2355 πίστει
1268 2284 1365 2377 Χρι-

106 2393 184 2458 666
214 2382 563 2510 προκεκοιμημὲνων
595 2379 764 2477 πατέρων
796 2407 836 2452 τε
861 2407 923 2453 και
911 2377 1191 2505 ἀδελφῶν
1148 2409 1217 2464 τας
1240 2381 1365 2480 ψυχὰς

109 2482 327 2572 λνύπαυσον,
361 2479 463 2582 κύριε
496 2483 517 2558 6
550 2482 683 2567 ἑλοῦς’
664 2486 784 2578 ημῶν,
816 2479 1005 2602 μνησθεὶς
1028 2487 1107 2557 τιῦν
1133 2480 1197 2557 ἀπ’
1229 2487 1364 2567 αἰῶνος

109 2586 379 2683 76676766677,³)
406 2586 589 2684 πατέρων,
616 2611 868 2679 πατριαρχων,
895 2587 1110 2681 προφητῶν,
1134 2581 1363 2674 ἀποστόλων,

111 2686 310 2785 μαρτύρων,
337 2687 628 2816 ὁαολογητων,’
614 2683 833 2772 επισκόπων,
861 2684 989 2774 ὁσίων,
1024 2683 1193 2775 ιλικοιίων,
1227 2686 1366 2770 παντὸς

112 2788 302 2886 πνεύιιατος
334 2792 375 2863 ἐν
407 2790 526 2862 πίστει
549 2790 721 2917 Χριστοῦ
745 2787 1048 2881 τετελειωιιὲνων·
1083 2787 1146 2862 766
1172 2816 1228 2862 ων
1252 2791 1294 2862 ἐν
1318 2798 1365 2884 τῇ

114 2888 254 3017 οηιιιροι
287 2889 405 2989 ηιιέρᾳ
437 2889 506 2987 τὴν
538 2888 750 2986 ῦπόιινησιν
785 2886 1016 2984 ποιούιιεθα,
1057 2888 1120 2962 καὶ
1152 2899 1223 2963 τοῦ
1254 2889 1364 2992 ἁγίου

114 2994 277 3087 πατρὸς
256 2992 366 3088 6667
392 2989 557 3090 Μοίρκου
582 2998 651 3066 τοῦ
677 2986 884 3065 ἀποστόλου
910 2989 973 3063 766
999 2989 1271 3092 εῦαγγελιστοῦ,
1298 3001 1367 3065 τοῦ

114 3039 357 3177 ὑποῦείξαίιτος
380 3093 472 3191 ἡμΐν
498 3092 589 3167 6667
615 3090 807 3220 σωτηρίας.

171 3203 289 3293 Χαῖρε
315 3196 599 3324 κεχαριτωμένη,
635 3192 807 3319 ὃκύριος
831 3192 924 3288 μετιιί
952 3216 1032 3282 σου,
1066 3191 1291 3319 εὐλογημένη
1317 3189 1365 3268 66

116 3296 344 3400 λνγυναιξίν,
376 3297 439 3372 766
444 3292 750 3423 ⁸¹66607667769
732 3325 752 3367 ο
777 3293 916 3391 καρπὸς
941 3303 1004 3391 τῆς
1029 3293 1168 3379 κοιλίας
1193 3319 1274 3385 σου,
1301 3294 1365 3370 ὅτι

117 3396 207 3484 ἔτεκες
234 3425 384 3527 σωτηρα
408 3400 487 3473 τιῦν
512 3406 694 3497 ψυχῶν]
672 3396 791 3491 ιιιοῦν.
841 3407 1023 3524 Ἐιφώιοις.
1065 3397 1277 3496 Εξαιρὲτως
1301 3406 1364 3493 τῆς

116 3501 292 3625 παιαγίας,
319 3495 521 3596 ἀχρόντου,
549 3428 790 3628 εῦλογηίλείης
816 3495 1055 3594 ιλεσποίνηςε
1034 3505 1157 3595 ημῶν,
1183 3495 1363 3572 θεοτόκου

115 3603 160 3674 καὶ
184 3603 433 3701 6666666766
460 3600 735 3711 Μαρίας]

614 3763 652 3832 Ὁ
675 3762 837 3844 διάκονος.

172 3855 283 3951 Κύριε
309 3853 519 3958 εὐλόγησαν.

639 3966 710 4035 Ὁ
700 3965 815 4054 ιερούς.

167 4074 360 4174 Ὁκύριος
385 4072 571 4178 εῦλογὴσει
598 4098 637 4147 σε
662 4103 706 4168 τη
735 4073 852 4146 αὐτοῦ
874 4067 1012 4165 χάριτι,
1039 4073 1111 4142 νῦν
1135 4066 1198 4141 καὶ
1224 4066 1280 4140 ἀεὶ
1303 4069 1366 4142 καὶ

105 4183 147 4263 είς
170 4180 256 4262 τοὺς
283 4184 422 4261 αἰῶνας
445 4184 524 4251 τῶν
551 4173 711 4250 αλιόνων.

169 4308 206 4378 Ὁ
230 4307 384 4390 ιλιοίκονος
404 4311 447 4378 τὰ
469 4307 612 4392 δίπτυχα
633 4312 698 4372 τιῦν
719 4303 970 4393 κεκοιμημένων.

184 4475 206 4531 1)
225 4472 316 4514 Nemus
335 4472 481 4527 su1plet
456 4465 481 4515 6
483 4463 628 4530 αρολιιῑον
648 4478 746 4520 ιτοτιι
750 4480 847 4511 ονιτ
833 4456 1027 4517 ιτοὶςτιοιλας
1045 4474 1125 4506 αιτου
1144 4463 1171 4506 ελ
1184 4464 1237 4506 ολ.
1286 4460 1309 4520 ⁰)
1327 4461 1367 4504 Fa

105 4542 151 4587 ιιιε.
171 4541 261 4586 Nealius
280 4536 383 4604 θυρεοῦ
400 4541 523 4585 secundum
542 4538 692 4594 Septuaginta,
763 4535 787 4594 3)
804 4535 908 4578 Nealius:
927 4523 1110 4598 προπατόρων
