3044 4912
730 254 779 328 89

137 436 204 533 ἐμοὶ
225 445 279 532 τῷ
304 437 530 537 ἁμαρτωλῷ,
553 436 621 512 καὶ
636 434 737 534 πάση
754 436 876 535 κηλίδι
891 437 1178 540 κατεστιγμένῳ,
1203 443 1393 534 μυστικῶς

134 536 305 665 πρόκειται
330 544 382 624 είς
403 537 561 669 θυσίαν.
588 538 658 613 Διό
682 535 824 637 ταύτην
849 562 909 614 σοι
924 537 1001 669 ’τὴν
1025 538 1169 619 ἱκεσίαν
1193 538 1257 615 καὶ
1281 538 1392 667 ρύχα-

131 639 1294 843 53⁰⁷fft233ss3witfsstffssssffluoss⁰‘tuffam
1318 663 1391 817 ἷὲἷῗ

129 843 298 946 τουργίαν
328 841 481 943 ταύτην,
514 845 577 921 καὶ
607 843 678 943 τὴν
709 844 811 944 παρὰ
844 851 913 920 σοῦ
938 872 1004 941 μοι
1028 850 1083 943 τῷ
1108 851 1188 943 λαῷ
1214 847 1391 947 ἐπαγγελ-

128 948 256 1022 θείσαν
272 946 420 1048 φωνὴν,
446 944 700 1046 ἁκατακρίτως
715 944 858 1044 ταύτην
874 942 1194 1049 ἀποφθέγξασθαι
1208 946 1391 1031 καταξίοο-

129 1069 199 1138 σον,
224 1052 266 1126 ἐν
291 1054 447 1149 Χριστῷ
464 1049 587 1147 Ἰησοῦ
611 1056 665 1148 τῷ
692 1048 968 1148 Κυρίῳηιιῦν,
1003 1047 1096 1145 μεθ’
1126 1040 1172 1124 οὗ
1197 1046 1393 1151 εὐλογητὸς

126 1146 166 1238 ελ,
188 1150 260 1226 σῦν
285 1159 339 1225 ταῦ
364 1150 539 1254 παναγίιρ
568 1148 633 1225 καὶ
666 1151 806 1253 ἀγαθῷ
830 1151 895 1226 καὶ
920 1150 1089 1248 ζωσποιῷ
1113 1148 1177 1225 καὶ
1202 1148 1391 1248 ἁμοουσίῳ

125 1274 189 1325 σου
216 1223 425 1351 Πνεύματι,
457 1260 531 1330 νῦν
562 1252 628 1327 καὶ
658 1252 717 1329 ἀεὶ
747 1251 812 1328 καί
844 1257 895 1337 είς
918 1251 1007 1336 τοὺς
1031 1257 1172 1337 αλολνας
1195 1259 1275 1330 τῶν
1300 1248 1392 1325 αλοί-

126 1380 207 1428 νων·
240 1351 371 1452 Ἀμήν·
1218 1382 1222 1392 ·

518 1499 606 1594 Βῦχὴ
628 1508 688 1593 τῆς
707 1500 989 1594 παραστάσοιος.’)

194 1624 240 1699 ΙΙ.
267 1619 369 1710 Δόξα
395 1631 449 1722 τῷ
467 1623 595 1723 Πατρὶ
619 1623 682 1699 καὶ
707 1634 761 1723 τῷ
794 1625 866 1723 Γιῷ
891 1625 955 1702 καὶ
979 1634 1034 1725 τῷ
1061 1624 1158 1728 ἁγίῳ
1180 1620 1390 1718 Πνεύματι,

123 1730 172 1821 τῷ
203 1725 385 1824 τριαδικῷ
417 1724 480 1800 καὶ
513 1724 640 1824 ε’νιαίῳ
675 1726 774 1824 φωτὶ
804 1735 869 1824 τῆς
893 1724 1082 1825 θεότητος,
1108 1736 1174 1825 τῆς
1201 1729 1242 1803 έν
1266 1723 1392 1826 τριάδι

124 1825 332 1919 μοναδικῶς
364 1824 613 1926 ὑπαρχούσης,
645 1827 711 1903 καί
736 1827 996 1927 διαιρουμένης
1021 1829 1253 1924 ἁδιαιρέτως·
1288 1828 1393 1924 τριὰς

121 1926 190 2026 γὰρ
223 1926 276 2012 εἷς
303 1928 391 2013 Θεὸς
421 1926 704 2029 παντοκράτωρ,
740 1923 787 2005 οὗ
817 1929 886 2027 τὴν
918 1928 1036 2017 δόξαν
1068 1928 1286 2023 οίούρανοὶ
1310 1929 1392 2027 διη-

122 2036 286 2128 γοῦνται,
311 2030 335 2127 ἡ
361 2029 403 2105 δὲ
427 2038 488 2133 γῆ,
513 2030 582 2129 τὴν
608 2030 724 2107 αὐτοῦ
751 2030 980 2120 δεσποτείαν,
1006 2031 1070 2108 καὶ
1089 2030 1113 2130 ἡ
1129 2031 1321 2119 θάλασσα,
1347 2029 1391 2106 τό

124 2129 237 2206 αὐτοῦ
262 2130 410 2229 κράτος,
434 2133 499 2208 καί
522 2141 627 2207 πᾶσα
650 2132 815 2229 αἰσθητὴ
839 2133 904 2207 καί
927 2133 1040 2231 νοητὴ
1065 2133 1193 2222 κτίσις,
1227 2131 1298 2230 τὴν
1324 2133 1394 2208 αῦ-

123 2239 185 2307 τοῦ
217 2231 483 2335 μεγαλειότητα
513 2232 682 2337 κηρύττει
714 2231 889 2310 πάντοτε·
924 2234 981 2310 ότι
1006 2234 1112 2333 αύτῷ
1137 2233 1264 2329 πρέπει
1289 2241 1393 2308 πᾶσα

124 2330 222 2423 δόξα,
255 2338 356 2432 τιμὴ,
381 2333 529 2434 κράτος,
562 2333 806 2438 μεγαλωσύνη
831 2336 959 2412 τεκαὶ
983 2335 1286 2438 μεγαλοπρέπεια,
1318 2343 1393 2413 νῦν

122 2435 180 2509 καί
204 2435 265 2511 ἀεὶ
289 2437 353 2512 καί
376 2443 427 2522 ελς
451 2437 539 2523 τοὺς
562 2443 703 2523 αλιῦνας
728 2445 805 2513 τῶν
831 2435 992 2515 σλιόνων.
1023 2434 1153 2538 Ἀμήν.

285 2616 373 2709 Eup}
394 2629 454 2690 τοῦ
475 2619 691 2708 θυμιάματος
711 2629 771 2712 τῆς
791 2619 922 2703 είςόδου
943 2628 1002 2714 τῆς
1023 2618 1221 2710 ἕνόρξεως.’)
1323 2687 1325 2690 .

192 2742 258 2815 ΙΙΙ.
285 2743 456 2817 Δέσποτα
481 2742 595 2841 Κύριε
613 2743 735 2839 Ἰησοῦ
749 2744 901 2839 Χριστὲ,
927 2739 960 2818 ὦ
989 2748 1082 2818 Θεοῦ
1096 2738 1211 2843 Λόγε,
1243 2741 1263 2817 ό
1287 2743 1395 2818 ἑκου-

123 2839 206 2925 σίως
231 2842 368 2918 ἑαυτὸν
392 2844 538 2920 θυσίαν
563 2845 723 2940 ἄμωμον
749 2846 806 2918 ε’πί
833 2853 998 2945 σταυροῦ
1015 2853 1068 2942 τῷ
1089 2850 1168 2941 Θεῷ
1187 2843 1251 2919 καὶ
1267 2843 1394 2943 Πατρί

122 2944 379 3045 προςαγαγιόν,
414 2945 433 3020 ὃ
467 2945 604 3045 διφυὴς
635 2947 797 3041 ἄνθραξ,
835 2947 925 3044 ὅτῇ
950 2946 1079 3043 λαβίδι
1104 2953 1184 3021 τῶν
1208 2954 1277 3020 τοῦ
1303 2974 1394 3043 προ-

123 3042 240 3141 φήτου
265 3048 415 3141 χειλέων
441 3047 646 3143 ἁψάμενος,
672 3049 736 3122 καὶ
761 3047 827 3131 τὰς
853 3048 1039 3147 ἁμαρτίας
1063 3047 1181 3122 αὐτοῦ
1211 3043 1394 3145 ἀφελόμε-

123 3174 195 3236 νος,
230 3147 328 3247 ἅψαι
360 3148 423 3224 καὶ
453 3149 563 3247 ἡμῶν
596 3157 675 3224 τῶν
708 3148 942 3245 ἁμαρτωλῶν
966 3158 1046 3225 τῶν
1071 3146 1298 3245 αἰσθήσεων,
1331 3148 1394 3222 καὶ

121 3245 333 3345 καθάρισον
364 3250 462 3347 ἡμᾶς
493 3250 567 3326 ἀπὸ
600 3247 724 3347 πάσης.
749 3250 910 3348 κηλίδος,
943 3252 1007 3327 καὶ
1032 3247 1272 3349 παράστησον
1295 3249 1395 3347 ἡμᾶς

123 3348 259 3449 ἁγνούς
290 3359 344 3450 τῷ
371 3352 467 3454 ἁγίῳ
494 3379 563 3428 σου
589 3353 848 3453 θυσιαστηρίῳ
872 3364 941 3431 τοῦ
974 3354 1209 3457 προςενέγκαι
1234 3377 1293 3428 σοι
1317 3356 1395 3429 θυ-

126 3452 206 3527 σίαν
232 3452 421 3537 αἰνέσεως·
448 3456 512 3529 καὶ
537 3452 730 3553 πρόςδεξαι
751 3456 820 3554 ἀφ’
841 3456 950 3552 ἡμῶν
972 3465 1052 3530 τιῦν
1068 3456 1228 3551 ἀχρείων
1247 3452 1395 3530 δούλων

126 3578 189 3626 σου
222 3552 266 3628 τὸ
292 3555 414 3654 παρὸν
440 3556 631 3653 θυμίαμα,
666 3561 717 3641 εἰς
742 3556 863 3652 ὀσμὴν
888 3556 1062 3641 εὐωδίας·
1095 3556 1160 3631 καὶ
1184 3554 1392 3631 εὐωδίασον

124 3651 227 3747 ἡμῶν
251 3655 295 3731 τὸ
321 3656 484 3743 δαςιῦδες
507 3667 572 3757 τῆς
596 3665 718 3758 ψυχῆς
741 3658 806 3733 καί
829 3666 898 3733 τοῦ
924 3655 1112 3753 σώματος·
1146 3656 1210 3732 καὶ
1233 3655 1393 3758 ἁγίασον

125 3753 217 3849 ἡμᾶς
248 3766 294 3854 τῇ
327 3758 522 3862 ἁγιαστικῇ
558 3758 718 3855 δυνάμει
748 3766 817 3835 τοῦ
842 3760 1029 3861 παναγίου
1055 3785 1124 3834 σου
1152 3756 1392 3856 Πνεύμοιτος·

127 3856 169 3930 οῦ
192 3858 267 3959 γάρ
293 3859 326 3934 εί
349 3858 466 3957 μόνος
491 3864 608 3965 ἅγιος,
646 3862 666 3939 ὃ
693 3858 861 3963 ἁγιάζων
885 3862 949 3937 καὶ
974 3866 1051 3944 τοῖς
1075 3867 1216 3944 πιστοῖς
1241 3859 1394 3956 μεταδι-

126 3954 293 4047 δόμενος·
319 3965 383 4037 καί
408 3964 534 4064 πρέπει
560 3988 620 4039 σοι
644 3963 668 4061 ἡ
694 3962 785 4048 δόξα
812 3963 883 4040 σὺν
907 3973 964 4063 τῷ
988 3960 1142 4061 ἀνάρχιρ
1169 3986 1237 4037 σου
1253 3960 1392 4061 Πατρί,

208 4133 231 4192 1)
256 4135 310 4178 Cum
334 4138 417 4181 assistit
438 4140 510 4184 ulturi.
545 4139 649 4194 Augusti:
671 4138 731 4183 Beim
749 4139 870 4184 Aunretuu.
942 4135 966 4197 2)
990 4137 1064 4183 Oratio
1089 4149 1140 4182 cunt
1158 4136 1283 4181 incenditur
1300 4136 1352 4180 thu·
1370 4134 1393 4178 iu

126 4202 226 4258 print-ipio
244 4202 333 4248 Missua.

127 4342 421 4355 ————————-

203 4438 264 4504 Cup.
280 4438 323 4489 ili.
365 4438 442 4491 [iubet
471 4441 498 4492 fl.
526 4443 659 4494 orationem
690 4441 815 4494 dicendum
848 4456 901 4493 num
928 4441 1063 4494 incenditur
1092 4441 1147 4492 thus
1180 4441 1205 4491 iu
1230 4438 1342 4502 ἰσκιοωα
1369 4445 1394 4487 οι

124 4535 246 4588 ρπιειριο.
