3044 4912
625 316 628 323 .
719 251 792 326 364

494 440 504 473 s
646 429 684 498 ‘0
706 429 869 511 διάκονος.

198 536 443 635 Ἀντιλσβοῦ,
491 558 684 623 σωσον,
730 535 936 633 ἐλέησον
977 534 1060 609 καὶ
1094 533 1332 635 διαφύλαξ
1337 566 1374 611 ο)

122 640 241 737 ἡμᾶς
266 667 285 713 ⁰
315 635 424 721 θεὸς
447 642 499 732 τῇ
526 642 578 731 σῇ
602 631 763 733 χάριτι
789 639 864 732 (lac.
884 640 957 734 22)
1260 674 1263 679 -

210 754 344 853 Τὴν“
323 752 498 852 ημὲραν
523 761 678 830 πᾶσαν
703 753 961 844 τελείαν,
938 752 1099 884 αγίαν,
1126 755 1374 885 ελρηνικὴν,

120 857 198 934 καὶ
233 853 584 956 ἀναμάρτητον,
621 855 743 954 παρὰ
768 864 849 932 τοῦ
875 855 1053 955 Κυρίου
1080 854 1374 954 αλτησαίμεθι

124 962 200 1057 (σε,
230 963 299 1058 12).

194 1080 420 1205 Ἀγγελον
439 1072 645 1201 εἰρήνης,
671 1074 837 1162 πιστὸν
856 1074 1057 1203 ὁδηγὸν,
1085 1073 1275 1206 φύλακα
1299 1104 1374 1153 τον

120 1188 304 1279 ψυχῶν,
342 1177 421 1254 καλ
456 1185 547 1252 τῶν
583 1172 813 1271 σωμάτων
847 1176 996 1274 ἡμῶν,
1032 1178 1166 1276 παρὰ
1191 1186 1275 1255 τὀὗ
1300 1185 1374 1254 Κυ-

121 1280 225 1380 ρίου
252 1277 554 1377 αἰτησαίμεθα
582 1281 656 1374 (Iac.
672 1281 741 1376 12).

205 1393 502 1501 Συγγνώμην
548 1396 625 1473 καὶ
667 1399 837 1497 ἄφεσιν
880 1405 973 1471 τῶν
1008 1396 1275 1495 ἁμαρτιῶν,
1311 1397 1373 1473 καὶ

89 1514 92 1521 “
121 1508 214 1576 τῶν
240 1495 690 1596 πλημμελημάτων
669 1527 820 1595 ημων,
856 1498 978 1598 παρὰ
1004 1508 1089 1576 τοῦ
1112 1499 1291 1600 Κυρίου
1316 1505 1373 1575 αλ-

121 1599 376 1698 τησαίμεθα
403 1602 570 1745 (1ου.12).
1305 1636 1309 1642 ·

211 1719 271 1793 Τὰ
307 1717 421 1793 καλὰ
456 1719 532 1792 καὶ
568 1719 871 1848 ρυμφίροντρι
905 1724 1006 1804 ταῖς
1041 1725 1218 1818 ψυχαῖς
1241 1719 1371 1844 ημῶν,

120 1820 200 1897 καὶ
225 1818 417 1918 εἰρήνην
442 1827 503 1918 τῷ
528 1818 706 1918 κόσμῳ,
732 1819 856 1919 παρὰ
881 1829 963 1897 τοῦ
989 1821 1168 1920 Κυρίου
1196 1817 1372 1918 αλτησά
1405 1844 1407 1851 ·

121 1926 245 2018 μεθα
272 1925 345 2017 (Iac.
372 1926 442 2019 12).

209 2040 297 2116 Τὸν
331 2039 593 2116 ὑπόλοιπον
625 2038 802 2136 χρόνον
835 2048 914 2136 τῆς
951 2039 1067 2138 ζωῆς
1097 2040 1230 2138 ἡμῶν
1264 2043 1304 2117 ἐν
1333 2044 1371 2114 ιλ·
1405 2072 1407 2079 ·

122 2140 227 2241 ρήνη,
253 2141 316 2217 καὶ
331 2141 509 2238 μετανοίᾳ
529 2142 763 2217 ἐκτελέσαι
787 2140 926 2239 ἡμᾶς,
953 2142 1076 2241 παρὰ
1101 2149 1184 2218 τοῦ
1209 2141 1370 2241 Κυρίου

121 2241 426 2341 αἰτησαίμεθα
453 2247 526 2339 (Iac.
548 2248 618 2342 12).

202 2362 469 2459 Χριστιανοὶ
504 2362 558 2436 τὰ
591 2364 693 2459 τέλη
719 2370 797 2458 τῆς
823 2361 981 2458 ζωῆςε
960 2370 1109 2459 ημῶν,
1146 2362 1368 2447 ἀνώδυνα,

123 2463 494 2558 ἀνεπαίσχυντα,
531 2465 708 2561 ελρηνικα,
742 2463 819 2538 καὶ
853 2463 996 2560 καλὴν
1020 2463 1283 2592 απολογιαν
1304 2461 1368 2558 την

121 2567 193 2641 ἐπὶ
228 2573 311 2639 τοῦ
348 2567 554 2661 φοβεροῦ
590 2563 818 2661 βήματος,
855 2566 956 2665 παρὰ
989 2595 1057 2640 του
1081 2573 1225 2664 Κυριου
1260 2571 1366 2659 αλτη-

122 2665 317 2760 σώμεθα
346 2668 514 2762 (Ιοο.12.)

209 2783 327 2879 Τὴν
311 2780 463 2878 ενότητα
490 2793 553 2879 της
578 2783 744 2872 πίστεως,
777 2783 840 2857 καὶ
865 2784 934 2882 τὴν
959 2786 1160 2861 κοινωνίαν
1186 2795 1254 2861 τοῦ
1279 2783 1364 2901 ἁγίου

121 2884 330 2979 πνεύματος
348 2884 624 3012 αἰτησάμενοι,
664 2887 877 2975 ἑαυτους,
914 2887 990 2962 καὶ
1027 2885 1275 2983 ἀλλήλους,
1308 2882 1362 2959 καὶ

121 2996 274 3062 πᾶσαν
309 2989 391 3082 τὴν
429 2987 549 3083 ζωὴν
585 2988 758 3083 ἡμῶν
740 2993 928 3085 Χριστδι
956 2998 1014 3062 τεῦ
1046 2994 1137 3086 Θεῳ
1164 2983 1363 3082 παρα2ά-

121 3094 244 3180 μεθα
272 3092 384 3184 (clem.
407 3092 476 3186 16).

665 3203 847 3296 Ἔκφώδως.

206 3306 293 3379 Καὶ
318 3308 611 3430 καταξίρισον
637 3308 773 3403 ἡμᾶς,
810 3309 1033 3396 δέσποτα,
1068 3311 1182 3403 μετὰ
1217 3314 1361 3407 παρρη-
1403 3386 1406 3395 ,

122 3406 226 3536 ρίας
268 3409 593 3503 ἀκατακρίτους
638 3419 812 3507 τολμᾷν
855 3411 1187 3485 ἐπικαλεῖσθαί
1226 3439 1271 3486 σε
1302 3408 1361 3483 τὸν

121 3506 405 3606 ἐπουράνιον
435 3511 584 3585 Θεδν
574 3512 767 3609 πατέρα,
794 3512 869 3585 καὶ
896 3512 1048 3612 λέγειν
1075 3515 1149 3605 (lac.
1163 3517 1235 3611 38).

203 3639 353 3724 ozans,
381 3669 419 3711 ω
448 3626 660 3723 Πάτερ
640 3638 779 3724 ηιιιῦν.
829 3641 1016 3756 Ὁὶερεύς
1025 3629 1123 3706 Οτι
1151 3635 1360 3706 σουεστιν

120 3728 143 3825 ἡ
179 3731 419 3824 βασιλεία,
456 3760 532 3805 και
567 3762 589 3855 η
626 3729 845 3823 δύναμις,
883 3731 959 3805 καὶ
996 3731 1018 3826 ἡ
1056 3729 1167 3859 δάξα
1194 3762 1273 3808 του
1295 3755 1358 3804 πα

120 3831 254 3959 τρὺς,
273 3833 350 3908 καὶ
375 3841 456 3907 τοῦ
482 3833 604 3920 υἱοῦ,
632 3832 708 3905 καὶ
733 3841 814 3907 τοῦ
836 3831 973 3935 ἁγίου
992 3830 1273 3930 πνεύματος,
1298 3837 1358 3998 IISI

120 3933 196 4005 καὶ
234 3933 323 4023 ἀει,
360 3935 438 4008 καὶ
465 3940 528 4016 εἰς
553 3933 661 4017 τοὺς
687 3939 859 4017 αἰῶνας
885 3964 976 4009 των
1003 3933 1188 4012 αίυίνων
1225 3929 1356 4033 (Ιαο,32

121 4035 281 4131 Μα18).

205 4223 359 4295 XXXIII.
400 4229 494 4316 Εἶτα,
524 4218 661 4318 Ελρήνη
689 4230 789 4296 πᾶσι.

121 4461 123 4465 ,
643 4368 680 4438 Ὁ
703 4369 864 4452 διάκονος.

209 4471 281 4553 Τάς
305 4473 467 4570 κεφαλὰς
492 4474 600 4569 ὑμῶν
626 4484 678 4572 τῷ
706 4474 833 4574 Κυρίῳ
860 4476 1016 4552 κλίνατε.
