3044 4912
222 158 339 231 proc,
371 127 451 205 καὶ
483 126 505 204 ὅ
535 126 647 213 θεὸς
670 127 748 205 καὶ
772 127 1099 226 nupcssooilasie
1121 128 1254 227 ἡμῶν
1270 130 1494 230 Ἰησοῦςὸ

221 230 428 330 Χριστὸς
461 239 513 327 τῇ
549 228 687 307 νυκτὶ
718 223 744 327 ᾖ
775 228 1036 329 nopedidov
1067 229 1239 310 ἑαυτὸν
1262 232 1377 332 ὑπὲρ
1401 242 1493 311 τῶν

223 334 470 431 ἁμαρτιῶν
493 329 641 428 ἡμῶν,
667 331 745 407 καὶ
770 331 851 407 τὸν
875 330 988 429 ὑπὲρ
1014 329 1204 409 πάντων
1228 332 1490 434 opinentur

224 432 478 511 *devoror
504 432 691 530 onpxt',¹)
721 434 1487 538 συνανακλιθεὶςμετὰτῶνᾶγίων

223 536 301 613 καὶ
333 530 581 633 ἀχράντων
612 534 690 609 καὶ
715 533 920 633 doemonio
947 536 1094 612 αὐτοῦ
1117 539 1343 636 χειρῶνβ)
1378 539 1482 613 ἀνα-

223 638 402 738 βλέψας
437 641 501 720 εἰς
536 635 616 712 τὸν
650 635 778 713 ἴδιον
811 638 1006 735 πατέρα,
1041 637 1158 714 θεὸν
1191 637 1239 715 δὲ
1264 637 1480 736 ἡμῶνκαὶ

312 811 335 870 1)
352 811 410 857 binii
428 812 491 857 deest
507 811 548 855 sed
565 812 595 855 ita
612 810 744 864 tegendum:
764 808 800 866 ale
816 805 864 861 τὸν
878 804 940 875 ὑπὲρ
949 806 1051 858 πάντων
1060 805 1207 873 &plorator
1216 800 1338 861 θάνατον
1350 811 1429 877 oopal.
1444 814 1477 858 lor

225 875 370 943 ὕψὶοτατος
394 880 425 923 utl
443 890 511 934 saepe
529 879 587 936 apud
606 878 712 932 Tragicos
736 881 779 925 rim
797 881 864 926 bnbet
882 882 971 924 extremi
989 881 1109 925 horrendis
1134 882 1185 926 dein
1203 882 1287 939 prolixe
1305 882 1413 939 significat
1427 881 1476 924 Giri-

225 958 284 994 sturo
307 952 330 994 iu
353 959 421 993 cruce
439 948 564 991 exaltatum.
644 944 669 999 l)
686 947 790 993 Nenlins:
809 943 840 994 uti
863 942 930 1011 μετὰ
949 944 1001 994 τῶν
1020 942 1101 1010 dylats
1118 944 1199 997 αὑτοῦ
1215 946 1352 1013 μαθητῦν
1368 947 1409 996 sul
1423 942 1474 994 cino·

226 1013 327 1065 στόλων
344 1009 432 1078 λαβὼν
448 1010 530 1078 «ipsos
546 1007 613 1075 μετὰ
630 1010 683 1058 τῶν
700 1010 754 1060 κτλ.
784 1017 868 1061 lisdem
886 1019 975 1075 supplet
991 1019 1064 1063 versio
1082 1018 1172 1063 loannis
1190 1030 1203 1063 a
1221 1018 1244 1062 S.
1262 1019 1351 1064 endem
1368 1020 1436 1064 iatine.

227 1263 349 1305 catornm:
375 1251 427 1300 iloc
444 1249 516 1298 lenite
534 1249 557 1299 in
576 1263 654 1299 meam
672 1252 933 1302 commemorationem.
970 1251 1084 1316 Populus.
1112 1254 1194 1303 lmen.
1229 1253 1358 1305 Sacerdos.
1383 1254 1473 1313 Quotcu-

227 1352 330 1402 cumque
356 1339 419 1384 euim
444 1332 618 1383 manducabitis
641 1349 669 1384 ea
692 1334 739 1385 boc
763 1350 832 1399 pane,
857 1344 881 1386 et
903 1336 990 1386 bibetis
1015 1351 1042 1386 ex
1060 1337 1108 1386 boc
1125 1337 1209 1398 calice,
1233 1341 1378 1389 annunciate
1393 1346 1472 1389 merten

228 1437 316 1482 meum,
335 1429 358 1469 at
376 1416 523 1469 condtemini
540 1421 743 1470 resurrectionem
761 1435 848 1479 meam,
866 1428 890 1470 et
908 1421 1048 1471 memoriam
1066 1422 1113 1472 mei
1130 1423 1200 1485 agite,
1219 1421 1299 1472 donec
1314 1424 1411 1473 reniam
1439 1421 1472 1470 in-

226 1508 307 1573 pulns.
337 1504 436 1554 llortem
460 1511 524 1553 tuam
549 1506 730 1563 annunciamus,
753 1505 862 1554 Domine.
897 1505 1026 1555 Sacerdos.
1057 1506 1134 1565 Nune,
1157 1506 1221 1556 Deus
1241 1507 1311 1556 Pater
1334 1507 1471 1570 omnipotens,

228 1592 401 1643 annunciamus
424 1597 525 1638 mortem
549 1589 663 1650 unigeniti
681 1589 734 1638 Filii
752 1590 785 1639 tui
803 1589 907 1649 Domini,
932 1589 983 1650 Dei,
1006 1589 1145 1652 Salutaris,
1170 1598 1195 1640 et
1211 1592 1276 1653 repis
1293 1594 1370 1642 nostri
1386 1589 1471 1640 omniun

227 1677 281 1726 lesu
301 1674 404 1725 Christi:
428 1680 452 1723 et
469 1673 611 1722 continemur
629 1675 829 1724 resurrectionem
848 1674 901 1723 eius
919 1682 1035 1733 sanctam,
1060 1681 1083 1723 et
1101 1676 1267 1725 ascensionem
1287 1677 1339 1726 eius
1358 1687 1441 1725 sumunt
1454 1671 1471 1718 it

228 1759 319 1821 coelos,
338 1759 520 1822 sessionemque
538 1758 590 1808 eius
607 1757 638 1807 ad
655 1759 776 1808 dexteram
795 1766 868 1818 tuam,
886 1772 900 1807 o
919 1757 997 1815 Pater,
1016 1765 1039 1807 et
1057 1767 1223 1822 exspectamus
1241 1760 1367 1810 adrentum
1385 1761 1430 1809 eins
1442 1770 1471 1806 se·
1514 1800 1516 1823 ;

228 1845 341 1905 cundum,
366 1857 413 1907 qno
437 1851 550 1892 neuturus
568 1849 605 1892 est
623 1857 650 1892 ea
668 1843 752 1904 coelis,
777 1842 909 1892 terribilem
927 1851 950 1892 et
967 1842 1043 1904 eteris
1061 1842 1170 1906 plenum,
1196 1844 1219 1893 in
1238 1845 1286 1893 tine
1302 1844 1373 1894 buius
1388 1838 1471 1892 mettii:
1513 1836 1516 1841 ’

226 1932 251 1981 in
269 1945 316 1994 quo
334 1929 410 1978 reniet
427 1927 456 1976 ad
475 1927 629 1977 indicandum
646 1927 729 1977 orbem
748 1928 772 1977 in
790 1927 922 1991 nequitate:
942 1934 965 1975 et
982 1925 1047 1975 debit
1065 1926 1192 1992 uuicuique
1209 1929 1343 1977 secandum
1360 1941 1428 1992 opera
1440 1935 1471 1972 stt

227 2016 276 2064 sive
294 2016 393 2072 bonum,
419 2013 467 2061 sire
486 2013 583 2061 malam.
619 2012 733 2076 Populus.
759 2010 896 2060 Secundum
916 2010 1104 2060 misericordiam
1122 2019 1196 2073 tuam,
1215 2011 1325 2072 liomine,
1349 2018 1373 2061 et
1388 2020 1471 2060 unusc-

229 2099 332 2151 cuodnru
351 2104 449 2163 peccata
467 2103 557 2145 nostra.
593 2097 721 2146 Sacerdos.
740 2096 774 2144 Tu
794 2111 820 2144 es
839 2109 919 2144 coram
938 2096 1007 2145 cuius
1025 2095 1101 2156 glorie
1120 2095 1179 2146 baec
1196 2105 1279 2146 sancta
1297 2097 1361 2146 dona
1378 2088 1472 2160 proponi·

229 2199 291 2241 runs,
310 2198 336 2231 er
355 2182 404 2231 illis
422 2195 482 2244 quae
500 2189 540 2229 tna
558 2189 622 2240 sunt,
640 2180 710 2228 Pater
726 2187 816 2229 sancte.
850 2179 979 2230 Diaconos.
997 2179 1099 2229 ldorate
1117 2180 1192 2229 Deum
1211 2195 1264 2230 eum
1284 2174 1472 2230 timore-tetl-

229 2268 355 2318 Sacerdos.
375 2266 432 2313 l'erc
450 2263 516 2326 pleni
534 2273 591 2313 sunt
608 2263 669 2313 coeli
688 2272 711 2312 et
727 2271 791 2312 terra
809 2264 933 2313 sanctitate
951 2264 1043 2326 gloriae
1061 2272 1124 2323 tuae,
1142 2278 1186 2327 per
1197 2264 1334 2325 neminum,
1352 2273 1376 2315 et
1391 2262 1474 2313 saltate·

229 2365 280 2399 rem
300 2355 407 2398 nostrum
427 2346 506 2395 lesum
526 2348 655 2409 ebriatum,
674 2361 727 2396 euna
745 2348 835 2410 Spiritu
855 2357 947 2407 sancto,
971 2349 995 2397 iu
1013 2347 1110 2398 saecula
1128 2348 1288 2399 saeculorum.
1316 2348 1398 2400 Amen.
1428 2346 1473 2395 Sat·

229 2443 281 2482 ctus
299 2432 374 2480 iilius
392 2439 456 2490 tuus,
475 2432 514 2495 qni
532 2432 636 2481 renitet
654 2440 722 2481 nutus
741 2439 778 2481 est
795 2446 822 2480 eu
840 2431 942 2492 Virgine,
967 2439 992 2481 ut
1009 2432 1155 2483 voluntatem
1173 2440 1237 2482 tuam
1256 2435 1391 2498 perliceret,
1413 2440 1476 2497 popt-

230 2518 326 2579 irimque
350 2522 459 2564 sanctum
484 2514 525 2564 tibi
543 2516 706 2564 constitueret.
740 2516 784 2565 iliu
801 2515 920 2566 Sacerdos
938 2531 1022 2566 menna
1040 2531 1096 2566 anns
1114 2516 1222 2579 imponet
1238 2519 1371 2579 thuribulo,
1393 2521 1477 2577 mount?
1504 2568 1512 2575 ,

230 2616 270 2650 ens
294 2600 403 2650 ostendet
425 2613 500 2663 snper
517 2599 629 2649 oblatam.
665 2600 779 2664 Populus.
807 2600 944 2650 Secundum
964 2601 1151 2651 miscricordiam
1170 2610 1233 2652 tuam
1251 2602 1325 2663 liene,
1349 2611 1372 2652 et
1388 2616 1430 2651 uon
1445 2607 1476 2645 sl·

230 2687 333 2737 cundnm
353 2685 471 2750 nequitias
489 2693 593 2744 nostras,
611 2685 640 2734 Et
657 2685 745 2735 dicitnr
763 2694 806 2734 ter.
841 2686 969 2736 Sacerdos.
988 2686 1097 2735 Extendit
1115 2701 1200 2736 manus
1218 2702 1275 2736 suas
1294 2688 1323 2736 ad
1343 2688 1478 2752 passionen}

228 2787 317 2836 passus
337 2780 381 2831 cst,
400 2778 426 2820 nt
443 2772 570 2834 passiones
588 2769 699 2827 solveret,
717 2784 800 2818 eorum
819 2771 858 2833 qni
877 2778 975 2833 sperant
994 2771 1017 2819 iu
1036 2778 1073 2820 te:
1097 2773 1137 2835 qui
1156 2772 1252 2821 tradidit
1269 2788 1297 2821 se
1313 2773 1392 2837 ipsum
1409 2770 1477 2820 cotuu-

229 2866 275 2906 tute
294 2858 401 2919 propria,
419 2855 448 2903 ad
465 2855 612 2918 potiendum,
631 2863 656 2903 nt
674 2862 775 2903 mortem
793 2855 927 2904 destrueret
944 2863 968 2904 et
984 2855 1075 2904 vincula
1093 2863 1191 2904 satanae
1209 2856 1359 2917 dissolveret,
1377 2856 1479 2906 internam

231 2943 348 2989 calcaret:
373 2947 540 2989 testamentum
559 2953 629 2990 snum
650 2939 813 2996 constitueret,
839 2946 862 2988 ct
879 2940 1080 2989 resurrectionem
1098 2954 1166 2989 suurn
1185 2941 1360 3002 manifestaret,
1393 2941 1422 2990 iia
1438 2937 1479 2998 ip⁵²

231 3033 300 3073 nocte
327 3025 350 3072 in
379 3039 424 3087 qun
453 3024 553 3072 traditus
579 3031 624 3080 est,
650 3024 742 3087 accepit
759 3038 845 3087 panem
865 3024 887 3072 in
907 3038 991 3073 nrauns
1008 3039 1065 3072 suos
1083 3033 1187 3085 sanctas,
1214 3025 1297 3075 beatas
1316 3035 1340 3076 et
1358 3017 1480 3076 tunicati·

230 3117 275 3167 tus,
294 3108 385 3172 aspexit
404 3108 426 3156 iu
446 3107 548 3165 coelum,
568 3108 597 3157 ad
616 3114 638 3156 te
657 3107 749 3157 Patrem
767 3123 847 3168 sunm,
870 3109 958 3170 gratias
977 3110 1032 3169 egit,
1051 3108 1179 3169 benedixit,
1203 3111 1367 3169 sanctificarit,
1391 3118 1413 3159 et
1428 3098 1479 3156 petit

230 3192 354 3257 discipulis
372 3193 422 3242 suis
441 3193 536 3242 dicens:
555 3193 664 3255 accipite,
683 3192 824 3241 manducate
842 3206 869 3241 er
887 3206 916 3240 co
935 3206 975 3241 ros
994 3206 1091 3241 omnes:
1111 3193 1154 3244 llic
1171 3194 1241 3257 panis
1258 3203 1395 3260 esteorpns
1407 3197 1481 3243 rosetis

230 3279 293 3343 quod
319 3293 363 3342 pro
388 3279 454 3327 uobis
478 3278 595 3339 lranpitnr
618 3277 641 3325 iu
666 3278 832 3327 remissionem
857 3283 1017 3341 peccatorum.
1044 3278 1126 3326 lmen.
1163 3278 1278 3341 Populus.
1307 3281 1390 3329 lmen.
1413 3281 1479 3327 lust·

229 3366 311 3412 brnen.
337 3363 463 3412 Credimus
486 3370 510 3411 et
527 3363 585 3411 certi
602 3376 695 3420 somus,
720 3361 845 3409 laudamus
863 3369 886 3410 te
904 3361 1003 3409 Domina
1021 3360 1085 3409 lleus
1103 3369 1194 3422 noster,
1218 3363 1265 3413 boc
1283 3373 1399 3423 estsere,
1423 3369 1443 3410 et
1455 3358 1479 3404 ill

229 3448 358 3507 credimus,
384 3462 471 3510 corpus
490 3456 563 3496 tunm.
598 3445 724 3495 Sacerdos.
749 3445 865 3494 Similiter
882 3445 980 3495 calicem
1000 3447 1127 3507 pretiorum
1147 3446 1247 3497 actionis
1265 3448 1387 3498 benedixit
1402 3453 1480 3495 etaet-

231 3533 322 3581 cticarit
340 3540 363 3580 et
381 3531 439 3580 dixit
455 3532 517 3581 iilis:
536 3531 650 3594 Accipite,
668 3531 741 3579 bibite
760 3545 786 3578 eu
806 3545 834 3579 eo
852 3545 893 3579 ros
911 3545 1005 3580 omnes.
1040 3530 1084 3580 Hic
1102 3537 1139 3579 est
1157 3529 1216 3580 calin
1235 3534 1361 3594 sanguinis
1379 3533 1431 3590 mei,
1451 3520 1481 3588 qli

229 3630 274 3678 pro
293 3616 359 3665 vobis
378 3616 520 3675 effundetur,
540 3630 583 3680 pro
602 3616 750 3665 redemtione
768 3614 906 3664 multorum.
925 3616 1006 3664 lmen.
1034 3613 1141 3677 Populus
1159 3615 1188 3663 ad
1202 3615 1308 3665 Calicem
1327 3616 1397 3666 diect.
1414 3614 1482 3663 lmen.

228 3700 288 3748 i'ere
306 3707 342 3749 est
359 3701 456 3761 sanquis
475 3707 537 3757 tuos,
556 3701 684 3749 credimus.
719 3699 845 3749 Sacerdos.
863 3700 891 3749 lit
909 3701 1107 3764 quotiescumque
1125 3698 1148 3747 id
1166 3699 1273 3749 feceritis
1292 3700 1432 3749 memoriam
1476 3690 1482 3701 ’

230 3784 330 3834 iacietis.
366 3784 481 3847 Populus.
507 3784 607 3834 idortem
632 3793 695 3834 tuam
719 3785 887 3835 annuntiamus
907 3785 1014 3843 Domine,
1039 3792 1062 3832 et
1085 3784 1288 3834 resurrectionem
1307 3705 1516 3915 tuamen-13

230 3869 359 3927 credimus,
378 3868 544 3919 ascensionem
562 3877 625 3919 tuam
645 3877 669 3919 at
686 3870 810 3918 adrentum
829 3877 895 3919 tuum
914 3869 1061 3919 secundum:
1080 3882 1192 3930 rogemus
1211 3876 1234 3918 te
1252 3868 1354 3919 llominc
1372 3869 1434 3918 lleus
1507 3930 1515 3943 .

230 3962 293 4003 ster:
312 3954 358 4002 boc
375 3967 429 4002 tere
447 3953 479 4002 ita
497 3966 551 4002 esse
570 3953 697 4004 credimus.
733 3954 860 4003 Sacerdos.
879 3953 946 4003 Nunc
965 3955 1035 4003 etiarn
1047 3952 1146 4002 lloutins
1165 3955 1304 4003 memoriam
1324 3962 1491 4017 epentesmer·

229 4040 260 4084 tis
284 4046 307 4087 et
330 4037 514 4086 resurrectionis
539 4045 601 4098 tuae,
626 4039 750 4088 oderimus
774 4038 816 4087 tibi
841 4039 904 4088 bunc
928 4052 1014 4102 panem
1033 4045 1057 4087 et
1074 4038 1138 4087 nunc
1155 4038 1270 4089 calicem:
1294 4039 1384 4100 pretias
1402 4043 1496 4099 egentes

228 4119 282 4250 qibi,
306 4120 370 4184 quod
388 4135 432 4185 per
450 4134 477 4170 ee
495 4120 581 4183 dignos
599 4122 676 4173 iecisti
695 4137 739 4173 nos
756 4123 834 4203 qtaudi
853 4137 933 4173 coram
953 4130 985 4184 te,
1003 4122 1094 4187 tibique
1111 4124 1236 4174 sacerdote
1255 4123 1415 4175 ministerium
1434 4119 1494 4172 esbi-

247 4200 310 4254 endi.
