3044 4912
615 254 689 328 495

105 464 231 565 τησον,
263 432 499 564 ἐξερεόνησον
531 436 595 511 καὶ
628 438 812 514 άπίλασον
850 438 915 512 ἐπ’
946 438 1063 514 αὐτοῦ
1089 435 1212 514 πάντα
1237 440 1286 514 τὰ

105 537 251 689 γήματα
277 548 344 614 τοῦ
370 537 562 633 διαβόλου.
583 538 820 637 Ἐπιτίμησον
836 545 913 624 τοῖς
930 536 1160 667 ἀκαθάρτοις
1176 538 1287 616 πνεῦ-

105 670 212 715 ικαι
200 639 373 726 δίωξον
401 639 510 728 αὐτὰ,
536 639 607 721 καὶ
623 639 836 736 καθάρισον
861 640 907 715 τά
933 643 1036 769 ἐργα
1048 650 1127 717 ταῖν
1149 651 1287 741 χειρῶν

141 741 205 818 καὶ
237 751 283 839 τῆ
296 741 406 872 ὀξείᾳ
433 767 501 816 σου
524 739 756 872 χρησάμενος
780 740 955 872 ἐνεργείᾳ,
989 739 1195 841 σύντριφον
1219 744 1287 820 τὸν

105 853 206 920 οινᾶν
238 843 310 919 ὑπὸ
342 844 429 927 τοὺς
462 839 580 928 πόδας
612 844 729 920 αὐτοῦ
763 847 804 918 ἐν
782 842 940 940 ντάχει.
993 844 1067 918 Καὶ
1092 844 1158 930 δὸς
1183 847 1287 973 ᾳῦτᾳι

106 976 125 1030 ς
157 947 240 1021 κατ’
273 946 402 1074 αῦτρῦ,
436 946 498 1019 καὶ
531 953 609 1020 τιῦν
641 943 872 1073 ἀκαθάρτων
906 945 1024 1022 αὐτοῦ
1049 944 1284 1041 πνευμάτωνι

105 1077 139 1132 ις
160 1055 228 1122 τοῦ
253 1046 354 1144 παρὰ
381 1055 450 1121 σοῦ
475 1046 595 1131 ἐλέους
619 1043 830 1148 τυγχάνων,
856 1050 1073 1144 καταξιωθῇ
1089 1077 1168 1122 των
1185 1049 1287 1122 ἀθα-

105 1178 148 1225 ον
171 1149 235 1223 καὶ
260 1147 492 1276 ἐπουρανίων
520 1172 587 1223 σου
608 1149 840 1277 μυστηρίων.
877 1149 952 1275 Κᾳὶ
977 1147 1093 1275 δόξαγ
1115 1175 1173 1224 σοι
1193 1151 1287 1226 ἀνα-

105 1272 147 1345 μη
173 1278 227 1347 τῳ
253 1250 378 1377 πατρὶ,
412 1250 553 1346 καὶτῷ
578 1250 663 1348 υἱῷ,
698 1249 761 1324 καὶ
785 1279 839 1348 τῳ
866 1248 961 1351 άγίῳ
987 1249 1181 1346 πνεύματι,
1215 1258 1288 1326 νῦν

108 1351 178 1440 ὐεὶ,
204 1351 267 1426 καὶ
294 1356 344 1435 ελς
368 1351 455 1435 τοὺς
480 1322 620 1434 αλιῦνας
644 1360 722 1426 τῶν
746 1322 906 1429 αέαίνων.

418 1490 494 1561 Τοῦ
518 1485 661 1584 Κυρίου
688 1485 897 1584 δεηθῶμεν.

105 1603 142 1681 ’0
175 1602 231 1679 αλν
264 1603 436 1693 δέσποτα,
469 1601 595 1703 Κύριε,
628 1604 647 1678 6
681 1602 836 1700 ποιήσας
868 1606 934 1679 τὸν
967 1605 1175 1701 άνθρωπον
1199 1605 1283 1679 κατ’

105 1734 144 1781 να
181 1705 250 1804 σὴν
288 1707 351 1781 καὶ
387 1705 587 1801 ὁμοίωσιν,
623 1706 686 1781 καὶ
720 1704 810 1791 δοῦς
846 1706 949 1803 αὐτῷ
985 1704 1156 1790 ἐξουσίαν
1194 1706 1289 1802 ζωῆς

105 1808 194 1883 ιίου·
222 1807 299 1883 εἶτα
326 1804 526 1882 ἐκπεσόντα
552 1806 615 1882 διὰ
641 1816 706 1904 τῆς
727 1807 911 1905 ἁμαρτίας
931 1805 982 1903 μὴ
999 1805 1183 1902 παριδὼν,
1211 1808 1284 1881 666¹

105 1905 264 2004 νομήσας
295 1909 358 1984 διά
391 1917 456 2004 τῆς
488 1906 806 2004 ἐνανθρωπήσεως
837 1916 906 1982 τοῦ
930 1914 1099 2002 Χριστοῦ
1126 1935 1194 1983 σου
1219 1909 1289 2005 τὴν

105 2009 209 2106 ηρίαν
233 2019 302 2084 τοῦ
326 2007 482 2099 κόσμου,
519 2009 631 2092 αὐτὸς
655 2008 718 2083 καὶ
743 2008 786 2084 τὸ
812 2007 964 2105 πλάσμα
992 2034 1061 2083 σου
1086 2016 1197 2084 τοῦτο
1223 2018 1289 2085 λυ-

105 2109 259 2236 σάμενος
291 2115 330 2185 ἐκ
362 2119 427 2208 τῆς
452 2111 620 2195 δουλείας
645 2118 711 2185 τοῦ
738 2113 892 2238 ἐχθροῦ,
929 2107 1120 2238 πρόςδεξρι
1145 2116 1196 2195 ελς
1219 2111 1290 2206 τὴν

105 2212 215 2287 ιλείαν
242 2239 310 2287 σου
335 2213 405 2309 τὴν
426 2211 659 2307 ἐπουράνιον.
686 2210 884 2297 Διάνοιξον
902 2212 1018 2340 ριύτοῦ
1036 2211 1123 2295 τοῦς
1139 2213 1288 2342 66666-

105 2343 116 2398 ς
146 2321 211 2409 τῆς
244 2313 423 2404 διανοίας,
457 2320 507 2398 ελς
538 2317 580 2388 τὸ
615 2311 778 2415 αὐγάσαι
804 2317 845 2388 ἐν
870 2313 972 2410 αὐτῷ
998 2314 1065 2387 τὸν
1092 2314 1289 2410 φωτισμὸν

105 2415 337 2542 εὐαγγελίου
370 2442 449 2491 σου.
491 2412 682 2505 Σύζευξον
703 2424 752 2542 τῇ
780 2414 856 2510 ζωῇ
883 2414 999 2490 αὐτοῦ
1025 2416 1183 2543 άγγελον
1208 2444 1289 2512 φω-

105 2545 157 2606 ον,
190 2514 372 2645 ῥυόμενον
404 2516 520 2592 αὐτὸν
553 2515 626 2592 ἀπὸ
660 2513 778 2614 πάσης
810 2517 1004 2645 ἐπιβουλῆς
1037 2525 1105 2591 τοῦ
1131 2516 1289 2593 άντικει

105 2648 152 2708 ιυ,
185 2619 258 2694 άπὸ
293 2615 573 2744 συναντήμᾳτος
605 2627 782 2715 πονηροῦ,
817 2617 891 2693 ἀπὸ
924 2615 1123 2712 δαιμονίου
1148 2643 1290 2715 μεσημ-

105 2721 219 2809 ὀῦ,·’
200 2718 273 2794 απὸ
300 2718 581 2818 φαντασμάτων
606 2728 791 2818 πονηρῶν.

105 2837 178 2904 Καὶ
205 2837 340 2927 ἐμφτοᾷ
368 2833 469 2904 αὐτοῦ
497 2832 515 2903 6
545 2833 650 2924 λερεύς
676 2837 714 2904 τὸ
743 2835 867 2922 στόμα,
903 2835 941 2904 τὸ
976 2835 1135 2921 μέτωπον
1167 2834 1289 2905 καὶτὸ

105 2947 162 3018 λος,
185 2937 303 3025 λέγων·

105 3040 336 3125 Ἐξίλασον’
317 3070 368 3114 απ
413 3040 529 3115 αὐτοῦ
555 3048 631 3114 πᾶν
656 3038 819 3166 πονηρόν
844 3039 907 3113 καὶ
933 3035 1153 3134 ἀκάθαρτον
1178 3047 1288 3114 πνεῦ-

117 3143 385 3238 κεκρυμμένον,
411 3141 473 3263 κριέ
499 3145 717 3263 ἐμφωλεῦον
743 3141 859 3214 αὐτοῦ
885 3148 930 3234 τῆ
943 3140 1103 3237 καρδίᾳ.

106 3242 180 3310 Καὶ
200 3243 288 3328 λέγει
309 3247 407 3308 τοῦτο
429 3237 465 3308 ἐκ
486 3238 608 3326 τρίτου.

107 3334 269 3424 Πνεῦιια
304 3327 463 3423 πλάνης,
499 3334 646 3422 πνεῦμα
681 3323 878 3452 πονηρίας,
914 3332 1059 3420 πνεῦιια
1095 3324 1290 3400 εἰδωλολα-

105 3459 146 3514 ας
185 3430 248 3504 καὶ
289 3427 407 3524 πάσης
439 3428 660 3553 πλεονεξίας·
706 3435 853 3555 πνεῦμα
885 3423 1048 3525 ψεύδους
1078 3426 1141 3502 καὶ
1173 3424 1292 3550 πάσης

105 3531 276 3629 θαρσίας,
313 3539 376 3626 τῆς
411 3530 674 3657 ἐνεργουμένης
708 3528 803 3605 κατὰ
839 3527 907 3624 τὴν
942 3526 1188 3603 διδασκαλίαν
1223 3533 1292 3601 τοῦ

105 3631 218 3708 λόλου.
261 3632 375 3706 K66
365 3631 519 3728 ποίησον
554 3629 670 3705 αὐτὸν
701 3626 895 3728 πρόβατον
920 3629 1070 3732 λογικὸν
1094 3637 1158 3725 τῆς
1183 3627 1291 3757 άγίρις

105 3763 185 3830 ινης
208 3742 277 3808 τοῦ
301 3738 470 3827 Χριστοῦ
496 3757 576 3820 σου,
603 3733 711 3825 μελος
735 3732 859 3859 τίμιρν
883 3739 948 3828 τῆς
972 3729 1172 3827 ἐκκλησίας,
1207 3727 1292 3804 υἱον

120 3832 351 3962 κληρονόμρν
383 3843 447 3931 τῆς
477 3833 666 3931 βασιλείας
698 3859 777 3908 σου.
819 3831 900 3907 Ἰνα
932 3832 1027 3909 κατὰ
1052 3831 1120 3916 τάς
1142 3834 1294 3914 ἐντολάς

122 3933 429 4033 πολιτευσάμενος
466 3935 529 4010 καὶ
548 3933 724 4062 φυλάξας
745 3932 813 4031 τὴν
839 3932 1032 4063 σφραγῖδα
1057 3936 1291 4030 ἄθραυστον,

122 4036 346 4135 διατηρήσας
376 4037 443 4113 τὸν
473 4046 616 4134 χιτῶνα
649 4032 873 4132 ἀμόλυντον,
905 4035 998 4133 τύχη
1024 4043 1088 4132 τῆς
1112 4031 1293 4131 μακαριό-

105 4171 135 4225 ις
159 4149 237 4216 τῶν
263 4140 382 4243 ἁγίων
408 4142 448 4215 ἐν
473 4148 518 4235 τῆ
544 4137 715 4236 βασιλείᾳ
741 4162 820 4214 σου.

449 4260 456 4273 ’
485 4269 658 4362 Ἐκφιόνως
679 4266 697 4338 ὁ
721 4267 837 4359 λεριές.

109 4372 248 4472 Χάριτι
273 4377 336 4453 καὶ
363 4381 583 4469 οἰκτιρμοῖς,
600 4374 663 4449 καὶ
691 4371 958 4472 φιλανθρωπίᾳ
982 4380 1050 4447 τοῦ
1068 4376 1295 4500 μονογενοῦς

123 4479 222 4567 6666,
247 4481 336 4575 μεθ’
369 4472 414 4553 66
439 4476 632 4576 εὐλογητὸς
657 4474 700 4564 ελ,
729 4475 799 4553 σῦν
816 4483 869 4574 τῷ
886 4474 1059 4577 παναγίᾳι
1073 4473 1138 4549 καὶ
1155 4474 1293 4576 αγαθᾳλ
