3044 4912
807 251 878 325 144

692 428 763 501 “t)
753 432 859 522 repeda
879 432 979 522 λέγει.

274 539 318 617 Ὁ
342 534 468 637 κύριος
492 531 671 664 εὐλογήσῃ
689 565 751 611 και
740 532 1082 632 συνδιακογήσγ
1060 562 1153 628 ομιν
1160 535 1198 661 ¹)
1210 541 1256 630 τῇ
1274 534 1391 611 αὐτοῦ
1405 532 1475 635 26‘

204 670 291 743 pecs,
315 648 389 717 νῦν
412 639 475 714 καὶ
501 638 558 712 ἀεὶ
582 638 646 713 καὶ
671 644 721 723 εἰς
745 639 833 723 τοὺς
858 643 998 721 αἰῶνας
1021 643 1100 711 τῶν
1127 631 1289 712 αἰώνων.

279 770 352 843 ‘O
339 771 446 861 ιορεὺς
466 770 534 860 πρὸ
556 778 616 839 τοῦ
638 767 838 859 εὐαγγελιοο,
859 768 978 857 βάλλει
998 766 1166 855 θυμίαμα,
1189 766 1356 856 λέγωο“
1315 794 1428 851 ουτως.

284 891 463 990 Θυμίαμα
495 892 748 1018 npoccpc‘popaer
783 888 942 967 ἐνώπιον
974 899 1039 987 τῆς
1073 888 1194 1017 ἁγίας
1215 886 1324 987 δόξης
1350 891 1471 980 σοο,ὃ

202 992 306 1085 θεός,
332 991 622 1121 προςδεξάμενος
647 993 756 1077 εἰς
718 1024 761 1067 το
779 1021 905 1119 caytus,
925 991 988 1066 καὶ
1005 988 1291 1094 ὑπερουράνιον,
1317 992 1383 1067 καὶ
1400 1021 1475 1070 stoe-

205 1094 274 1193 ρόν
300 1121 368 1171 σου
393 1092 676 1192 θυσιαστήριον.
710 1092 1101 1191 ³Auctaeoccoirreesqtror‘
1081 1099 1171 1189 ημῖν
1197 1091 1266 1190 τὴν
1281 1091 1397 1192 χάριν
1412 1103 1476 1171 τοῦ

204 1197 314 1328 ἁγίου
340 1224 409 1273 σου
435 1194 656 1326 rqre6pcoroc,
684 1196 740 1272 ὅτι
766 1196 1008 1298 εὐλογημένος
1033 1193 1221 1302 ὕπαρχος,
1247 1196 1310 1270 καὶ
1338 1195 1387 1272 σὺ
1412 1195 1477 1294 τὴν

207 1297 323 1387 δόξαν
351 1325 419 1374 σου
446 1296 682 1395 ἀνάπεμψοα.

287 1437 358 1510 VII
393 1445 431 1517 ‘0
454 1445 647 1527 διάκονος”
629 1472 684 1515 ore
705 1447 821 1534 μέλλει
841 1444 950 1516 εἰπεῖν
970 1446 1010 1514 τὸ
1032 1442 1231 1535 εὐαγγέλιον,
1253 1446 1355 1535 λέγει.

280 1549 394 1649 Κύριε
420 1549 630 1652 εὐλόγησον.

293 1690 316 1752 1)
334 1693 400 1737 Febr.
417 1685 490 1754 ἡμῖν.

1092 1786 1099 1819 r

205 1865 276 1945 nobis
294 1902 320 1944 ut
338 1907 421 1943 eorum
440 1894 634 1943 meminissemus
653 1893 676 1942 in
695 1893 785 1941 nostris
804 1892 833 1941 ad
852 1900 874 1941 te
892 1891 1041 1941 orationibus
1060 1899 1083 1941 et
1100 1891 1221 1955 precibus.
1257 1890 1398 1942 ODomine
1414 1892 1480 1957 quie·

204 1987 253 2030 tem
273 1978 322 2028 illis
340 1979 418 2028 tribue
436 1994 538 2043 quorum
556 1979 690 2043 praecessit
708 1977 834 2026 dormitio:
854 1977 962 2026 inllrmos
980 1991 1048 2038 saraa,
1067 1978 1121 2040 quia
1142 1984 1166 2025 tu
1184 1978 1228 2026 rita
1245 1992 1273 2026 es
1291 1977 1419 2026 omninum
1437 1991 1482 2027 no-

204 2070 291 2123 strum,
319 2064 386 2113 salus
412 2064 528 2124 omnium,
555 2077 612 2127 spes
636 2063 753 2121 omnium,
781 2060 874 2111 medela
899 2061 1016 2121 omniurn,
1041 2061 1236 2125 resurrectioque
1262 2061 1373 2111 omnium
1399 2085 1430 2097 -
1447 2086 1480 2098 ·-

203 2147 263 2198 Tum
283 2147 478 2198 dicetl'salmum
497 2156 520 2198 et
538 2156 593 2212 post
611 2147 706 2197 tertium
725 2160 819 2196 tersum
838 2145 1119 2206 SacerdosEraugelinm
1138 2145 1279 2195 incensabit.
1313 2145 1435 2211 Ascendet
1450 2146 1480 2197 ad

205 2232 290 2294 altare,
309 2248 441 2297 rursusque
459 2234 583 2282 incensum
602 2233 697 2291 aderet,
715 2230 790 2280 semel
809 2233 907 2293 signans
925 2230 1055 2279 naviculam
1074 2230 1142 2291 siguo
1162 2230 1255 2280 crucis:
1273 2224 1362 2279 deinde
1373 2230 1481 2281 circuibit

204 2332 256 2368 cum
283 2318 381 2367 incenso
400 2317 561 2379 Evangelium‚
586 2305 636 2365 tu'm
662 2316 738 2365 altare
761 2314 853 2365 semel:
877 2312 1008 2364 descendet
1025 2314 1054 2362 ab
1073 2314 1151 2375 altari,
1175 2313 1277 2377 accipiet
1295 2313 1479 2377 Euangeliutna

202 2402 319 2462 Diacono,
339 2409 536 2464 concerteturque
554 2401 584 2449 ad
603 2400 766 2449 Occidentem.
801 2399 920 2448 decedent
936 2397 1081 2448 Sacerdotes
1099 2412 1191 2458 omnes,
1213 2407 1236 2448 et
1254 2397 1314 2447 illud
1333 2399 1480 2449 osculaban-

155 2480 162 2501 ’
203 2495 256 2537 tur:
276 2487 328 2549 ipse
348 2493 485 2549 postremus
504 2484 563 2533 illud
582 2481 738 2544 osculabitur,
757 2483 869 2546 dabitque
887 2484 946 2532 illud
964 2483 1070 2532 Diacono
1090 2482 1242 2543 ministranti,
1261 2498 1332 2546 quem
1353 2485 1425 2534 etiam
1443 2484 1479 2533 itt·

204 2569 319 2620 censebit.
355 2570 462 2631 Curnque
481 2569 600 2617 Diaconus
619 2569 681 2617 dicet
699 2569 773 2625 State,
792 2582 921 2616 conversus
931 2568 1050 2617 Sacerdos
1068 2567 1096 2615 ad
1108 2567 1229 2615 Orientem
1249 2567 1320 2627 dicet,
1340 2567 1368 2618 ln
1381 2569 1479 2618 nomine

204 2654 254 2703 Dei.
291 2653 342 2700 llor
366 2652 489 2700 incensum
516 2660 550 2700 ter
575 2652 689 2711 adolebit,
714 2653 743 2700 ad
767 2653 942 2700 Sanetuarium.
979 2651 1045 2701 Dicet
1062 2651 1182 2700 Diaconos
1200 2651 1303 2702 benedic
1321 2652 1434 2715 Domine,
1457 2661 1479 2702 et

204 2736 275 2795 dicet,
294 2736 390 2784 luitiuni
409 2737 485 2783 saneti
503 2735 623 2796 Evangelii
641 2735 772 2785 secundum
791 2735 943 2796 blattbaeum,
963 2736 1076 2794 Marcum,
1095 2735 1191 2795 Lucam,
1210 2736 1335 2786 loannem.
1371 2737 1478 2802 Cumque

205 2821 324 2884 interpres
341 2818 462 2880 Evangelii
480 2819 545 2878 dicit,
563 2821 629 2868 State
648 2834 701 2868 euru
720 2819 806 2868 timore
824 2819 876 2878 Dei,
902 2822 1047 2869 convertitur
1065 2819 1183 2868 Sacerdos
1202 2821 1231 2869 ad
1252 2820 1419 2883 Occidentem,
1443 2824 1478 2871 in·

204 2911 287 2953 censat
311 2904 387 2953 tribus
411 2903 501 2953 vicibus
520 2904 680 2966 Euangelium.
716 2904 776 2952 'l'um
802 2918 930 2954 conuersus
954 2904 983 2953 ad
1002 2904 1178 2964 sanctuarium,
1203 2904 1261 2952 illud
1280 2906 1392 2956 incensat
1410 2909 1478 2956 etiam

203 2996 248 3049 ter,
278 2988 365 3038 deinde
388 2989 532 3037 Sacerdotes
561 2988 650 3038 semel:
679 2998 746 3038 stans
771 2989 794 3037 in
820 2988 873 3037 loca
897 3003 950 3046 sno,
978 2991 1081 3038 recitans
1107 2989 1196 3053 aliquid
1214 2990 1305 3038 interea
1323 3004 1353 3040 ex
1371 2993 1479 3040 oratioue

203 3073 331 3135 Evangelii.
367 3074 427 3123 l'um
446 3074 564 3123 Diaconos
588 3072 663 3122 semel
688 3074 811 3123 incensat:
835 3087 879 3122 nec
898 3072 984 3122 desinit
1002 3073 1096 3122 intcrim
1115 3073 1236 3123 thuribulo
1256 3073 1370 3137 adolere;
1396 3089 1478 3125 eoram

202 3157 341 3220 Evangelio,
366 3158 395 3208 ad
414 3159 485 3207 Orrern
505 3173 581 3221 usque
600 3158 712 3207 lectionis
731 3159 782 3206 eius
801 3157 899 3220 Coptice
918 3165 940 3205 et
958 3158 982 3206 in
1001 3156 1085 3207 ultimo
1103 3165 1222 3208 commate
1240 3157 1349 3208 incensat
1366 3168 1412 3220 ter,
1437 3161 1477 3211 dat

203 3249 281 3291 autent
301 3242 452 3303 Euangelium
476 3243 603 3304 legendnm
622 3243 727 3291 Diacouo
753 3243 774 3290 si
798 3240 874 3305 probe
898 3240 958 3290 illud
977 3242 1057 3303 legere
1075 3243 1143 3301 sciat,
1168 3244 1205 3292 sin
1225 3246 1311 3305 mlnus,
1336 3243 1402 3307 leget
1419 3243 1477 3294 illud

203 3326 255 3390 ipse
275 3325 401 3375 Sacerdos.
439 3328 506 3385 Quod
526 3328 546 3375 si
565 3327 684 3376 Diaconos
702 3325 927 3388 legatlirangelium
947 3327 1098 3385 cxdmhone,
1117 3327 1247 3376 incensatio
1260 3328 1381 3390 Evangelii
1398 3331 1476 3393 primo

156 3414 161 3425 ’
203 3418 226 3460 et
243 3418 367 3474 postremo
392 3411 431 3459 [let
455 3411 484 3460 ad
504 3411 576 3460 limen
595 3412 669 3461 ebori.
706 3411 814 3474 Cumque
833 3410 896 3459 dicet
913 3412 1040 3472 interpres,
1065 3411 1160 3461 Domini
1179 3419 1201 3460 et
1219 3412 1260 3461 Dei
1279 3414 1367 3472 nostri,
1390 3414 1477 3462 redibit

202 3494 232 3544 ad
251 3495 418 3545 sanctuarium
442 3502 466 3544 et
490 3496 612 3545 incensum
638 3497 716 3545 tribus
737 3496 826 3545 vicibus
851 3495 965 3554 adolebit,
989 3495 1099 3559 dicetque
1122 3504 1263 3560 sequentem
1282 3499 1419 3547 orationem
1437 3512 1475 3546 se·

202 3588 276 3641 creto,
295 3580 390 3643 quanda
408 3579 560 3642 Evangelium
579 3579 672 3642 legetur
689 3580 797 3639 Arabica,
815 3580 877 3629 lucie
895 3581 924 3628 ad
945 3580 1066 3629 Orientem
1086 3595 1208 3630 conuersa.
1233 3581 1302 3638 Ouod
1320 3583 1343 3630 si
1357 3583 1476 3632 Sacerdos

202 3666 291 3724 socius,
311 3666 340 3714 ad
359 3679 429 3728 quern
449 3664 499 3712 eius
517 3665 621 3727 pertinet
640 3665 756 3724 recitatio,
776 3665 807 3713 ibi
827 3663 897 3723 adsit,
916 3663 981 3713 dabit
999 3666 1019 3713 el
1039 3665 1186 3714 tburibnlum
1198 3674 1221 3715 et
1231 3667 1283 3730 ipse
1294 3680 1348 3714 eam
1358 3666 1475 3716 recitabit

285 3749 353 3798 Aetli.
381 3749 508 3798 Diaconos.
527 3749 828 3810 Surgiteadorntionem.
865 3748 1185 3812 Populusllyrieeleison.
1221 3749 1351 3800 Sacerdos.
1370 3751 1475 3799 Parro-

201 3832 239 3882 bis
259 3833 378 3882 omnibns.
414 3833 530 3896 Populus.
556 3834 584 3882 Et
602 3848 664 3881 cum.
700 3833 827 3882 Sacerdos.
852 3831 952 3882 Domine
971 3833 1206 3884 Deusnosterlesu
1225 3835 1319 3884 Christe
1339 3842 1385 3884 ete.
1422 3834 1476 3882 Dia-

202 3929 286 3966 oouus.
306 3917 377 3966 Orate
397 3931 441 3981 pro
460 3918 586 3979 Evangelio
606 3925 698 3967 sancto.
734 3917 862 3966 Sacerdos.
880 3926 1006 3980 antequam
1026 3917 1119 3979 legator
1136 3919 1287 3982 Evangelium
1307 3919 1380 3969 dicit:
1399 3918 1476 3968 Dene-

201 3999 295 4051 dicatur
312 4001 428 4050 Dominus
455 4002 477 4050 in
498 4003 699 4065 omnitempore,
724 4016 821 4064 semper
839 4001 892 4050 laus
911 4002 962 4050 eius
981 4003 1003 4051 iu
1023 4017 1064 4051 ore
1084 4018 1150 4053 meo:
1176 4004 1199 4054 in
1218 4004 1319 4053 Domino
1339 4003 1476 4054 laudabitur

201 4087 280 4136 anima
299 4100 360 4134 mea.
394 4085 504 4148 Alleluia,
522 4085 633 4137 Alleluia.
668 4086 771 4148 Surgite,
790 4086 869 4135 audite
887 4086 1038 4147 Euangelium
1056 4095 1203 4149 sanctorum,
1222 4089 1411 4152 praedicationis
1428 4088 1475 4137 Do·

200 4170 259 4220 mini
284 4177 308 4219 et
331 4167 456 4219 saluatoris
481 4171 556 4219 nostri
575 4170 628 4219 lesu
648 4170 745 4220 Christi.
781 4170 909 4220 Sacerdos.
938 4171 1055 4220 ldentento
1078 4186 1123 4236 pro
1143 4173 1307 4234 offerentibus,
1332 4174 1436 4223 mortuis
1453 4179 1477 4223 et

200 4254 310 4305 inllrmis.
345 4254 465 4303 Sacerdos
493 4268 622 4303 conversus
647 4255 676 4303 ad
695 4253 811 4318 populum
831 4255 906 4305 dicet:
933 4256 1049 4305 Dominus
1078 4257 1183 4322 desuper
1206 4258 1401 4309 benedictionem
1420 4258 1477 4307 mit·

198 4345 233 4389 tat
251 4347 296 4388 etc.
331 4338 450 4389 Sacerdos
470 4346 506 4387 ter
524 4340 631 4388 incensat
648 4338 801 4403 Euangelium
820 4349 843 4389 et
862 4348 918 4390 tuuc
936 4343 1059 4391 annuntiat
1077 4341 1136 4390 illud
1147 4342 1239 4406 Populo
1258 4343 1351 4393 diceus.
1368 4343 1477 4405 Euange-

200 4421 258 4471 lium
282 4429 392 4472 sanctum
417 4421 481 4486 quod
499 4423 644 4485 praedicarit
662 4431 702 4473 aut
728 4424 874 4473 annuntiavit
890 4424 919 4474 tt.
938 4425 1035 4474 uerbum
1055 4425 1096 4475 lilii
1116 4427 1166 4476 Dei.
1203 4427 1303 4491 Populo.
1331 4428 1415 4479 Gloria
1434 4427 1476 4477 tibi

198 4504 231 4556 sit
253 4519 350 4572 semper
368 4505 464 4558 Cbriste
489 4506 586 4558 domine
610 4515 633 4557 et
651 4507 715 4558 Deus
739 4516 829 4561 noster.
863 4509 972 4560 Exultata
990 4510 1039 4561 Deo
1064 4511 1166 4561 adiutori
1190 4517 1284 4575 nostro,
1306 4512 1408 4567 iubilate
1426 4511 1477 4562 Dea
