3044 4912
627 268 633 277 ·
719 234 792 311 119

95 467 111 513 ,Γ
171 417 264 541 ςἜτι
288 419 508 514 μνησθῆναι
532 416 777 509 καταξίωσον,
803 414 929 517 Κύριε,
955 419 1019 494 καί
1043 430 1122 496 τῶν
1145 420 1213 506 τὸις
1228 452 1390 523 προςφο-

79 585 86 623 Ι,
150 545 197 610 ρος
224 515 361 603 ταύτας
395 516 719 645 προςενεγκάντων
754 523 796 596 ἐν
829 529 874 616 τῇ
910 516 1071 619 σήμερον
1104 522 1222 622 ήμέρηι
1257 523 1316 598 ἐπὶ
1347 523 1391 601 τὸ

146 617 230 721 ίγιδν
262 644 332 695 σου
358 623 643 719 θυσιαστηριον,
668 621 732 696 καὶ
755 620 849 721 ὑπὲρ
874 615 930 721 ῶν
960 624 1111 708 ἕκαστος
1134 622 1390 727 προςήνεγκεν,

79 794 85 815 ι
141 720 269 817 ήκατὸι
296 720 472 799 διάνοιαν
496 723 581 818 ἔχει,
613 722 676 797 καὶ
701 731 781 799 τῶν
805 721 943 822 ἀρτίως
966 751 1025 799 σοι
1050 725 1356 828 ἀνεγνωσμένων.

196 820 419 920 Μνήσθητι,
450 819 577 923 Κύριε,
610 821 707 899 κατὰ
738 824 781 900 τὸ
812 828 956 922 πλῆθος
987 834 1055 901 τοῦ
1088 828 1208 912 ἐλέους
1233 853 1302 904 σου
1327 829 1391 905 καὶ

134 933 196 1000 τῶν
220 930 425 1023 οἰκτιρμῶν
451 948 532 1015 σου,
558 923 628 1003 καὶ,
647 928 740 1022 ἐμοῦ
764 934 833 1002 τοῦ
857 936 1033 1003 ταπεινοῦ
1049 927 1113 1002 καί
1131 928 1281 1026 ἀχρείου
1299 927 1390 1006 δοά-

131 1035 184 1101 λου
216 1051 300 1117 σου,
336 1026 400 1101 καὶ
430 1035 509 1103 τῶν
539 1026 582 1101 τὸ
616 1024 726 1130 ἅγιόν
759 1053 827 1103 σου
853 1026 1126 1127 θυσιαστήριον
1149 1029 1390 1108 κυκλούντων

128 1123 323 1204 διακόνων·
359 1127 423 1203 καί
451 1126 605 1226 χάρισαι
631 1130 758 1214 αῦτοῖς
781 1127 871 1230 βίον
897 1131 1104 1230 ἄμεμπτον,
1137 1132 1294 1208 ἄσπιλον
1320 1134 1390 1209 αῦ-
1440 1158 1446 1177 ³

126 1237 193 1306 τῶν
227 1229 299 1327 τήν
334 1229 530 1306 διακονίαν
566 1227 747 1328 φύλαξον,
781 1231 846 1308 καὶ
878 1230 1060 1329 βαθμοὺς
1092 1234 1264 1337 ἀγαθοὺς
1288 1263 1390 1330 περι-

125 1331 279 1428 ποίησαι,
313 1333 377 1406 ίνσ
413 1332 581 1429 εὕρωμεν
615 1335 716 1409 ἔλεον
750 1333 814 1409 καί
845 1332 960 1433 χάριν
994 1332 1087 1430 μετὰ
1122 1332 1277 1412 πάντων
1310 1344 1390 1412 τῶν

124 1432 236 1535 ἁγίων
260 1441 342 1509 τῶν
367 1430 590 1517 ἀπ’·αλῶνός
616 1458 674 1509 σοι
700 1433 1029 1535 εῦαρεστησάντων
1053 1436 1148 1512 κατὰ
1174 1437 1308 1540 γενεὰν
1326 1437 1390 1512 καὶ

122 1534 260 1635 γενεάν,
286 1532 547 1634 προπατόρων,
572 1535 755 1635 πατέρων,
782 1545 1035 1635 πατριαρχῶν,
1062 1547 1278 1638 προφητῶν,
1296 1538 1390 1614 διπο-

124 1635 277 1726 στόλων,
314 1633 539 1736 μαρτύρων,
575 1635 834 1740 ὸμολογητῶν,
870 1637 1128 1730 διδασκάλων,
1164 1639 1290 1733 ὁσίων,
1326 1640 1389 1716 καὶ

122 1738 255 1822 παντὸς
289 1737 499 1834 πνεύματος
524 1736 672 1813 δικαίου
698 1743 740 1816 ἐν
764 1740 884 1816 πίστει
909 1749 977 1816 τοῦ
1001 1747 1170 1842 Χριστοῦ
1197 1769 1267 1817 σου
1291 1772 1390 1818 τετε-

122 1839 327 1933 λειωμένου.

192 1960 328 2033 XXXV.
366 1961 527 2058 [(Χαῖρε,
562 1959 835 2055 κεχαριτωμένη
872 1957 1028 2058 Μαρία,
1066 1958 1085 2032 ὁ
1125 1955 1260 2058 Κύριος
1294 1959 1388 2056 μετά

124 2066 203 2134 σοῦ·
237 2059 462 2162 εὐλογημένη
496 2058 543 2135 σὺ
576 2062 618 2135 ἐν
647 2060 807 2162 γυναιξί,
841 2058 904 2134 καί
936 2054 1178 2162 εὐλογημένος
1204 2061 1223 2135 ὸ
1250 2061 1389 2159 καρπὸς

123 2168 182 2256 τῆς
204 2159 344 2245 κοιλίας
370 2167 465 2258 σου),
491 2161 548 2237 ὅτι
572 2169 737 2260 Σωτῆρα
762 2163 877 2246 ἔτεκες
901 2169 980 2237 τῶν
1004 2168 1141 2260 ψυχῶν
1166 2161 1285 2258 ήμῶν.

538 2315 623 2396 Είτα
645 2326 788 2418 ἐκφωντῖ
808 2324 827 2396 ό
851 2323 967 2414 ίεροός.

188 2447 399 2543 Ἕξαιρέτως
420 2455 485 2543 τῆς
499 2446 696 2549 παναγίας,
724 2444 927 2542 ἀχράντου,
953 2446 1301 2548 ῦπερευλογημένης,
1328 2452 1387 2523 ἐν-

128 2545 229 2633 δόξου
255 2547 449 2646 δεσποίνης
473 2547 594 2646 ήμῶν,
620 2546 802 2625 Θεοτόκου
827 2549 891 2623 καί
917 2548 1169 2647 ἆειπαρθένου
1195 2548 1360 2650 Μαρίας.

648 2712 691 2783 Οί
716 2712 857 2805 ψάλται.

187 2831 306 2920 Ἄξιόν
330 2837 430 2910 ἐστιν
454 2834 505 2919 ῶς
530 2836 683 2931 άληθῶς
708 2833 927 2933 μακαρίζειν
952 2859 992 2911 σε
1012 2832 1081 2930 τὴν
1100 2833 1292 2925 θεοτόκον,
1320 2834 1387 2932 τήν

131 2934 423 3033 ἀειμακάριστον,
464 2934 528 3011 καί
566 2934 867 3032 παναμῶμητον,
907 2935 970 3009 καὶ
1008 2935 1149 3032 μητέρα
1187 2946 1255 3011 τοῦ
1294 2943 1387 3011 Θεοῦ

130 3035 236 3130 ήμῶν,
260 3037 330 3135 τήν
353 3039 576 3133 τιμιωτέραν
600 3046 679 3112 τῶν
701 3037 898 3136 χερουβὸμ,
923 3037 987 3111 καὶ
1012 3036 1252 3134 ἐνδοξοτέραν
1269 3039 1386 3139 ἀσυγ-

131 3138 250 3233 κρίτως
273 3148 352 3214 τῶν
377 3139 557 3240 σεραφὸμ·
586 3138 655 3236 τὴν
672 3137 921 3237 ἀδιαφθόρως
938 3138 1030 3214 Θεὸν
1044 3136 1175 3240 Λόγον
1192 3148 1385 3228 τεκοῦσαν,

131 3240 187 3336 τήν
211 3243 325 3325 ὄντως
350 3238 530 3317 θεοτόκον
556 3239 595 3315 σὲ
621 3238 889 3342 μεγαλόνομεν.
1470 3250 1474 3254 ’

540 3406 612 3474 Καὶ
631 3404 735 3474 πάλιν
756 3404 954 3498 ψάλλουσιν.

187 3527 264 3602 Ἐπὶ
291 3528 349 3603 σοὶ
372 3527 491 3625 χαίρει
517 3527 790 3624 κεχαριτωμένη
816 3535 918 3601 πᾶσα
943 3526 966 3625 ή
992 3525 1120 3616 κτίσις,
1150 3526 1317 3629 ἀγγέλων
1342 3525 1385 3599 τὸ

131 3624 298 3727 σύστημα,
324 3630 388 3704 καί
412 3627 632 3721 δινθρῶπων
656 3628 698 3703 τὸ
724 3629 841 3730 γένος,
866 3628 1065 3731 ήγιασμένε
1090 3627 1156 3703 ναί
1182 3627 1244 3702 καὶ
1265 3622 1394 3729 παρά-ί

129 3727 212 3804 δεισε
247 3743 288 3806 λο
314 3731 378 3821 ικέ,
415 3730 646 3828 παρθενικὸν
679 3729 865 3826 καύχημα,
902 3734 941 3815 ἐξ
974 3724 1017 3826 ἧς
1051 3728 1138 3813 Θεὸς
1172 3723 1385 3826 ε’σαρκῶθη,
1422 3732 1430 3741 “

128 3831 180 3904 καί
212 3761 364 3908 παιδίον
397 3832 550 3935 γέγονεν
586 3832 605 3907 ὅ
641 3832 712 3931 πρὸ
749 3827 908 3907 αλῶνων
935 3828 1116 3928 ὑπάρχων
1146 3829 1233 3913 Θεὸς
1257 3828 1383 3925 ήμῶν·

127 3931 185 4028 τήν
214 3935 287 4036 γάρ
315 3934 385 4031 σήν
409 3932 559 4034 μήτραν
584 3931 730 4031 Θρόνον
755 3933 912 4031 ἐποίησε,
948 3932 1010 4007 καὶ
1036 3931 1104 4028 τήν
1130 3931 1199 4027 σὴν
1224 3931 1385 4033 γαστέρα

127 4036 345 4134 πλατυτέραν
379 4038 554 4132 οὐρανῶν
586 4033 846 4138 ἀπειργάσατο.
892 4036 974 4109 Ἐπὶ
1007 4034 1066 4108 σοὶ
1094 4034 1215 4131 χαίρει
1240 4062 1386 4130 κεχαρι-

126 4138 258 4236 τωμένη
283 4147 385 4213 πᾶσα
410 4138 433 4235 ή
459 4139 591 4223 κτίσις·
619 4135 711 4222 δόξα
737 4143 822 4233 σοι]

200 4417 256 4481 Cap.
275 4415 359 4467 mV.
395 4415 477 4480 Neque
501 4414 529 4463 M.
548 4429 593 4464 nec
617 4415 643 4463 R.
662 4411 757 4474 longius
782 4421 909 4462 excurrunt
934 4413 957 4462 in
984 4411 1094 4465 laudibus
1112 4411 1198 4460 Βετιεο
1218 4409 1319 4471 virginis
1343 4407 1387 4458 sed

127 4499 194 4550 ιλιῑὶτι
210 4500 345 4566 procedunt
362 4499 392 4551 ιδ
410 4499 547 4553 Memoriam
566 4499 737 4550 ῠεῐυοτιοτοω
756 4506 780 4549 ει
796 4497 948 4548 Sanctorum.
