3044 4912
690 269 760 343 153

120 449 173 524 733
195 451 388 550 πρέπον,
413 449 491 525 καί
516 455 618 534 ταῖς
641 450 890 549 ἡμετέραις
915 457 1105 548 ψυχαῖς
1100 454 1358 552 -ίπωφελές,

120 551 221 642 ἰόν,
246 551 468 642 δέσποτα,
492 548 622 650 κύριε
647 553 747 682 333,
772 550 913 651 ποίτερ
940 551 1287 653 παντόκρατορ,
1313 557 1359 633 σὲ

117 658 264 744 αἰνεῖν,
301 651 346 728 σὲ
371 652 557 783 ὑμνεῖν,
596 653 669 729 σοὶ
694 656 1010 753 εὐχαριστεῖν,
1047 655 1120 731 σοὶ
1146 656 1359 787 ἀνθομρ-

113 759 338 885 λοχεῖσθαι
364 752 546 854 νύκτωρ
571 782 617 829 τε
642 756 717 830 καὶ
742 755 900 831 καθΗ
878 756 1057 885 ημέραν
1082 757 1358 889 37333333333-

111 883 181 954 οτηι
207 855 424 954 στόματι,
451 856 528 932 καὶ
554 853 799 985 ἀσιχήτοις
820 858 1015 955 χείλεσι,
1051 857 1126 933 καὶ
1153 858 1359 958 ἀσιωπή-

107 986 155 1055 ιρι
187 957 398 1088 καρδία·
416 960 489 1034 σοὶ
524 966 586 1058 τῷ
621 956 871 1057 ποιήσαντι
911 957 994 1035 τὸν
1023 959 1242 1090 οὐρανὸν
1283 963 1360 1039 καί

105 1030 227 1136 ιάἐν
202 1087 324 1158 τω
344 1058 556 1187 ουρανω,
592 1068 678 1189 737
712 1060 789 1137 καὶ
822 1059 957 1138 3337
933 1068 1142 1191 733y3‚
1178 1059 1360 1140 θάλασ-

105 1186 195 1289 σρν,
233 1157 399 1289 πηχοίς,
435 1159 695 1291 ποταμούς,
731 1163 918 1260 λίμνας,
953 1163 1029 1238 καὶ
1054 1191 1207 1239 παντα
1231 1164 1286 1239 τὰ
1311 1168 1360 1241 ἐν
1442 1242 1448 1247 ,

105 1261 275 1352 αὐτοῖς,
301 1261 374 1338 σοὶ
398 1266 460 1362 τῷ
486 1260 736 1361 ποιήσαντι
760 1263 841 1341 τὸν
866 1266 1124 1393 ἄνθρωπον
1147 1294 1232 1341 κατ
1232 1264 1361 1342 ἰδί-

105 1380 154 1439 33‘
172 1361 352 1454 εἰκόνα,
376 1394 455 1440 και
443 1364 587 1441 καθ’
617 1364 910 1463 ὁμοίωσιν,
892 1358 925 1438 ὦ
948 1395 1025 1441 και
1013 1364 1252 1465 ἰχαρίσω
1277 1370 1360 1496 την

105 1467 143 1539 37
173 1465 443 1565 παραδείσῳ
478 1464 679 1567 τρυφήν,
716 1438 997 1566 παραβάντα
1032 1465 1081 1543 δὲ
1107 1468 1252 1544 αὐτὸν
1278 1470 1359 1565 οῦχ

105 1565 324 1693 ἀπέριδες,
369 1568 531 1644 οῦδίέ
515 1570 809 1745 ἐχκατέλιπες
848 1569 1019 1699 ἀγαθέ,
1064 1568 1178 1644 ἀλλὰ
1219 1566 1359 1648 πόλιν

105 1667 353 1743 ἀνεκαλέσω
389 1668 467 1744 διά
500 1669 668 1766 νόμου,
704 1668 1097 1800 ἐπαιδαχώχησας
1132 1671 1211 1748 διὰ
1247 1702 1361 1771 προ-

105 1777 268 1895 ρητιῦν,
301 1770 566 1856 ἀνέπλασας
597 1771 674 1846 καὶ
707 1771 1011 1857 ἀνεκαίνισας
1043 1771 1120 1849 διὰ
1145 1782 1227 1849 τοῦ
1253 1803 1361 1903 φρι-

105 1879 201 1947 ιιτοῦ
225 1870 303 1946 καὶ
337 1871 568 1963 ζωοποιοῦ
599 1873 677 1948 καὶ
710 1873 940 1975 οὐρανίου
964 1873 1227 1974 μυστηρίου
1253 1873 1361 1951 τού-

105 2000 187 2047 του·
226 1970 376 2048 ποίντα
412 1973 461 2050 δὲ
496 1974 716 2072 ἐποίησας
742 1975 821 2051 διὰ
846 1985 925 2076 τῆς
949 1981 1029 2072 σῆς
1056 1976 1242 2076 σοφίας,
1279 1986 1359 2052 τοῦ

105 2074 244 2169 φωτὸς
279 2083 362 2152 τοῦ
398 2076 649 2174 ἀληθινοῦ,
685 2085 767 2206 τοῦ
802 2083 1095 2204 μονογενοῦς
1120 2103 1202 2152 σου
1235 2078 1360 2167 Υἱοῦ,

105 2182 173 2251 τοῦ
207 2177 376 2274 κυρίου
417 2178 494 2254 καὶ
529 2181 644 2255 θεοῦ
685 2179 762 2253 καὶ
804 2186 1010 2277 σωτῆρος
1046 2176 1177 2306 ημῶν
1208 2178 1360 2275 Ἰησοῦ

105 2280 320 2375 Χριστοῦ
356 2278 414 2354 δι’
445 2274 498 2357 οὗ
522 2280 596 2356 σοὶ
623 2280 708 2355 σὺν
733 2281 857 2379 αὐτῷ
883 2279 960 2356 καὶ
962 2278 1102 2408 ἀχίῳ
1127 2277 1361 2377 πνεύματι
1459 2310 1466 2317 ·

106 2376 513 2504 εὐχαριστοῦντες,
557 2382 883 2511 προςφέρομεν
920 2380 1007 2511 τὴν
1050 2381 1283 2510 λογικὴν
1284 2382 1361 2457 καὶ

106 2478 389 2575 ἀναίμακτον
424 2482 644 2583 λατρείαν
678 2481 881 2579 ταύτην,
916 2478 971 2582 37
1006 2483 1254 2611 προςρέρει
1290 2508 1361 2561 σοι

107 2577 220 2679 κόριε
257 2580 412 2658 ποίντα
446 2584 500 2659 τὰ
524 2586 735 2714 ἐθνη,’
715 2584 802 2660 απὸ
838 2587 1082 2714 ἀνριτολαῖν
1116 2585 1250 2682 ἡλίου
1284 2586 1362 2661 καὶ

108 2683 289 2812 μέχρι
263 2683 478 2779 δυσμῶν,
516 2686 602 2762 ἀπὸ
638 2688 813 2783 ἄρκτου
838 2717 916 2762 και
904 2685 1304 2787 μεσημβρίας(
1292 2688 1362 2763 ότι

107 2810 209 2885 μεχα
243 2784 295 2859 τὸ
318 2786 481 2914 ὄνομοί
518 2815 600 2864 σου
637 2791 684 2862 ἐν
719 2797 832 2862 πᾶσι
867 2795 966 2873 τοῖς
991 2791 1176 2878 ἔθνεσι,
1212 2788 1290 2864 καὶ
1316 2794 1363 2866 ἐν

110 2886 231 3008 ηαντῖ
278 2884 402 2987 τόπῳ
444 2890 666 2986 θυμίαμα
709 2889 1017 3017 προςφέρετριι
1060 2899 1120 2990 τῷ
1164 2889 1363 2987 ιἰνόιιατι

112 2983 211 3087 ἀχίῳ
237 3012 342 3078 σου,
368 2991 445 3065 καὶ
470 2991 620 3067 θυσία
644 2991 724 3066 καὶ
750 2989 996 3132 προςφοροί.

173 3108 260 3181 XIV.
311 3106 386 3182 Καὶ
421 3107 587 3207 δεόμεθα
622 3109 684 3185 καὶ
720 3110 985 3207 παρακαλοῦμ
952 3137 1006 3183 ιεν
1042 3133 1080 3183 σε
1117 3105 1361 3245 φιλάνθρωπε

110 3204 228 3306 ἀχαθέ.

172 3322 380 3422 Μνήσθητι
404 3324 507 3426 κύριε
531 3337 596 3425 τῆς
621 3327 729 3458 ἀχίρις
753 3328 815 3402 καὶ
841 3357 905 3424 μοι
907 3357 957 3424 ης
973 3329 1175 3424 καθολικῆς
1191 3328 1253 3404 καὶ
1271 3330 1364 3405 ἀπο

107 3434 280 3555 στολικης
294 3429 495 3523 ἐκκλησίας,
528 3439 592 3527 τῆς
624 3430 698 3506 ἀπὸ
729 3439 796 3557 γῆς
821 3428 991 3527 περάτων
1016 3429 1123 3555 μέχρι
1148 3439 1227 3505 τῶν
1251 3429 1364 3527 περοί-

106 3556 173 3604 των
188 3529 314 3626 αὐτῆς,
331 3526 485 3606 πάντων
501 3541 579 3609 τῶν
595 3541 709 3621 λαῶν,
735 3532 798 3605 καὶ
814 3529 967 3607 ποίντων
984 3539 1063 3607 τιῦν
1080 3531 1264 3621 ποιμνίων
1283 3558 1362 3605 σου.

176 3647 252 3743 T37
277 3647 505 3775 ἕξοῦρανρῦ
530 3647 677 3748 εἰρήνην
701 3645 918 3778 βροίβευσον
942 3655 1025 3733 ταῖς
1052 3645 1230 3723 ἀπόντων
1255 3648 1364 3745 ἡμῶν

105 3694 283 3847 καρδίόιις·
303 3748 395 3823 ἀλλὰ
410 3750 474 3824 καὶ
489 3780 558 3879 τρυ
540 3753 660 3850 βίου
677 3751 810 3827 τούτου
826 3749 896 3847 τὴν
911 3748 1098 3880 εἰρήνην
1078 3755 1167 3844 ηιιῖν
1186 3747 1362 3847 δώρησαι.

176 3850 251 3926 Τὸν
282 3851 450 3944 βασιλέα,
483 3853 530 3927 τοὶ
563 3849 821 3952 στρατιωτικοί,
857 3853 944 3937 τοὺς
968 3854 1178 3978 ἄρχοντας,
1211 3850 1363 3948 βουλάς,

105 3950 251 4083 δημους,
283 3951 486 4081 γειτονίας,
511 3953 674 4041 εἰςόδους
697 3957 761 4032 καὶ
786 3953 978 4040 ἐξόδους
958 3961 1087 4049 ημῶν,
1124 3955 1164 4027 ἐν
1188 3951 1288 4050 ποίση
1316 3960 1366 4028 εἰ-

105 4084 188 4155 ρηνη
215 4051 511 4151 κατακόσμησον.

169 4177 337 4249 Βασιλεῦ
370 4181 434 4269 τῆς
460 4170 615 4273 εἰρήνης,
641 4174 709 4270 τὴν
736 4174 805 4271 σὴν
830 4171 978 4270 εἰρήνην
1004 4171 1113 4256 δὸς
1093 4177 1183 4267 ηιιῖν
1209 4200 1250 4247 εν
1275 4172 1365 4267 330-

105 4275 180 4373 νοίᾳ
207 4274 270 4348 καῖ
297 4274 439 4401 ἀχείπη
467 4285 594 4373 κτῆσαι
623 4274 720 4371 ἡιιάς
746 4275 765 4350 ὁ
793 4273 935 4364 δεός,
919 4272 1022 4358 εκτός
1039 4301 1107 4348 σου
1126 4275 1269 4370 333031)
1298 4275 1366 4349 οῦκ

105 4352 270 4471 ιῖδίιιιεν·
298 4377 341 4448 τὸ
368 4377 487 4469 ὄνοιιοί
515 4405 582 4452 σου
611 4375 859 4471 ιἰνοιιαίζομεν·
900 4375 1127 4472 ζωοποίησον
1152 4375 1219 4458 τὰς
1245 4374 1367 4452 ἀποίν-
1438 4426 1445 4445 .

182 4532 207 4593 1)
223 4533 291 4578 Ριίιι.
309 4528 386 4582 ἀλλα.
