3044 4912
661 232 735 319 683

93 408 208 503 οίησον
234 413 294 481 σὸν
319 420 360 503 τῇ
386 410 504 503 είςόὸηι
524 409 617 503 ήμιῦν
637 411 767 495 ε’ίςοὸον
788 411 890 503 άγίων
910 410 1056 503 ἀγγέλων
1076 415 1235 505 γενέσθαι
1254 420 1334 487 συλ-

93 512 339 603 ειτουργοόντων
366 511 444 605 ήμῖν
469 514 528 604 τήν
555 514 615 603 σήν
637 512 842 607 ἀγαθότητα.
884 512 1070 605 Ἔκφώνως·
1099 517 1153 587 ότι
1173 542 1230 589 σοι
1250 519 1334 608 πρέ-

93 639 123 685 ει
143 622 241 684 πάσα
263 614 356 699 δόξα,
377 616 455 703 τιμή
478 617 535 685 καὶ
556 616 783 707 προςκόνησις,
803 622 851 706 τῷ
873 616 978 704 πατρί
998 621 1068 689 κτλ.

147 718 218 786 Καί
244 725 310 785 τῶν
336 720 451 786 πυλῶν
477 718 722 803 κεκλεισμένων,
749 718 839 807 λέγει
860 715 879 786 6
901 716 1069 808 ἀρχιερεὺς
1090 717 1255 812 ἔκφάνως,
1282 722 1332 805 τὸ,

93 821 180 908 Γρατε
208 817 318 900 πάλας
332 869 342 888 .
357 870 391 888 ..
413 817 528 909 ἑτέρου
550 816 815 908 ἀντιφωνοῦντος
842 817 972 893 ἔσωθεν
991 828 1052 889 τοῦ
1073 831 1164 905 ναοῦ,
1192 823 1241 904 τὸ,
1273 822 1333 905 Τίς

93 942 153 986 πιν
175 910 272 1001 οὗτος
292 917 312 988 6
332 920 490 1005 βασιλεὺς
509 927 569 1009 τῆς
590 919 705 1011 δόξηςς
728 917 746 989 6
769 917 938 1010 ἀρχιερεὺς
958 921 1062 991 πόλιν
1083 919 1209 1007 ἔξωθεν
1223 925 1335 1017 ὸκφω-

93 1025 121 1100 ez,
150 1017 276 1106 Κόριος
302 1022 459 1109 κραταιὸς
479 1022 535 1089 καὶ
556 1023 705 1103 δυνατὸς.
720 1073 755 1093 ..
786 1030 901 1092 Ταῦτα
921 1024 959 1093 δὲ
980 1024 1133 1113 λέγονται
1154 1026 1190 1094 ἐκ
1209 1025 1334 1115 τρίτου.

93 1121 134 1188 ἀὶ
161 1118 265 1202 εόθὸς
290 1119 309 1189 ό
336 1119 504 1212 ἀρχιερεὺς
530 1121 705 1214 σφραγίζει
733 1124 805 1214 τρίς
831 1125 891 1206 τὸς
910 1125 1021 1207 πόλος
1039 1125 1125 1212 μετὰ
1145 1132 1211 1194 τεῦν
1232 1122 1334 1215 ἀγίων

93 1220 233 1311 ειψάνων
253 1225 310 1293 καί
329 1230 395 1292 τῶν
415 1227 530 1292 πυλῶν
543 1222 766 1313 ἀνοιγομένων
778 1227 836 1295 καί
849 1225 984 1295 πάντων
998 1225 1230 1316 είςερχομένων
1243 1226 1334 1319 ψάλ-

93 1347 161 1392 ιυσι
187 1324 226 1393 τὸ
252 1323 445 1415 Τροπάριον
471 1333 537 1394 τῶν
558 1325 739 1414 έγκαινίων.
778 1323 836 1408 Ὡς
855 1334 915 1398 τοῦ
937 1324 1005 1396 ἀνω
1026 1326 1255 1418 στερεώματος
1274 1329 1335 1419 τήν

93 1421 268 1511 ίπρέπειαν
288 1427 344 1495 καί
364 1427 423 1516 τήν
444 1426 534 1496 κάτω
555 1431 797 1512 συναπέδειξας
817 1425 1005 1521 ἀραιότητα
1025 1438 1085 1500 τοῦ
1100 1427 1195 1520 ἀγίου
1210 1429 1333 1522 σκηνά-

93 1551 168 1607 ατος
188 1534 246 1616 τῆς
267 1527 365 1618 δόξης
385 1553 457 1611 σου,
480 1526 600 1617 Κόριε·
622 1530 805 1617 στερέωσον
827 1528 927 1600 αότὸν
948 1530 997 1614 είς
1017 1531 1122 1602 αίιῦνα
1143 1531 1334 1613 αίῶνοςκαὶ

93 1625 245 1715 ρόςδεξαι
265 1626 357 1719 ήμῶν
378 1630 438 1711 τὸς
459 1631 495 1699 έν
516 1629 605 1718 αὐτῷ
628 1628 811 1712 ἀπαύστως
831 1635 1104 1723 προςφερομίνας
1125 1631 1255 1723 δεήσεις
1276 1631 1335 1701 όιά

93 1735 123 1817 ξς
143 1728 316 1813 θεοτόκου,
338 1728 359 1821 ή
381 1731 516 1801 πάντων
539 1733 603 1821 ζωή
627 1733 684 1800 καί
706 1729 896 1813 ἀνάστασις.

147 1832 219 1900 Καὶ
240 1831 471 1919 είςερχομένων
491 1841 552 1901 τοῦ
571 1859 608 1902 τε
630 1831 806 1922 ἀρχιερέως
825 1835 883 1902 καί
903 1841 968 1902 τῶν
990 1832 1104 1921 ίερέων
1126 1836 1161 1903 ίν
1180 1840 1228 1924 τῷ
1250 1831 1333 1925 άγίηι

93 1931 198 2022 ήματι,
229 1931 453 2003 ἀποτίθενται
474 1935 516 2003 τὸ
538 1933 617 2022 άγια
639 1934 785 2025 λείψανα
806 1933 855 2013 είς
875 1934 934 2025 τήν
954 1933 1198 2025 ἡτοιμασμένην
1220 1932 1334 2017 αὐτοῖς

93 2041 207 2123 ηγυρᾶν
234 2032 341 2125 θήκην
366 2036 424 2104 καί
450 2034 581 2117 τούτοις
602 2037 772 2120 έπιχέειαι
793 2035 887 2122 άγιον
906 2043 1012 2125 μῦρον
1031 2038 1090 2105 καί
1110 2034 1334 2128 ἀσφαλίζουσι

93 2142 167 2205 τῦτα
194 2137 278 2222 μετὰ
306 2134 418 2226 πάσης
445 2134 631 2228 ἀσφαλείας
655 2139 713 2206 καί
739 2146 902 2228 προςοχῆς
928 2136 1073 2228 μεγάλης
1098 2139 1154 2208 καὶ
1182 2139 1333 2226 λέγουσιν

93 2236 159 2326 ιγ’.
187 2240 237 2319 τὸ,
264 2236 402 2306 Αίωνία
429 2235 448 2327 ἡ
477 2238 586 2328 μνήμη
614 2246 680 2307 τῶν
707 2236 866 2326 κτιτόρων
893 2246 952 2309 τοῦ
983 2237 1078 2327 άγίου
1100 2246 1182 2308 ναοῦ
1202 2236 1333 2307 τοῦτου.

93 2341 133 2408 ἀἱ
154 2339 376 2409 ίπισυνάπτει
397 2339 415 2408 6
439 2338 606 2428 ἀρχιερεὺς
626 2343 686 2421 τὰς
707 2338 776 2408 όόω
797 2338 904 2423 εῦχάς.
947 2343 1017 2409 Καὶ
1035 2342 1122 2429 μετὰ
1142 2340 1191 2423 τὸ,
1217 2338 1332 2429 Ἀμήν.

93 2441 254 2531 ςφέρουσι
279 2441 336 2510 καί
363 2442 512 2525 ἐκχέουσι
537 2445 597 2532 τήν
622 2440 861 2533 κηρομαστίχην
888 2442 922 2511 ἐν
948 2443 1041 2532 μέσην
1067 2449 1127 2511 τοῦ
1149 2448 1256 2533 φυτοῦ
1276 2441 1334 2511 καί

93 2542 350 2633 ινεφαρμόζουστ
369 2544 411 2612 τά
426 2542 546 2632 χαρτία
559 2544 616 2612 καί
629 2541 914 2631 ἀντιλαμβάνοντες
927 2552 986 2633 τῆς
999 2545 1174 2634 τραπέζης,
1194 2542 1334 2612 τιθέασι

93 2642 183 2735 ιότην
209 2646 269 2714 ἀπὸ
295 2651 355 2714 τοῦ
380 2644 506 2726 κίονος·
534 2643 660 2715 τούτων
687 2645 876 2732 γινομένων,
906 2644 1094 2734 ψάλλουσιν
1115 2643 1149 2715 σί
1168 2645 1263 2733 χοροί
1284 2641 1334 2726 είς

93 2771 141 2831 χον
160 2744 204 2832 γῦ.
225 2747 282 2816 τὸν
308 2756 366 2816 144
390 2748 535 2836 ψαλμὸν,
555 2744 701 2838 Ὺψιόσω
716 2743 787 2817 σεὸ
805 2746 891 2827 Θεὸς
910 2773 987 2833 μου.
1007 2748 1080 2817 Καὶ
1100 2748 1254 2837 ξεομένης
1273 2752 1333 2836 τῆς

93 2847 313 2939 τορρευσάσης
333 2848 582 2941 κηρομαστίχης,
603 2851 852 2938 καθαιρομένου
874 2875 910 2918 τε
931 2856 990 2919 τοῦ
1011 2847 1119 2919 τόπου
1141 2845 1195 2938 ἀφ’
1217 2838 1257 2917 οὸ
1279 2845 1334 2937 έρ-

93 2974 167 3031 υοε,
188 2949 359 3040 ψάλλουσι
378 2952 436 3021 τὸν
457 2960 498 3023 22
523 2949 666 3041 ψαλμόν.
695 2950 821 3040 Κόριος
840 2950 1016 3037 ποιμαίνει
1034 2976 1077 3034 με
1095 2950 1153 3020 καί
1173 2946 1271 3019 οῦόέν
1290 2973 1334 3034 με

93 3050 243 3141 στερήσει.
264 3047 349 3120 Είτα
371 3052 513 3141 ίκφωνεῖ
534 3049 551 3121 ὸ
576 3050 754 3139 ἀρχιερεὺς,
775 3050 963 3141 Εὐλογητὸς
983 3047 1001 3116 ὸ
1019 3049 1115 3129 Θεός.
1145 3049 1216 3117 Καί
1231 3047 1335 3130 εὐθὺς

93 3152 206 3243 έρουσι
225 3154 264 3221 τὸ
286 3152 431 3238 σάβανον
451 3155 508 3222 καί
528 3154 765 3240 περιτιθέασιν
786 3150 868 3221 αότὸ
890 3152 950 3220 ἀπὸ
971 3152 1028 3219 τὸν
1050 3148 1204 3238 ἀρχιερέα
1218 3149 1333 3218 ἐπάνω

93 3261 128 3323 ῦν
155 3251 389 3344 ἀρχιερατικῶν
418 3252 554 3344 άμφίων
582 3252 776 3341 ἔμπροσθεν
801 3253 858 3323 καί
878 3248 1034 3333 ὄπισθεν,
1066 3259 1127 3321 τοῦ
1146 3252 1192 3341 μή
1216 3249 1333 3341 φαίνε-

93 3363 149 3426 θαι
176 3357 218 3425 τὸ
245 3354 457 3443 ἀρχιερατικὰ
484 3352 597 3446 ἀμφια
619 3357 676 3424 καί
697 3358 857 3442 όεσμοῦοι
876 3355 960 3442 μετὰ
983 3352 1094 3445 ζώνης.
1129 3352 1182 3422 Ἐν
1203 3354 1242 3422 ὸὲ
1262 3359 1334 3434 τοῖς

93 3455 216 3545 ,ναχίοσι
244 3456 535 3544 περιτυλίσσονται
561 3458 604 3526 τὸι
633 3455 694 3525 ὸόο
720 3457 818 3526 καινὰ
842 3455 1021 3546 μανδήλια,
1048 3454 1256 3543 ὸεομοόμενα
1276 3454 1333 3523 καί

93 3556 148 3628 ίτὸι
174 3557 242 3628 ὸπὸ
271 3558 383 3649 ζώνης.
424 3558 495 3627 Καί
523 3557 610 3627 οῦτω
637 3559 876 3644 στολισαμένου
908 3566 969 3628 τοῦ
997 3556 1173 3648 ἀρχιερέως
1198 3551 1334 3624 τίθεται

93 3658 201 3731 εόκιον
228 3661 285 3729 καί
312 3658 581 3750 προςιεφάλαιον
609 3658 803 3746 ἔμπροσθεν
830 3666 895 3728 τῶν
917 3657 1019 3748 άγίων
1039 3665 1169 3748 θυρῶν·
1194 3657 1333 3726 καὶτοῦ

93 3761 220 3830 ιακόνου
241 3763 405 3848 λέγοντος,
426 3757 501 3831 Ἔτι
521 3762 578 3830 καί
599 3759 650 3831 ἔτι
671 3759 837 3843 κλίναντες
856 3763 899 3829 τὸ
920 3759 1103 3850 γόνατα...
1125 3756 1144 3827 6
1166 3755 1335 3847 ἀρχιερεὺς

93 3860 174 3942 ίίνας
193 3864 235 3931 τὰ
255 3863 380 3951 γόνατα
401 3865 490 3951 λέγει
510 3863 569 3953 τήν
590 3859 695 3953 εὐχήν.
724 3858 763 3930 ‘0
786 3863 872 3942 Θεὸς
892 3859 912 3931 ὸ
933 3858 1073 3952 ἀναρχος
1092 3861 1150 3931 καί
1170 3858 1291 3943 ἀίδιος,
1313 3856 1332 3928 6

93 3989 100 4033 ι
124 3964 170 4052 μή
201 3957 304 4033 όντων
332 3963 381 4045 είς
407 3966 445 4033 τὸ
472 3958 559 4032 εἶναι
585 3961 698 4032 πάντα
718 3966 930 4053 παραγαγὼν,
952 3962 971 4034 ὸ
993 3971 1067 4055 φῶς
1087 3961 1186 4033 οίκῦν
1207 3958 1334 4049 ἀπρός-

96 4089 134 4132 ον
162 4065 219 4133 καὶ
247 4064 370 4152 θρόνον
397 4063 479 4150 ἔχων
508 4065 566 4132 τὸν
594 4062 743 4151 οὐρανὸν,
771 4066 830 4153 τήν
860 4067 898 4135 δέ
924 4072 983 4156 γήν
1009 4062 1209 4146 ὑποπόδιον,
1238 4058 1258 4130 6
1284 4064 1332 4151 τῷ

93 4172 196 4257 ίωῦσῇ
222 4165 418 4254 πρόςταγμα
448 4166 526 4246 ὸοὸς
552 4168 611 4235 καί
629 4163 859 4257 ὑπογραμμὸν,
886 4173 933 4258 τῷ
956 4168 994 4237 δὲ
1014 4166 1180 4256 Βεσελεήλ
1201 4169 1334 4250 πνεῦμα

93 4267 187 4359 ιφίας
208 4268 320 4347 ἐνθείς
346 4268 403 4336 καί
425 4264 588 4349 ίκανιόσας
608 4266 731 4351 αὐτοὺς
749 4270 836 4358 πρὸς
856 4266 1067 4359 ἀπαρτισμὸν
1087 4274 1147 4358 τῆς
1166 4272 1225 4335 τοῦ
1246 4288 1333 4354 μαρ-

93 4366 175 4459 ιρίου
202 4377 329 4460 σκηνής,
359 4367 394 4439 ἐν
421 4362 441 4460 ή
470 4367 623 4458 λατρείας
645 4368 855 4457 δικαιώματα
875 4365 925 4461 ήν,
946 4377 1006 4459 τής
1027 4364 1191 4460 ἀληθείας
1210 4364 1334 4448 εἰκόνες

93 4468 121 4541 τί
138 4470 413 4561 ,προχαράγματπ
435 4468 454 4540 6
476 4476 522 4563 τῷ
544 4474 738 4563 Σολομῶντι
756 4471 885 4555 πλάτος
905 4471 962 4542 καί
974 4468 1063 4559 χόμα
1075 4467 1214 4561 καρδίας
1227 4469 1335 4561 δωρη-
