<?xml version="1.0" encoding="UTF-8"?>
<!DOCTYPE html PUBLIC "-//W3C//DTD XHTML 1.0 Transitional//EN"
    "http://www.w3.org/TR/xhtml1/DTD/xhtml1-transitional.dtd">
<html xmlns="http://www.w3.org/1999/xhtml" xml:lang="en" lang="en">
 <head>
  <title>
</title>
<meta http-equiv="Content-Type" content="text/html;charset=utf-8" />
  <meta name='ocr-system' content='tesseract 3.04.00' />
  <meta name='ocr-capabilities' content='ocr_page ocr_carea ocr_par ocr_line ocrx_word'/>
</head>
<body>
  <div class='ocr_page' id='page_1' title='image "./codexliturgicus05danigoog_0688.png"; bbox 0 0 3044 4912; ppageno 0'>
   <div class='ocr_carea' id='block_1_1' title="bbox 508 1358 1158 1469">
    <p class='ocr_par' dir='ltr' id='par_1_1' title="bbox 508 1358 1158 1469">
     <span class='ocr_line' id='line_1_1' title="bbox 508 1358 1158 1469; baseline -0.005 0"><span class='ocrx_word' id='word_1_1' title='bbox 508 1402 896 1469; x_wconf 69' lang='lat' dir='ltr'><strong><em>nummorum</em></strong></span> <span class='ocrx_word' id='word_1_2' title='bbox 929 1358 1158 1467; x_wconf 62' lang='lat' dir='ltr'><strong>lilvznsls.</strong></span> 
     </span>
    </p>
   </div>
   <div class='ocr_carea' id='block_1_2' title="bbox 202 1626 1467 1857">
    <p class='ocr_par' dir='ltr' id='par_1_2' title="bbox 202 1626 1467 1857">
     <span class='ocr_line' id='line_1_2' title="bbox 214 1626 1467 1753; baseline -0.01 -34"><span class='ocrx_word' id='word_1_3' title='bbox 214 1646 256 1731; x_wconf 77' lang='grc' dir='ltr'><strong><em>λ.</em></strong></span> <span class='ocrx_word' id='word_1_4' title='bbox 291 1636 573 1717; x_wconf 77' lang='grc' dir='ltr'><strong><em>Ἀκολοοθία</em></strong></span> <span class='ocrx_word' id='word_1_5' title='bbox 604 1644 687 1715; x_wconf 82' lang='grc' dir='ltr'><strong><em>τοῦ</em></strong></span> <span class='ocrx_word' id='word_1_6' title='bbox 717 1636 929 1753; x_wconf 73' lang='grc' dir='ltr'><strong><em>μεγάλου</em></strong></span> <span class='ocrx_word' id='word_1_7' title='bbox 955 1635 1195 1751; x_wconf 85' lang='grc' dir='ltr'><strong><em>ἁγιασμοῦ</em></strong></span> <span class='ocrx_word' id='word_1_8' title='bbox 1219 1642 1321 1713; x_wconf 78' lang='grc' dir='ltr'><strong><em>τῶν</em></strong></span> <span class='ocrx_word' id='word_1_9' title='bbox 1343 1626 1467 1741; x_wconf 85' lang='grc' dir='ltr'><strong><em>ἁγίων</em></strong></span> 
     </span>
     <span class='ocr_line' id='line_1_3' title="bbox 202 1740 1130 1857; baseline 0.004 -28"><span class='ocrx_word' id='word_1_10' title='bbox 202 1770 207 1779; x_wconf 87' lang='grc'>·</span> <span class='ocrx_word' id='word_1_11' title='bbox 583 1754 879 1857; x_wconf 81' lang='grc' dir='ltr'><strong><em>θεοφανιίαιν</em></strong></span> <span class='ocrx_word' id='word_1_12' title='bbox 905 1760 950 1857; x_wconf 76' lang='lat' dir='ltr'><strong><em>(p.</em></strong></span> <span class='ocrx_word' id='word_1_13' title='bbox 965 1740 1130 1857; x_wconf 70' lang='grc' dir='ltr'><strong><em>237διγ..)</em></strong></span> 
     </span>
    </p>
   </div>
   <div class='ocr_carea' id='block_1_3' title="bbox 198 1948 1475 2449">
    <p class='ocr_par' dir='ltr' id='par_1_3' title="bbox 199 1948 1475 2236">
     <span class='ocr_line' id='line_1_4' title="bbox 199 1948 1473 2151; baseline -0.003 -40"><span class='ocrx_word' id='word_1_14' title='bbox 199 2036 338 2151; x_wconf 57' lang='lat' dir='ltr'>&#39;inec</span> <span class='ocrx_word' id='word_1_15' title='bbox 365 2038 401 2111; x_wconf 81' lang='grc' dir='ltr'><strong><em>δν</em></strong></span> <span class='ocrx_word' id='word_1_16' title='bbox 426 2044 475 2131; x_wconf 73' lang='grc' dir='ltr'><strong><em>τῷ</em></strong></span> <span class='ocrx_word' id='word_1_17' title='bbox 501 2042 639 2131; x_wconf 78' lang='grc' dir='ltr'><strong><em>λουτῆρι</em></strong></span> <span class='ocrx_word' id='word_1_18' title='bbox 662 2040 960 2133; x_wconf 83' lang='grc' dir='ltr'><strong><em>προποροοομόνου</em></strong></span> <span class='ocrx_word' id='word_1_19' title='bbox 979 2044 1041 2109; x_wconf 79' lang='grc' dir='ltr'><strong><em>τοί</em></strong></span> <span class='ocrx_word' id='word_1_20' title='bbox 1060 2036 1187 2129; x_wconf 85' lang='grc' dir='ltr'><strong><em>ίιρίως</em></strong></span> <span class='ocrx_word' id='word_1_21' title='bbox 1193 2036 1286 2125; x_wconf 82' lang='grc' dir='ltr'><strong><em>μντὰ</em></strong></span> <span class='ocrx_word' id='word_1_22' title='bbox 1305 1948 1473 2127; x_wconf 68' lang='grc' dir='ltr'><strong><em>λαμπάδα</em></strong></span> 
     </span>
     <span class='ocr_line' id='line_1_5' title="bbox 212 2134 1475 2237; baseline -0.006 -22"><span class='ocrx_word' id='word_1_23' title='bbox 212 2141 272 2225; x_wconf 70' lang='grc' dir='ltr'><strong><em>καί</em></strong></span> <span class='ocrx_word' id='word_1_24' title='bbox 290 2148 473 2231; x_wconf 74' lang='grc' dir='ltr'><strong><em>ἁνμιατοιῖ.</em></strong></span> <span class='ocrx_word' id='word_1_25' title='bbox 499 2138 613 2231; x_wconf 80' lang='grc' dir='ltr'><strong><em>Ἡμδίν</em></strong></span> <span class='ocrx_word' id='word_1_26' title='bbox 632 2142 672 2213; x_wconf 80' lang='grc' dir='ltr'><strong><em>όδ</em></strong></span> <span class='ocrx_word' id='word_1_27' title='bbox 691 2139 946 2237; x_wconf 76' lang='grc' dir='ltr'><strong><em>ψαλλόντων</em></strong></span> <span class='ocrx_word' id='word_1_28' title='bbox 909 2167 950 2211; x_wconf 90' lang='grc' dir='ltr'><strong><em>τσ</em></strong></span> <span class='ocrx_word' id='word_1_29' title='bbox 970 2139 1082 2229; x_wconf 82' lang='grc' dir='ltr'><strong><em>παρόν</em></strong></span> <span class='ocrx_word' id='word_1_30' title='bbox 1100 2136 1291 2231; x_wconf 79' lang='grc' dir='ltr'><strong><em>τροπόριον</em></strong></span> <span class='ocrx_word' id='word_1_31' title='bbox 1310 2136 1350 2209; x_wconf 66' lang='lat' dir='ltr'><strong><em>ia</em></strong></span> <span class='ocrx_word' id='word_1_32' title='bbox 1367 2134 1475 2225; x_wconf 72' lang='grc' dir='ltr'><strong><em>τρίτοι</em></strong></span> 
     </span>
    </p>

    <p class='ocr_par' dir='ltr' id='par_1_4' title="bbox 198 2236 1475 2437">
     <span class='ocr_line' id='line_1_6' title="bbox 303 2236 1475 2335; baseline -0.003 -22"><span class='ocrx_word' id='word_1_33' title='bbox 303 2243 402 2334; x_wconf 67' lang='grc' dir='ltr'><strong><em>Φωνὴ</em></strong></span> <span class='ocrx_word' id='word_1_34' title='bbox 416 2240 545 2333; x_wconf 82' lang='grc' dir='ltr'><strong><em>Κυρίου</em></strong></span> <span class='ocrx_word' id='word_1_35' title='bbox 559 2242 622 2315; x_wconf 67' lang='lat' dir='ltr'><strong><em>ent</em></strong></span> <span class='ocrx_word' id='word_1_36' title='bbox 638 2248 706 2313; x_wconf 77' lang='grc' dir='ltr'><strong><em>τῶν</em></strong></span> <span class='ocrx_word' id='word_1_37' title='bbox 725 2240 857 2313; x_wconf 79' lang='grc' dir='ltr'><strong><em>ἁόότων</em></strong></span> <span class='ocrx_word' id='word_1_38' title='bbox 875 2248 944 2335; x_wconf 76' lang='grc' dir='ltr'><strong><em>βοᾷ</em></strong></span> <span class='ocrx_word' id='word_1_39' title='bbox 963 2242 1124 2331; x_wconf 57' lang='grc' dir='ltr'><strong><em>λέγουσιν·</em></strong></span> <span class='ocrx_word' id='word_1_40' title='bbox 1145 2242 1251 2323; x_wconf 77' lang='grc' dir='ltr'><strong><em>δεῦτε,</em></strong></span> <span class='ocrx_word' id='word_1_41' title='bbox 1268 2238 1391 2329; x_wconf 80' lang='grc' dir='ltr'><strong><em>λάβετε</em></strong></span> <span class='ocrx_word' id='word_1_42' title='bbox 1402 2236 1475 2309; x_wconf 77' lang='grc' dir='ltr'><strong><em>πότ’-</em></strong></span> 
     </span>
     <span class='ocr_line' id='line_1_7' title="bbox 198 2338 1475 2449; baseline -0.003 -32"><span class='ocrx_word' id='word_1_43' title='bbox 198 2370 270 2427; x_wconf 84' lang='grc' dir='ltr'><strong><em>.ττς</em></strong></span> <span class='ocrx_word' id='word_1_44' title='bbox 289 2350 423 2433; x_wconf 79' lang='grc' dir='ltr'><strong><em>πνεῦμα</em></strong></span> <span class='ocrx_word' id='word_1_45' title='bbox 443 2342 577 2437; x_wconf 81' lang='grc' dir='ltr'><strong><em>σοφίας,</em></strong></span> <span class='ocrx_word' id='word_1_46' title='bbox 598 2348 732 2432; x_wconf 75' lang='grc' dir='ltr'><strong><em>πνεῦμα</em></strong></span> <span class='ocrx_word' id='word_1_47' title='bbox 745 2344 917 2429; x_wconf 76' lang='grc' dir='ltr'><strong><em>συνέσεως,</em></strong></span> <span class='ocrx_word' id='word_1_48' title='bbox 939 2350 1074 2449; x_wconf 77' lang='grc' dir='ltr'><strong><em>πνεῦμα</em></strong></span> <span class='ocrx_word' id='word_1_49' title='bbox 1086 2338 1198 2435; x_wconf 78' lang='grc' dir='ltr'><strong><em>φόβου</em></strong></span> <span class='ocrx_word' id='word_1_50' title='bbox 1214 2344 1321 2427; x_wconf 78' lang='grc' dir='ltr'><strong><em>Θεοῦ,-</em></strong></span> <span class='ocrx_word' id='word_1_51' title='bbox 1338 2366 1400 2413; x_wconf 88' lang='grc' dir='ltr'><strong><em>τσο</em></strong></span> <span class='ocrx_word' id='word_1_52' title='bbox 1383 2340 1475 2413; x_wconf 79' lang='grc' dir='ltr'><strong><em>’δτι-</em></strong></span> 
     </span>
    </p>
   </div>
   <div class='ocr_carea' id='block_1_4' title="bbox 201 2444 558 2539">
    <p class='ocr_par' dir='ltr' id='par_1_5' title="bbox 201 2444 558 2539">
     <span class='ocr_line' id='line_1_8' title="bbox 201 2444 558 2539; baseline -0.009 0"><span class='ocrx_word' id='word_1_53' title='bbox 201 2444 378 2539; x_wconf 59' lang='grc' dir='ltr'><strong><em>’τούτω</em></strong></span> <span class='ocrx_word' id='word_1_54' title='bbox 397 2448 558 2537; x_wconf 69' lang='grc' dir='ltr'><strong><em>Χριστοῦ</em></strong></span> 
     </span>
    </p>
   </div>
   <div class='ocr_carea' id='block_1_5' title="bbox 212 2591 1481 4528">
    <p class='ocr_par' dir='ltr' id='par_1_6' title="bbox 545 2591 1150 2688">
     <span class='ocr_line' id='line_1_9' title="bbox 545 2591 1150 2688; baseline -0.008 -21"><span class='ocrx_word' id='word_1_55' title='bbox 545 2591 688 2668; x_wconf 79' lang='grc' dir='ltr'><strong><em>Εἶτα</em></strong></span> <span class='ocrx_word' id='word_1_56' title='bbox 651 2622 693 2664; x_wconf 93' lang='grc' dir='ltr'><strong><em>τα</em></strong></span> <span class='ocrx_word' id='word_1_57' title='bbox 713 2594 866 2685; x_wconf 89' lang='grc' dir='ltr'><strong><em>παρόντα</em></strong></span> <span class='ocrx_word' id='word_1_58' title='bbox 885 2595 1065 2688; x_wconf 90' lang='grc' dir='ltr'><strong><em>τροπάρια,</em></strong></span> <span class='ocrx_word' id='word_1_59' title='bbox 1088 2593 1150 2676; x_wconf 85' lang='grc' dir='ltr'><strong><em>δίς.</em></strong></span> 
     </span>
    </p>

    <p class='ocr_par' dir='ltr' id='par_1_7' title="bbox 212 2709 1477 3004">
     <span class='ocr_line' id='line_1_10' title="bbox 299 2709 1476 2807; baseline -0.001 -26"><span class='ocrx_word' id='word_1_60' title='bbox 299 2713 448 2804; x_wconf 84' lang='grc' dir='ltr'><em>Σήμερον</em></span> <span class='ocrx_word' id='word_1_61' title='bbox 469 2720 535 2781; x_wconf 83' lang='grc' dir='ltr'><strong><em>τῶν</em></strong></span> <span class='ocrx_word' id='word_1_62' title='bbox 556 2709 686 2781; x_wconf 86' lang='grc' dir='ltr'><strong><em>ἁδάτων</em></strong></span> <span class='ocrx_word' id='word_1_63' title='bbox 708 2711 880 2802; x_wconf 76' lang='grc' dir='ltr'><em>ἁγιάζεται</em></span> <span class='ocrx_word' id='word_1_64' title='bbox 900 2712 921 2800; x_wconf 77' lang='grc' dir='ltr'>ἡ</span> <span class='ocrx_word' id='word_1_65' title='bbox 944 2715 1046 2807; x_wconf 82' lang='grc' dir='ltr'><strong><em>φύσις</em></strong></span> <span class='ocrx_word' id='word_1_66' title='bbox 1066 2714 1123 2782; x_wconf 88' lang='grc' dir='ltr'><strong><em>καί</em></strong></span> <span class='ocrx_word' id='word_1_67' title='bbox 1143 2713 1304 2802; x_wconf 77' lang='grc' dir='ltr'><strong><em>ῥήγνυται</em></strong></span> <span class='ocrx_word' id='word_1_68' title='bbox 1326 2711 1344 2782; x_wconf 85' lang='grc' dir='ltr'><strong><em>ἁ</em></strong></span> <span class='ocrx_word' id='word_1_69' title='bbox 1366 2710 1476 2802; x_wconf 87' lang='grc' dir='ltr'><strong><em>Ἰορδί-</em></strong></span> 
     </span>
     <span class='ocr_line' id='line_1_11' title="bbox 212 2811 1477 2907; baseline 0 -25"><span class='ocrx_word' id='word_1_70' title='bbox 212 2841 271 2905; x_wconf 77' lang='grc' dir='ltr'><strong><em>νιγς</em></strong></span> <span class='ocrx_word' id='word_1_71' title='bbox 290 2817 348 2884; x_wconf 92' lang='grc' dir='ltr'><strong><em>καί</em></strong></span> <span class='ocrx_word' id='word_1_72' title='bbox 367 2823 433 2882; x_wconf 83' lang='grc' dir='ltr'><strong><em>τῶν</em></strong></span> <span class='ocrx_word' id='word_1_73' title='bbox 455 2813 549 2884; x_wconf 80' lang='grc' dir='ltr'><strong><em>ἰδίων</em></strong></span> <span class='ocrx_word' id='word_1_74' title='bbox 569 2811 724 2901; x_wconf 75' lang='grc' dir='ltr'><strong><em>ναμάτων</em></strong></span> <span class='ocrx_word' id='word_1_75' title='bbox 744 2816 857 2900; x_wconf 76' lang='grc' dir='ltr'><strong><em>ἐπέχει</em></strong></span> <span class='ocrx_word' id='word_1_76' title='bbox 878 2817 917 2885; x_wconf 91' lang='grc' dir='ltr'><strong><em>τὸ</em></strong></span> <span class='ocrx_word' id='word_1_77' title='bbox 939 2823 1052 2907; x_wconf 83' lang='grc' dir='ltr'><strong><em>ῥεῦμα,</em></strong></span> <span class='ocrx_word' id='word_1_78' title='bbox 1077 2814 1242 2905; x_wconf 77' lang='grc' dir='ltr'><strong><em>δεσπότην</em></strong></span> <span class='ocrx_word' id='word_1_79' title='bbox 1265 2811 1354 2902; x_wconf 83' lang='grc' dir='ltr'><strong><em>δρῶν</em></strong></span> <span class='ocrx_word' id='word_1_80' title='bbox 1375 2813 1477 2884; x_wconf 82' lang='grc' dir='ltr'><strong><em>νιιιτό-</em></strong></span> 
     </span>
     <span class='ocr_line' id='line_1_12' title="bbox 215 2916 441 3004; baseline -0.004 -19"><span class='ocrx_word' id='word_1_81' title='bbox 215 2940 325 3004; x_wconf 81' lang='grc' dir='ltr'><strong><em>μενον.</em></strong></span> <span class='ocrx_word' id='word_1_82' title='bbox 368 2916 441 2996; x_wconf 85' lang='grc' dir='ltr'><strong><em>Δίς.</em></strong></span> 
     </span>
    </p>

    <p class='ocr_par' dir='ltr' id='par_1_8' title="bbox 212 3011 1477 3311">
     <span class='ocr_line' id='line_1_13' title="bbox 296 3011 1476 3107; baseline -0.001 -22"><span class='ocrx_word' id='word_1_83' title='bbox 296 3015 352 3099; x_wconf 85' lang='grc' dir='ltr'><strong><em>Ὡς</em></strong></span> <span class='ocrx_word' id='word_1_84' title='bbox 374 3013 558 3107; x_wconf 75' lang='grc' dir='ltr'><strong><em>άνθρωπος</em></strong></span> <span class='ocrx_word' id='word_1_85' title='bbox 579 3019 613 3086; x_wconf 79' lang='grc' dir='ltr'><strong><em>ἐν</em></strong></span> <span class='ocrx_word' id='word_1_86' title='bbox 634 3023 777 3106; x_wconf 73' lang='grc' dir='ltr'><strong><em>ποταμῷ</em></strong></span> <span class='ocrx_word' id='word_1_87' title='bbox 799 3011 913 3105; x_wconf 74' lang='grc' dir='ltr'><strong><em>ἦλθες,</em></strong></span> <span class='ocrx_word' id='word_1_88' title='bbox 935 3017 1065 3107; x_wconf 81' lang='grc' dir='ltr'><strong><em>Χριστδ</em></strong></span> <span class='ocrx_word' id='word_1_89' title='bbox 1084 3020 1233 3103; x_wconf 86' lang='grc' dir='ltr'><strong><em>βασιλεῦ,</em></strong></span> <span class='ocrx_word' id='word_1_90' title='bbox 1254 3018 1315 3086; x_wconf 82' lang='grc' dir='ltr'><strong><em>καί</em></strong></span> <span class='ocrx_word' id='word_1_91' title='bbox 1338 3017 1476 3087; x_wconf 76' lang='grc' dir='ltr'><strong><em>δουλικὸν</em></strong></span> 
     </span>
     <span class='ocr_line' id='line_1_14' title="bbox 212 3116 1477 3209; baseline -0.002 -22"><span class='ocrx_word' id='word_1_92' title='bbox 212 3117 391 3207; x_wconf 77' lang='grc' dir='ltr'><strong><em>βάπτισμα</em></strong></span> <span class='ocrx_word' id='word_1_93' title='bbox 417 3122 531 3206; x_wconf 80' lang='grc' dir='ltr'><strong><em>λαβεῖν</em></strong></span> <span class='ocrx_word' id='word_1_94' title='bbox 558 3118 714 3198; x_wconf 83' lang='grc' dir='ltr'><strong><em>σπεύδεις</em></strong></span> <span class='ocrx_word' id='word_1_95' title='bbox 736 3116 856 3206; x_wconf 75' lang='grc' dir='ltr'><strong><em>ἀγαθά,</em></strong></span> <span class='ocrx_word' id='word_1_96' title='bbox 885 3116 952 3187; x_wconf 80' lang='grc' dir='ltr'><strong><em>άπὸ</em></strong></span> <span class='ocrx_word' id='word_1_97' title='bbox 974 3126 1040 3187; x_wconf 86' lang='grc' dir='ltr'><strong><em>τῶν</em></strong></span> <span class='ocrx_word' id='word_1_98' title='bbox 1061 3127 1121 3187; x_wconf 76' lang='grc' dir='ltr'><strong><em>τοῦ</em></strong></span> <span class='ocrx_word' id='word_1_99' title='bbox 1142 3117 1343 3206; x_wconf 83' lang='grc' dir='ltr'><strong><em>προδρόμου</em></strong></span> <span class='ocrx_word' id='word_1_100' title='bbox 1365 3125 1477 3209; x_wconf 83' lang='grc' dir='ltr'><strong><em>χειρῶν,</em></strong></span> 
     </span>
     <span class='ocr_line' id='line_1_15' title="bbox 215 3219 1271 3311; baseline -0.001 -22"><span class='ocrx_word' id='word_1_101' title='bbox 215 3222 275 3289; x_wconf 86' lang='grc' dir='ltr'><strong><em>διὰ</em></strong></span> <span class='ocrx_word' id='word_1_102' title='bbox 295 3223 356 3300; x_wconf 91' lang='grc' dir='ltr'><strong><em>τὰς</em></strong></span> <span class='ocrx_word' id='word_1_103' title='bbox 377 3219 541 3308; x_wconf 90' lang='grc' dir='ltr'><strong><em>ἁμαρτίας</em></strong></span> <span class='ocrx_word' id='word_1_104' title='bbox 561 3219 662 3309; x_wconf 76' lang='grc' dir='ltr'><strong><em>ἡμῶν,</em></strong></span> <span class='ocrx_word' id='word_1_105' title='bbox 686 3220 921 3311; x_wconf 73' lang='grc' dir='ltr'><strong><em>φιλάνθρωπα.</em></strong></span> <span class='ocrx_word' id='word_1_106' title='bbox 962 3220 1067 3302; x_wconf 87' lang='grc' dir='ltr'><strong><em>Δόξα.</em></strong></span> <span class='ocrx_word' id='word_1_107' title='bbox 1111 3221 1183 3288; x_wconf 86' lang='grc' dir='ltr'><strong><em>Καί</em></strong></span> <span class='ocrx_word' id='word_1_108' title='bbox 1203 3227 1271 3289; x_wconf 83' lang='grc' dir='ltr'><strong><em>νῦν.</em></strong></span> 
     </span>
    </p>

    <p class='ocr_par' dir='ltr' id='par_1_9' title="bbox 212 3319 1481 3919">
     <span class='ocr_line' id='line_1_16' title="bbox 298 3319 1480 3413; baseline -0.004 -24"><span class='ocrx_word' id='word_1_109' title='bbox 298 3321 393 3409; x_wconf 85' lang='grc' dir='ltr'><strong><em>Πρὸς</em></strong></span> <span class='ocrx_word' id='word_1_110' title='bbox 412 3322 471 3410; x_wconf 78' lang='grc' dir='ltr'><strong><em>τὴν</em></strong></span> <span class='ocrx_word' id='word_1_111' title='bbox 494 3323 607 3411; x_wconf 77' lang='grc' dir='ltr'><strong><em>φωνὴν</em></strong></span> <span class='ocrx_word' id='word_1_112' title='bbox 627 3330 686 3388; x_wconf 87' lang='grc' dir='ltr'><strong><em>τοῦ</em></strong></span> <span class='ocrx_word' id='word_1_113' title='bbox 707 3328 854 3407; x_wconf 83' lang='grc' dir='ltr'><strong><em>βοῶντος</em></strong></span> <span class='ocrx_word' id='word_1_114' title='bbox 868 3322 904 3391; x_wconf 77' lang='grc' dir='ltr'><strong><em>ἐν</em></strong></span> <span class='ocrx_word' id='word_1_115' title='bbox 918 3329 958 3413; x_wconf 77' lang='grc' dir='ltr'><strong><em>τῇ</em></strong></span> <span class='ocrx_word' id='word_1_116' title='bbox 974 3321 1094 3412; x_wconf 80' lang='grc' dir='ltr'><strong><em>ἐρήμῳ,</em></strong></span> <span class='ocrx_word' id='word_1_117' title='bbox 1119 3319 1322 3407; x_wconf 75' lang='grc' dir='ltr'><strong><em>ἑτοιμάσατε</em></strong></span> <span class='ocrx_word' id='word_1_118' title='bbox 1336 3324 1398 3412; x_wconf 80' lang='grc' dir='ltr'><strong><em>τὴν</em></strong></span> <span class='ocrx_word' id='word_1_119' title='bbox 1413 3320 1480 3390; x_wconf 90' lang='grc' dir='ltr'><strong><em>δδδν</em></strong></span> 
     </span>
     <span class='ocr_line' id='line_1_17' title="bbox 214 3416 1479 3513; baseline -0.002 -22"><span class='ocrx_word' id='word_1_120' title='bbox 214 3428 275 3493; x_wconf 83' lang='grc' dir='ltr'><strong><em>τοῦ</em></strong></span> <span class='ocrx_word' id='word_1_121' title='bbox 296 3420 434 3511; x_wconf 86' lang='grc' dir='ltr'><strong><em>Κυρίου,</em></strong></span> <span class='ocrx_word' id='word_1_122' title='bbox 456 3416 570 3512; x_wconf 73' lang='grc' dir='ltr'><strong><em>ἦλθες,</em></strong></span> <span class='ocrx_word' id='word_1_123' title='bbox 592 3422 707 3511; x_wconf 83' lang='grc' dir='ltr'><strong><em>Κύριε,</em></strong></span> <span class='ocrx_word' id='word_1_124' title='bbox 728 3426 861 3513; x_wconf 79' lang='grc' dir='ltr'><strong><em>μορφὴν</em></strong></span> <span class='ocrx_word' id='word_1_125' title='bbox 884 3421 1004 3490; x_wconf 85' lang='grc' dir='ltr'><strong><em>δούλου</em></strong></span> <span class='ocrx_word' id='word_1_126' title='bbox 1026 3424 1147 3509; x_wconf 77' lang='grc' dir='ltr'><strong><em>λαβὼν,</em></strong></span> <span class='ocrx_word' id='word_1_127' title='bbox 1176 3422 1359 3509; x_wconf 82' lang='grc' dir='ltr'><strong><em>βάπτισμα</em></strong></span> <span class='ocrx_word' id='word_1_128' title='bbox 1382 3424 1479 3501; x_wconf 83' lang='grc' dir='ltr'><strong><em>σίτων,</em></strong></span> 
     </span>
     <span class='ocr_line' id='line_1_18' title="bbox 215 3520 1481 3615; baseline 0.001 -24"><span class='ocrx_word' id='word_1_129' title='bbox 215 3520 234 3591; x_wconf 84' lang='grc' dir='ltr'>ὅ</span> <span class='ocrx_word' id='word_1_130' title='bbox 255 3523 300 3612; x_wconf 79' lang='grc' dir='ltr'><strong><em>μὴ</em></strong></span> <span class='ocrx_word' id='word_1_131' title='bbox 323 3525 420 3611; x_wconf 88' lang='grc' dir='ltr'><strong><em>γνοὺς</em></strong></span> <span class='ocrx_word' id='word_1_132' title='bbox 441 3521 614 3612; x_wconf 88' lang='grc' dir='ltr'><strong><em>ἁμαρτίαν.</em></strong></span> <span class='ocrx_word' id='word_1_133' title='bbox 650 3521 797 3592; x_wconf 84' lang='grc' dir='ltr'><strong><em>Είδοσάν</em></strong></span> <span class='ocrx_word' id='word_1_134' title='bbox 818 3549 856 3591; x_wconf 89' lang='grc' dir='ltr'><strong><em>σε</em></strong></span> <span class='ocrx_word' id='word_1_135' title='bbox 877 3523 984 3592; x_wconf 78' lang='grc' dir='ltr'><strong><em>δ’δατα</em></strong></span> <span class='ocrx_word' id='word_1_136' title='bbox 1006 3525 1062 3593; x_wconf 85' lang='grc' dir='ltr'><strong><em>καί</em></strong></span> <span class='ocrx_word' id='word_1_137' title='bbox 1084 3523 1317 3615; x_wconf 71' lang='grc' dir='ltr'><strong><em>ἐφοβήθησαν.</em></strong></span> <span class='ocrx_word' id='word_1_138' title='bbox 1350 3525 1481 3613; x_wconf 56' lang='grc' dir='ltr'><strong><em>Σίντρον</em></strong></span> 
     </span>
     <span class='ocr_line' id='line_1_19' title="bbox 212 3622 1481 3716; baseline 0 -24"><span class='ocrx_word' id='word_1_139' title='bbox 212 3650 278 3711; x_wconf 90' lang='grc' dir='ltr'><strong><em>μσς</em></strong></span> <span class='ocrx_word' id='word_1_140' title='bbox 298 3627 428 3715; x_wconf 86' lang='grc' dir='ltr'><strong><em>γέγονεν</em></strong></span> <span class='ocrx_word' id='word_1_141' title='bbox 450 3622 468 3693; x_wconf 88' lang='grc' dir='ltr'><strong><em>δ</em></strong></span> <span class='ocrx_word' id='word_1_142' title='bbox 492 3625 685 3712; x_wconf 83' lang='grc' dir='ltr'><strong><em>πρόδρομος</em></strong></span> <span class='ocrx_word' id='word_1_143' title='bbox 705 3625 762 3692; x_wconf 85' lang='grc' dir='ltr'><strong><em>καί</em></strong></span> <span class='ocrx_word' id='word_1_144' title='bbox 783 3623 901 3714; x_wconf 76' lang='grc' dir='ltr'><strong><em>ἐβόησε</em></strong></span> <span class='ocrx_word' id='word_1_145' title='bbox 923 3629 1043 3714; x_wconf 86' lang='grc' dir='ltr'><strong><em>λέγων·</em></strong></span> <span class='ocrx_word' id='word_1_146' title='bbox 1064 3632 1146 3705; x_wconf 81' lang='grc' dir='ltr'><strong><em>Πῶς</em></strong></span> <span class='ocrx_word' id='word_1_147' title='bbox 1169 3624 1314 3716; x_wconf 79' lang='grc' dir='ltr'><strong><em>φωτίσει</em></strong></span> <span class='ocrx_word' id='word_1_148' title='bbox 1336 3625 1356 3694; x_wconf 87' lang='grc' dir='ltr'><strong><em>δ</em></strong></span> <span class='ocrx_word' id='word_1_149' title='bbox 1379 3626 1481 3710; x_wconf 80' lang='grc' dir='ltr'><strong><em>λίχνος</em></strong></span> 
     </span>
     <span class='ocr_line' id='line_1_20' title="bbox 214 3722 1481 3817; baseline 0 -25"><span class='ocrx_word' id='word_1_150' title='bbox 214 3726 253 3792; x_wconf 89' lang='grc' dir='ltr'><strong><em>τὸ</em></strong></span> <span class='ocrx_word' id='word_1_151' title='bbox 276 3722 365 3815; x_wconf 70' lang='grc' dir='ltr'><strong><em>φῶξς</em></strong></span> <span class='ocrx_word' id='word_1_152' title='bbox 387 3734 461 3807; x_wconf 81' lang='grc' dir='ltr'><strong><em>πῶς</em></strong></span> <span class='ocrx_word' id='word_1_153' title='bbox 479 3724 711 3815; x_wconf 75' lang='grc' dir='ltr'><strong><em>χενροθετήσει</em></strong></span> <span class='ocrx_word' id='word_1_154' title='bbox 732 3724 750 3793; x_wconf 87' lang='grc' dir='ltr'><strong><em>δ</em></strong></span> <span class='ocrx_word' id='word_1_155' title='bbox 775 3729 893 3807; x_wconf 79' lang='grc' dir='ltr'><strong><em>δοῦλος</em></strong></span> <span class='ocrx_word' id='word_1_156' title='bbox 913 3728 970 3796; x_wconf 86' lang='grc' dir='ltr'><strong><em>τὸν</em></strong></span> <span class='ocrx_word' id='word_1_157' title='bbox 992 3726 1157 3817; x_wconf 81' lang='grc' dir='ltr'><strong><em>δεσπότην</em></strong></span> <span class='ocrx_word' id='word_1_158' title='bbox 1164 3758 1175 3811; x_wconf 87' lang='grc'><strong><em>,·</em></strong></span> <span class='ocrx_word' id='word_1_159' title='bbox 1198 3725 1341 3815; x_wconf 76' lang='grc' dir='ltr'><strong><em>ἁγίασον</em></strong></span> <span class='ocrx_word' id='word_1_160' title='bbox 1365 3727 1481 3815; x_wconf 76' lang='grc' dir='ltr'><strong><em>ἐμὲνιοὶ</em></strong></span> 
     </span>
     <span class='ocr_line' id='line_1_21' title="bbox 212 3824 1219 3919; baseline 0.004 -26"><span class='ocrx_word' id='word_1_161' title='bbox 212 3826 258 3894; x_wconf 83' lang='grc' dir='ltr'><strong><em>τά</em></strong></span> <span class='ocrx_word' id='word_1_162' title='bbox 279 3824 394 3907; x_wconf 71' lang='grc' dir='ltr'><strong><em>ὕδατα,</em></strong></span> <span class='ocrx_word' id='word_1_163' title='bbox 418 3835 532 3916; x_wconf 86' lang='grc' dir='ltr'><strong><em>σῶτερ,</em></strong></span> <span class='ocrx_word' id='word_1_164' title='bbox 554 3826 573 3896; x_wconf 90' lang='grc' dir='ltr'><strong><em>ἁ</em></strong></span> <span class='ocrx_word' id='word_1_165' title='bbox 596 3825 699 3915; x_wconf 84' lang='grc' dir='ltr'><strong><em>αίρων</em></strong></span> <span class='ocrx_word' id='word_1_166' title='bbox 721 3835 780 3895; x_wconf 82' lang='grc' dir='ltr'><strong><em>τοῦ</em></strong></span> <span class='ocrx_word' id='word_1_167' title='bbox 801 3827 941 3914; x_wconf 86' lang='grc' dir='ltr'><strong><em>Κόσμον</em></strong></span> <span class='ocrx_word' id='word_1_168' title='bbox 962 3830 1021 3919; x_wconf 85' lang='grc' dir='ltr'><strong><em>τὴν</em></strong></span> <span class='ocrx_word' id='word_1_169' title='bbox 1043 3827 1219 3918; x_wconf 81' lang='grc' dir='ltr'><strong><em>ἁμαρτίαν.</em></strong></span> 
     </span>
    </p>

    <p class='ocr_par' dir='ltr' id='par_1_10' title="bbox 296 3925 942 4019">
     <span class='ocr_line' id='line_1_22' title="bbox 296 3925 942 4019; baseline 0.003 -25"><span class='ocrx_word' id='word_1_170' title='bbox 296 3925 334 3994; x_wconf 87' lang='lat'><strong><em>‘0</em></strong></span> <span class='ocrx_word' id='word_1_171' title='bbox 357 3927 519 4008; x_wconf 88' lang='grc' dir='ltr'><strong><em>διάκονος.</em></strong></span> <span class='ocrx_word' id='word_1_172' title='bbox 562 3927 685 4019; x_wconf 78' lang='grc' dir='ltr'><strong><em>Σοφία.</em></strong></span> <span class='ocrx_word' id='word_1_173' title='bbox 728 3927 942 4017; x_wconf 88' lang='grc' dir='ltr'><strong><em>Πρόσχωμεν.</em></strong></span> 
     </span>
    </p>

    <p class='ocr_par' dir='ltr' id='par_1_11' title="bbox 298 4027 1071 4121">
     <span class='ocr_line' id='line_1_23' title="bbox 298 4027 1071 4121; baseline 0.003 -25"><span class='ocrx_word' id='word_1_174' title='bbox 298 4028 514 4121; x_wconf 78' lang='grc' dir='ltr'><strong><em>Προφιγτείας</em></strong></span> <span class='ocrx_word' id='word_1_175' title='bbox 533 4027 673 4098; x_wconf 79' lang='grc' dir='ltr'><strong><em>Ἠσαίου</em></strong></span> <span class='ocrx_word' id='word_1_176' title='bbox 695 4031 734 4099; x_wconf 88' lang='grc' dir='ltr'><strong><em>τὸ</em></strong></span> <span class='ocrx_word' id='word_1_177' title='bbox 757 4028 956 4120; x_wconf 75' lang='grc' dir='ltr'><strong><em>ἀνάγνωσμα</em></strong></span> <span class='ocrx_word' id='word_1_178' title='bbox 973 4052 1003 4098; x_wconf 78' lang='grc' dir='ltr'><strong><em>ο.</em></strong></span> <span class='ocrx_word' id='word_1_179' title='bbox 1020 4039 1071 4101; x_wconf 83' lang='grc'><strong><em>35.</em></strong></span> 
     </span>
    </p>

    <p class='ocr_par' dir='ltr' id='par_1_12' title="bbox 298 4126 1070 4222">
     <span class='ocr_line' id='line_1_24' title="bbox 298 4126 1070 4222; baseline 0.004 -25"><span class='ocrx_word' id='word_1_180' title='bbox 298 4127 514 4222; x_wconf 76' lang='grc' dir='ltr'><strong><em>Προφιγτείας</em></strong></span> <span class='ocrx_word' id='word_1_181' title='bbox 532 4126 672 4200; x_wconf 78' lang='grc' dir='ltr'><strong><em>Ἠσαίου</em></strong></span> <span class='ocrx_word' id='word_1_182' title='bbox 694 4133 733 4199; x_wconf 87' lang='grc' dir='ltr'><strong><em>τὸ</em></strong></span> <span class='ocrx_word' id='word_1_183' title='bbox 757 4129 954 4221; x_wconf 82' lang='grc' dir='ltr'><strong><em>ἀνάγνωσμα</em></strong></span> <span class='ocrx_word' id='word_1_184' title='bbox 975 4157 1001 4199; x_wconf 87' lang='grc' dir='ltr'><strong><em>ο.</em></strong></span> <span class='ocrx_word' id='word_1_185' title='bbox 1018 4142 1070 4201; x_wconf 87' lang='grc'><strong><em>55.</em></strong></span> 
     </span>
    </p>

    <p class='ocr_par' dir='ltr' id='par_1_13' title="bbox 297 4229 1181 4323">
     <span class='ocr_line' id='line_1_25' title="bbox 297 4229 1181 4323; baseline 0.008 -27"><span class='ocrx_word' id='word_1_186' title='bbox 297 4231 514 4323; x_wconf 78' lang='grc' dir='ltr'><strong><em>Προφνγττίας</em></strong></span> <span class='ocrx_word' id='word_1_187' title='bbox 533 4229 673 4301; x_wconf 84' lang='grc' dir='ltr'><strong><em>Ἠσαίου</em></strong></span> <span class='ocrx_word' id='word_1_188' title='bbox 695 4234 733 4301; x_wconf 87' lang='grc' dir='ltr'><strong><em>τὸ</em></strong></span> <span class='ocrx_word' id='word_1_189' title='bbox 757 4231 954 4321; x_wconf 82' lang='grc' dir='ltr'><strong><em>ἀνάγνωσμα</em></strong></span> <span class='ocrx_word' id='word_1_190' title='bbox 976 4241 1181 4315; x_wconf 79' lang='lat' dir='ltr'><strong>c.12,3-6.</strong></span> 
     </span>
    </p>

    <p class='ocr_par' dir='ltr' id='par_1_14' title="bbox 296 4332 1288 4426">
     <span class='ocr_line' id='line_1_26' title="bbox 296 4332 1288 4426; baseline 0.006 -28"><span class='ocrx_word' id='word_1_191' title='bbox 296 4332 530 4419; x_wconf 84' lang='grc' dir='ltr'><strong><em>Προκείμενον.</em></strong></span> <span class='ocrx_word' id='word_1_192' title='bbox 573 4333 701 4424; x_wconf 82' lang='grc' dir='ltr'><strong><em>Κίριος</em></strong></span> <span class='ocrx_word' id='word_1_193' title='bbox 721 4336 894 4426; x_wconf 82' lang='grc' dir='ltr'><strong><em>φωτισμός</em></strong></span> <span class='ocrx_word' id='word_1_194' title='bbox 913 4360 979 4421; x_wconf 87' lang='grc' dir='ltr'><strong><em>μου</em></strong></span> <span class='ocrx_word' id='word_1_195' title='bbox 1000 4336 1057 4401; x_wconf 86' lang='grc' dir='ltr'><strong><em>καί</em></strong></span> <span class='ocrx_word' id='word_1_196' title='bbox 1079 4333 1188 4423; x_wconf 82' lang='grc' dir='ltr'><strong><em>σωτήρ</em></strong></span> <span class='ocrx_word' id='word_1_197' title='bbox 1209 4360 1288 4421; x_wconf 81' lang='grc' dir='ltr'><strong><em>μου.</em></strong></span> 
     </span>
    </p>

    <p class='ocr_par' dir='ltr' id='par_1_15' title="bbox 298 4430 1148 4528">
     <span class='ocr_line' id='line_1_27' title="bbox 298 4430 1148 4528; baseline 0.012 -33"><span class='ocrx_word' id='word_1_198' title='bbox 298 4430 423 4516; x_wconf 80' lang='grc' dir='ltr'><strong><em>Στίχσς.</em></strong></span> <span class='ocrx_word' id='word_1_199' title='bbox 467 4432 593 4524; x_wconf 81' lang='grc' dir='ltr'><strong><em>Κύριος</em></strong></span> <span class='ocrx_word' id='word_1_200' title='bbox 613 4433 865 4528; x_wconf 74' lang='grc' dir='ltr'><strong><em>ὑπερασπιστὴς</em></strong></span> <span class='ocrx_word' id='word_1_201' title='bbox 886 4443 945 4527; x_wconf 81' lang='grc' dir='ltr'><strong><em>τῆς</em></strong></span> <span class='ocrx_word' id='word_1_202' title='bbox 967 4437 1052 4525; x_wconf 83' lang='grc' dir='ltr'><strong><em>ζωῆς</em></strong></span> <span class='ocrx_word' id='word_1_203' title='bbox 1071 4461 1148 4522; x_wconf 84' lang='grc' dir='ltr'><strong><em>μου.</em></strong></span> 
     </span>
    </p>
   </div>
   <div class='ocr_carea' id='block_1_6' title="bbox 0 0 1528 4912">
    <p class='ocr_par' dir='ltr' id='par_1_16' title="bbox 0 0 1528 4912">
     <span class='ocr_line' id='line_1_28' title="bbox 0 0 1528 4912; baseline 0 0"><span class='ocrx_word' id='word_1_204' title='bbox 0 0 1528 4912; x_wconf 95' lang='lat' dir='ltr'><strong><em> </em></strong></span> 
     </span>
    </p>
   </div>
  </div>
 </body>
</html>
