3044 4912
724 290 798 369 64⁷

212 475 284 551 Oi'a
308 472 332 571 ῆ
359 472 434 571 ζωὴ
458 473 568 570 ἡμῶν
592 476 713 564 ἐστινς
738 475 862 560 ἄνθος
885 473 949 550 καὶ
966 474 1078 567 ἀτμὶς
1093 472 1157 549 καὶ
1176 470 1311 574 δρόσος
1327 475 1399 550 ἑω-

89 606 95 627 ‘-
124 574 221 673 θινῆ
246 575 411 673 ἀληθῶς.
462 583 577 651 Δεῦτε
595 573 678 666 οὖν,
703 576 915 674 κατίδωμεν
940 575 1000 652 ἐπὶ
1024 575 1112 661 τοῦς
1136 573 1282 676 τάφους
1305 605 1399 673 τρα-

121 685 212 761 κῶς.
264 682 353 753 Ποῦ
384 677 429 751 τὸ
460 674 592 762 κάλλος
623 686 692 756 τοῦ
718 676 891 768 σώματος
914 677 978 754 καὶ
1003 686 1076 753 ποῦ
1101 676 1124 774 ῆ
1150 676 1290 774 νεότης,
1323 686 1398 755 ποῦ

121 779 196 855 εἰσὶ
226 776 274 853 τὰ
307 780 458 875 ὄμματα
482 780 546 855 καὶ
569 778 593 876 ῆ
619 779 748 879 μορφὴ
772 790 837 879 τῆς
862 776 1000 877 σαρκός
1006 811 1020 868 ,·
1055 776 1179 855 πάντα
1206 776 1396 878 ἐξηράνθη

89 912 92 917 ·
124 880 177 967 ῶς
198 876 344 976 χόρτος,
370 877 493 955 πάντα
516 880 799 979 ἠφανίσθησαν.
844 890 970 958 Δεῦτε.
1016 888 1078 980 Τῷ
1103 887 1259 980 Χριστῷ
1285 910 1396 980 προς-

122 982 296 1077 πέσωμεν
321 984 361 1057 ἐν
387 978 558 1079 δάκρυσι.

138 1080 142 1087 ’
208 1083 344 1185 Μέγας
374 1081 395 1158 ό
426 1082 625 1181 κλαυθμὸς
654 1083 718 1159 καὶ
750 1083 928 1182 ὀδυρμὸς,
961 1085 1077 1187 μέγας
1102 1082 1308 1186 στεναγμὸς
1332 1085 1398 1161 καὶ

89 1210 93 1217 ·
125 1181 285 1286 ἇνάγκη,
320 1183 340 1260 ὅ
362 1185 553 1282 χωρισμὸς
577 1193 643 1280 τῆς
667 1194 799 1283 ψυχῆς.
840 1185 967 1282 ’Ἅιδης
990 1188 1055 1262 καὶ
1080 1185 1244 1261 ἀπώλεια
1269 1185 1292 1282 ἡ
1317 1194 1399 1262 τῶν

89 1338 93 1351 -
124 1285 360 1386 πρσςκαίρων
385 1285 473 1384 ζωὴ,
498 1287 522 1385 ῆ
548 1286 633 1362 σκιὰ
657 1286 680 1383 ἡ
707 1284 954 1383 ἀνύπαρκτος,
981 1287 1002 1363 ὃ
1026 1288 1145 1372 ῦπνος
1159 1297 1225 1384 τῆς
1241 1285 1393 1384 πλάνης,

125 1384 520 1486 όόκαιροφάνταστος
545 1385 692 1485 μόχθος
715 1397 784 1464 τοῦ
808 1390 897 1487 βίου
923 1397 988 1486 τῆς
1006 1399 1090 1491 γῆς·
1118 1387 1242 1485 πόρρω
1264 1393 1398 1486 ἐκφευ-

122 1487 282 1585 ξιόμεθα
306 1488 451 1584 κόσμου
476 1490 577 1567 ἅπαν
601 1490 645 1566 τὸ
671 1488 887 1590 ἁμάρτημα,
912 1494 976 1567 ἵνα
1002 1492 1050 1566 τά
1081 1489 1239 1590 οὐράνια
1264 1499 1398 1589 κληρο-

123 1587 360 1689 νομήσωμεν.

210 1693 415 1776 Βλέπσντες
439 1693 680 1788 προκείμενον
705 1693 839 1787 νεκρὸν
863 1691 976 1795 λόγον
993 1688 1247 1789 ἀναλάβωμεν
1263 1690 1400 1777 πάντες

122 1804 191 1892 τῆς
215 1794 425 1877 τελευταίας
449 1799 571 1891 ῥοπῆς.
615 1794 745 1878 Οὕτως
768 1795 842 1897 γάρ
869 1792 1087 1897 παράγεται,
1115 1794 1232 1890 ὥςπερ
1257 1794 1401 1881 καπνὸς

122 1894 202 1972 άπὸ
237 1903 314 1996 γῆς.
361 1895 458 1979 Ὡςεὶ
492 1898 613 1980 ἄνθος
637 1893 853 1992 ἐξήνθησεν,
880 1894 930 1979 ῶς
952 1894 1086 1992 χόρτος
1111 1895 1269 1992 ἐτμήθη,
1296 1894 1400 1992 ῥάκει

122 1994 469 2097 σπαργανσόμενος,
494 2006 542 2099 γῆ
569 1995 855 2092 καλυπτόμενος,
882 1996 994 2094 όνπερ
1017 1998 1146 2096 ἀφανῆ
1162 2026 1201 2071 τε
1219 1995 1396 2085 λιπόντες,

120 2109 182 2197 τῷ
206 2104 363 2197 Χριστῷ
396 2097 606 2198 εὐξαίμεθα,
640 2100 774 2177 δοῦναι
806 2104 856 2183 εὶς
889 2104 1030 2183 αἰῶνας
1060 2096 1182 2197 τούτῳ
1208 2097 1278 2194 τὴν
1303 2095 1399 2174 ἀνά-

120 2226 278 2277 παυσιν.

213 2308 341 2392 Δεῦτε,
368 2300 404 2376 οἱ
430 2297 606 2404 ἀπόγονοι
626 2298 760 2398 Ἀδάμ.
803 2300 961 2396 Ἴδωμεν
993 2306 1044 2384 εἰς
1068 2308 1141 2402 γῆν
1164 2300 1399 2397 βεβλημένον

122 2402 195 2481 τδν
221 2404 303 2478 κατ’
334 2400 457 2478 εἰκόνα
482 2404 603 2499 ήμῶν,
631 2405 720 2500 ὅλην
745 2402 812 2500 τὴν
837 2403 1056 2499 εὐπρέπειαν
1078 2399 1398 2500 ἀποβαλλόμενον,

122 2506 328 2600 λελυμένον
354 2508 394 2580 ἐν
420 2504 585 2601 μνήματι
611 2504 750 2602 σαπρίᾳ
777 2502 989 2601 σκωλήκων,
1027 2500 1147 2579 σκότει
1174 2501 1398 2600 δαπανῶμε-

123 2636 213 2696 νον,
238 2615 287 2708 γῆ
311 2604 602 2702 καλυπτόμενον.
620 2607 759 2703 Ὅνπερ
786 2608 915 2705 ἀφανῆ
940 2603 1143 2689 λελοιπότες
1167 2613 1222 2702 τῷ
1242 2611 1398 2704 Χριστῷ

122 2705 340 2800 εῦξαίμεθα,
366 2705 500 2784 δοῦναι
527 2714 577 2793 εἰς
602 2713 742 2792 αλῶνας
765 2704 888 2807 τούτῳ
912 2706 982 2806 τήν
1007 2707 1232 2783 ἀνάπαυσιν.

106 2870 121 2899 f,
205 2810 293 2887 Ὅτε
326 2813 365 2885 ἐκ
399 2820 467 2886 τοῦ
500 2808 672 2907 σώματος
697 2811 799 2908 ψυχή
825 2812 944 2906 μέλλει
968 2809 1062 2905 μετὰ
1087 2808 1175 2907 βίας
1201 2807 1401 2905 άρπᾶσθαι

89 2902 206 3003 W&
237 2911 405 3013 ἀγγέλων
438 2921 627 3011 φρικτῶν,
660 2910 814 2989 πάντων
846 2909 1062 2987 ἐπιλάθεται
1094 2919 1173 2985 τῶν
1205 2919 1401 3012 συγγενῶν

89 2976 195 3123 ἱζειαί
227 3021 410 3115 γνωστῶν
441 3013 504 3087 καὶ
541 3012 728 3111 φροντίζει
759 3013 806 3087 τὰ
839 3013 1021 3107 μέλλοντα
1053 3008 1221 3107 κριτήρια
1255 3019 1398 3106 στῆναι.

133 3110 192 3190 Τὰ
231 3123 296 3210 τῆς
334 3113 576 3211 ματαιότητος
616 3114 678 3188 καὶ
710 3112 957 3209 πολυμόχθου
991 3111 1126 3204 σαρκὸς
1158 3107 1398 3208 διελύθησαν.

134 3213 226 3291 Τότε
251 3216 319 3291 τὸν
342 3215 472 3312 κριτήν
498 3214 753 3300 δυςωποῦντες
777 3213 912 3298 πάντες
937 3209 1192 3309 ἐπευξάμεθα,
1216 3213 1281 3288 ’ίνα
1308 3238 1400 3317 συγ-

124 3314 282 3417 χωρήσῃ
308 3315 445 3415 κόριος,
473 3317 497 3391 ά
524 3318 688 3412 ἔπραξεν.

150 3468 153 3473 -
215 3427 331 3495 Δεῦτε
363 3423 404 3495 ἐν
429 3426 482 3517 τῷ
507 3416 631 3516 τάφῳ,
657 3416 826 3515 ἀδελφοὶ,
851 3417 1052 3516 βλέψωμεν
1077 3416 1146 3514 τῆν
1170 3415 1313 3515 τέφραν
1337 3414 1401 3489 καὶ

126 3510 252 3609 θόνιν,
285 3513 389 3616 ἑξῆς
413 3518 663 3616 ἐπλάσθημεν.
717 3524 803 3596 Ποῦ
828 3528 902 3596 νῦν
926 3516 1178 3615 πορευόμεθα,
1212 3518 1248 3591 τί
1273 3515 1314 3591 δέ
1339 3544 1403 3617 γε·

130 3618 320 3726 γόναμεν,·
344 3629 448 3707 ποῖος
473 3622 581 3718 πένης
605 3620 629 3719 ῆ
655 3620 827 3705 πλούσιος
849 3620 874 3717 ῆ
900 3627 1003 3704 ποῖος
1020 3618 1210 3716 δεσπότης,
1237 3624 1340 3700 ποῖος
1359 3614 1400 3692 δὲ

126 3722 327 3820 ἐλεύθερος
352 3723 414 3798 καὶ
451 3724 535 3821 σῦχὶ
570 3722 705 3808 πάντες
740 3721 898 3812 σπόδος,·
934 3721 1065 3805 κάλλος
1099 3730 1168 3797 τοῦ
1204 3716 1400 3819 προςῶπου

131 3824 252 3922 ἐσάπη
284 3827 347 3901 καὶ
373 3825 415 3900 τὸ
441 3835 505 3924 τῆς
531 3823 698 3923 νεότητος
724 3825 825 3901 άπαν
851 3826 972 3909 ἄνθος
995 3822 1253 3923 κατεμάρανεν
1279 3820 1299 3897 ὃ
1325 3819 1403 3895 θά-

126 3957 256 4013 νατσς.

210 4032 353 4112 Ὄντως
384 4028 584 4125 ματαιότης
614 4027 677 4102 καὶ
710 4026 841 4125 φθορὰ
873 4027 997 4102 πάντα
1029 4024 1077 4098 τὰ
1102 4033 1171 4099 τοῦ
1195 4023 1285 4121 βίου
1311 4020 1402 4118 ἡδέσι

128 4128 199 4209 καὶ
222 4130 407 4226 περίδοξα.
437 4129 584 4214 Πάντες
607 4129 679 4232 γὰρ
706 4131 929 4225 ἐκλείπομεν,
963 4127 1098 4210 πάντες
1123 4124 1401 4222 τεθνηξόμεθα,

131 4235 299 4331 βασιλεῖς
323 4262 361 4305 τε
388 4232 450 4306 καὶ
476 4233 663 4328 ἄρχοντες,
688 4231 810 4327 κριταὶ
835 4231 898 4305 καὶ
924 4229 1120 4317 δυνάσται,
1147 4228 1315 4303 πλοόσιοι
1339 4226 1403 4300 καὶ

136 4336 287 4431 πένητες
319 4333 381 4408 καὶ
414 4343 514 4407 πᾶσα
550 4334 659 4430 φάσις
683 4335 845 4430 βροτῶν.
897 4338 982 4407 Νῦν
1007 4330 1080 4432 γὰρ
1107 4330 1142 4404 οἱ
1168 4327 1255 4405 ποτὲ
1281 4332 1323 4403 ἐν
1348 4335 1402 4425 τῷ

133 4436 211 4535 βίῳ
243 4436 375 4533 τάφοις
406 4436 733 4543 καταβέβῆηνται·,
764 4432 895 4531 οῧςπερ
928 4434 1145 4509 ἀναπαῦσαι
1176 4430 1308 4531 κόριον
1342 4431 1404 4506 εῦ·

133 4538 304 4634 ξιόμεθα.

1148 4632 1203 4688 42*
