3044 4912
602 260 676 337 879

126 436 329 530 αρεςιιόπτῃ,
355 439 395 508 τὸ
422 436 543 509 ὁποῖον
570 438 800 533 ἀλληγορεῖται
826 439 881 509 ὅτι
909 439 929 531 ι)
964 439 1099 529 πότερα
1129 449 1189 511 τοῦ
1222 441 1270 511 is-

118 547 306 609 ιιαταιτατεῐ
337 542 395 609 διὰ
424 547 483 629 τῆς
513 538 614 633 ζώνης
634 541 713 622 τοὺς
732 542 938 629 πειρασμοῦς
957 551 1017 632 τῆς
1031 543 1161 634 σαρκός.
1197 551 1269 613 Luc.

105 645 159 721 5))

105 763 190 824 nduit
209 757 251 826 τὰ
272 757 533 844 ἒπιμανίκια,
567 782 692 845 quorum
714 784 803 845 supra
827 764 938 826 mentio
962 765 1070 828 iniecta
1094 776 1153 829 est:
1184 768 1268 829 dein·
1319 752 1320 756 ¹

105 874 188 946 aptat
214 865 298 925 lateri
335 860 388 927 Τὸ
407 858 706 947 Ὑπογοιάτιοι
727 865 773 928 vel
793 858 1088 948 Ἐπιγοτὸιτιοι.
1133 868 1186 930 cst
1208 868 1269 933 lur-

105 964 352 1047 puadrangularis,
379 965 470 1045 palmi
499 973 529 1026 et
557 966 672 1028 dimidii
701 986 735 1028 ex
763 986 944 1048 nnoqttoque
971 968 1064 1030 latere
1091 978 1120 1030 et
1149 969 1268 1033 eZuna

105 1086 138 1128 ur
171 1084 346 1146 appensum.
391 1067 512 1128 Simeon
541 1067 693 1130 Thessal:
730 1098 769 1112 -
792 1063 827 1130 ἐν
853 1071 893 1152 τῇ
921 1061 1003 1154 ζώνῃ
1030 1064 1068 1132 τὸ
1096 1064 1271 1152 λεγόμενον

105 1160 216 1230 νότιον
236 1159 255 1230 ὁ
278 1159 428 1252 ἲεράρχης
447 1161 671 1249 περιτίθεται.
693 1161 873 1251 ἐξαρτήσας
897 1163 917 1232 ὅ
938 1164 996 1254 τὴν
1016 1165 1100 1233 κατὰ
1121 1173 1180 1234 τοῦ
1201 1173 1270 1235 θα-

130 1262 220 1354 visor
245 1264 302 1331 καὶ
329 1262 390 1352 τὴν
416 1261 613 1352 ἀφθαρσίαν
632 1270 692 1354 τῆς
713 1261 873 1354 ἡμετέρας
894 1263 1027 1354 φύσεως
1046 1267 1102 1335 sui
1123 1267 1161 1334 τὸ
1182 1266 1268 1355 μέγα

105 1371 143 1432 nii
164 1371 247 1433 θεοῦ
270 1362 380 1446 ἰσχύος
399 1364 484 1433 κατὰ
504 1372 564 1453 τῆς
583 1362 643 1434 soti
663 1373 811 1453 πονηροῦ
830 1366 1023 1454 τυραννίδος
1044 1365 1199 1457 ἐμφαίνει
1214 1367 1269 1437 ded

105 1472 188 1554 ρῇμα
209 1464 379 1554 ῥομφαίας
401 1463 544 1549 ἔχεικαὶ
565 1466 623 1535 ἐπὶ
644 1473 704 1556 τῆς
723 1460 851 1557 inpune
882 1467 1088 1556 ἐκκρέμαται,
1122 1468 1207 1539 ἔνθα
1228 1469 1269 1537 τὸ

105 1574 173 1635 ’θαι
198 1561 380 1651 ἅνθρωποι
409 1560 495 1634 εἶναι
521 1565 633 1657 φασίν.
676 1573 802 1653 Proprie
837 1576 966 1653 pertinet
995 1586 1200 1637 ornamentum
1230 1576 1268 1637 ad

105 1692 172 1753 apos
194 1673 238 1733 vel
261 1673 382 1733 omnino
405 1674 441 1733 ad
464 1674 606 1752 dignitate
628 1677 737 1736 ceteris
758 1675 972 1738 eminentiores
995 1688 1027 1736 nt
1048 1678 1084 1738 ad
1108 1677 1267 1757 Protosgn-

133 1773 334 1846 (consiliarios
369 1774 415 1835 vel
452 1775 619 1837 Canonicos
650 1776 891 1857 Episcopurum),
927 1778 1126 1858 Protopopas,
1163 1778 1267 1842 drobi-

105 1874 167 1936 itas
189 1894 216 1935 c.
239 1894 265 1935 a.
308 1878 346 1936 lit
378 1894 457 1949 vero,
491 1892 555 1936 cum
588 1878 666 1956 apud
690 1876 857 1939 Orientales
879 1877 917 1938 ab
945 1880 1084 1940 omnibns
1107 1880 1188 1941 omni
1204 1890 1267 1943 sin·

105 1975 291 2037 ,ambiiione
313 1976 483 2056 Epigonatii
511 1977 608 2039 bonor
629 1986 793 2058 appetatur,
823 1979 930 2040 lactum
959 1988 1006 2040 est
1033 1990 1066 2041 ui
1093 1980 1184 2043 bodie
1214 1982 1266 2045 Sa-

109 2098 141 2140 es
170 2077 309 2157 permulti
338 2077 389 2138 illo
416 2087 591 2140 ornamento
619 2079 681 2141 sint
701 2079 890 2159 spectabiles.

105 2201 243 2257 'ostremo
266 2196 372 2257 ceteris
393 2196 526 2258 vestibus
549 2197 769 2277 superimponit
790 2192 828 2259 sd
844 2190 1052 2261 Φελώνιοι
1075 2191 1266 2276 (Φειώλιει,

105 2318 168 2381 της,
195 2290 383 2373 noradino,
406 2316 464 2377 syr.
485 2297 641 2377 pbaino,
665 2307 743 2378 copi.
764 2299 968 2373 alborum),
990 2298 1120 2361 tunicam
1143 2310 1269 2381 propter

105 2399 197 2462 denda
220 2398 340 2459 brachia
363 2398 408 2459 vel
431 2399 587 2460 commode
604 2397 747 2461 movenda
763 2418 779 2461 a
795 2398 939 2461 lateribus
954 2400 1149 2475 conscissam,
1172 2411 1266 2463 toturn

105 2563 285 2572 *—

105 2651 298 2712 ilienaudot
316 2651 334 2700 i.
353 2668 376 2716 p.
390 2652 451 2703 ¹61:
469 2653 564 2714 ‚,llahet
582 2654 644 2703 inter
662 2653 812 2703 Christianos
824 2653 959 2704 orientales
977 2655 1123 2717 singularem
1143 2670 1266 2705 commen-

105 2752 131 2797 n,
155 2752 182 2786 er
202 2736 292 2785 ratione
311 2752 371 2800 quae
390 2738 438 2786 illis
455 2739 553 2802 propria
571 2747 617 2797 est,
641 2752 668 2786 ss
686 2753 733 2802 quo
752 2739 796 2787 sub
816 2738 1042 2789 llnbamsdanorum
1061 2741 1162 2804 imperio
1181 2740 1266 2790 titunt

105 2821 171 2871 aliiae
189 2820 307 2879 nonnulli,
326 2831 349 2870 et
366 2822 405 2871 alii
426 2822 548 2887 Principes
567 2824 707 2888 pracsertim
726 2822 749 2871 in
768 2826 880 2886 Aegypto,
900 2824 973 2874 multa
992 2831 1135 2885 statuerunt,
1154 2833 1179 2874 nt
1197 2824 1266 2875 Cbrl·

105 2907 159 2955 ictis
177 2906 334 2954 exterioribus
352 2920 365 2953 a
384 2905 562 2957 blobamedauis
580 2909 792 2969 distinguerentur,
819 2916 868 2957 tom
887 2907 969 2957 colore
987 2909 1096 2970 restium,
1120 2910 1267 2971 cogebantur

105 2990 168 3041 ullas
186 2998 276 3038 tantum
301 2990 413 3040 induere:
439 2999 487 3040 tum
513 2993 622 3051 maxime,
646 2992 700 3055 quia
718 3006 778 3039 aona
796 3005 870 3054 super
887 2998 966 3053 togam
985 2994 1126 3042 exteriorem
1145 2994 1267 3056 praecingi

105 3076 197 3124 artabat.
231 3075 257 3125 ld
282 3076 432 3125 seuerissime
455 3075 484 3123 ab
504 3076 562 3139 ipsis
581 3084 687 3125 exactum
706 3082 743 3124 est
760 3075 789 3122 ab
809 3074 913 3123 llaiomo
932 3074 1008 3124 Calila
1026 3075 1124 3140 Aegypti
1142 3077 1266 3137 l'atimids,

106 3159 236 3208 labcddino
254 3160 397 3208 lubidarnm
416 3159 569 3208 Sullanorum
590 3161 681 3222 primo:
700 3174 761 3223 qnae
779 3159 899 3208 distinctio
918 3173 970 3209 cnm
990 3158 1093 3223 aliquam
1113 3161 1266 3221 ignominiam

105 3251 153 3293 um
179 3243 266 3292 babere
290 3245 417 3303 rideretur,
441 3244 577 3305 grauissima
597 3244 738 3293 Christianis
755 3242 911 3292 indicabatur.
947 3242 972 3291 Si
991 3244 1045 3306 quis
1062 3244 1125 3308 apud
1144 3245 1267 3310 Principes

105 3337 117 3376 ι
135 3328 261 3375 autoritate
278 3328 389 3391 polleret,
407 3343 434 3378 ea
453 3329 571 3387 utebatur,
590 3337 614 3376 ni
632 3328 803 3379 immunitatem
823 3327 902 3376 Zonae
921 3327 1033 3378 larendas
1050 3328 1177 3380 obtineret.
1201 3331 1266 3380 lstnd

105 3419 142 3460 ier
160 3412 346 3461 llnbamedanns
364 3413 561 3474 christianosque
584 3426 611 3461 ex
636 3412 716 3461 babitu
743 3412 871 3461 discrimen
890 3413 1023 3476 Episcopus
1048 3427 1096 3463 non
1120 3428 1267 3478 magnopere

105 3495 175 3556 rebat,
194 3510 247 3545 cum
266 3497 321 3545 inde
340 3497 419 3546 minus
437 3496 570 3560 pericnlum
590 3497 727 3546 commercii
745 3496 871 3546 lumilisris
890 3511 943 3545 cum
962 3496 1184 3556 lulldelibnseasst,
1203 3501 1266 3562 quod

105 3580 235 3630 :hristianis
253 3589 276 3630 et
294 3581 370 3630 lrnndi
390 3591 412 3630 et
430 3583 500 3630 exitio
519 3588 577 3630 erat.
612 3581 694 3644 ltaque
713 3580 741 3629 ad
760 3579 860 3629 istorum
880 3579 1070 3631 consolationem
1088 3581 1162 3631 mults
1180 3582 1204 3631 in
1217 3582 1266 3632 llo-

106 3667 295 3728 tracisiibusqua
319 3666 483 3730 spiritualibus
508 3665 569 3714 dicta
596 3673 652 3714 sont
674 3664 704 3714 ad
722 3664 801 3713 Zonae
825 3665 963 3726 dignitatem
991 3665 1214 3727 commendandam,
1239 3680 1266 3717 ιι

105 3750 142 3812 is,
166 3748 248 3798 basilii
266 3749 362 3811 Regalis
385 3751 462 3798 lusius
480 3748 615 3812 disputatis,
640 3758 662 3797 et
680 3748 735 3798 aliis
751 3748 873 3797 decetlcis.
908 3748 968 3798 Tum
987 3748 1056 3813 qnasi
1074 3749 1111 3799 lex
1129 3750 1266 3810 constituta,

104 3837 166 3885 elert
184 3834 329 3884 Ebnassslus
348 3835 371 3883 io
390 3833 516 3897 Principiis
534 3833 597 3891 ildei,
616 3840 641 3882 nt
658 3833 688 3882 ad
706 3833 838 3883 orationem
857 3833 902 3883 rite
920 3833 1052 3884 laciendum
1063 3834 1191 3884 Christiani
1202 3833 1266 3885 Zona

105 3920 130 3970 sti
154 3919 310 3969 accederent:
335 3918 398 3982 quod
418 3918 488 3967 etism
508 3918 616 3980 esposuit
635 3918 736 3966 Severus
755 3916 889 3981 Episcopus
907 3918 1092 3979 dscbmoninse,
1111 3918 1133 3966 in
1154 3918 1266 3970 Tractntn

106 4005 168 4053 citiis
186 4004 383 4054 Christianorum.
419 4002 444 4051 ln
464 4002 511 4051 alio
531 4002 653 4066 Opnscnlo
672 4002 701 4050 de
719 4006 784 4063 Agno
803 4002 912 4053 Pascbali
929 4002 1080 4059 Sacerdotes,
1104 4002 1188 4068 inquit,
1206 4004 1265 4053 ilde-

105 4087 169 4137 lceos
189 4089 212 4137 in
231 4088 330 4150 pedibus
349 4087 445 4144 babent,
471 4087 526 4134 doro
545 4095 686 4135 consecrant
704 4102 792 4151 corpus
805 4086 903 4146 Cbristi,
920 4088 1015 4149 signum
1034 4095 1156 4136 arternum
1176 4088 1209 4137 rei
1229 4089 1266 4137 in·

121 4173 183 4221 sicot
200 4173 270 4221 stiam
289 4172 353 4235 qnod
372 4171 444 4220 Zonis
462 4173 654 4233 praecinguntur,
672 4173 766 4233 signnm
785 4181 822 4220 est
837 4171 1024 4237 praecinctionis
1042 4172 1169 4221 interioris.
1206 4172 1266 4245 Quia

105 4271 132 4306 aa
150 4258 251 4306 caeteris
270 4256 431 4305 Orientalibus
449 4256 553 4319 Aegyptii
571 4255 635 4304 Zona
654 4256 683 4304 ab
702 4256 755 4305 aliis
773 4255 988 4319 distinguebantur,
1004 4257 1094 4307 idcirco
1111 4272 1124 4306 a
1142 4256 1266 4306 nonnullis

105 4342 188 4405 [oloris
206 4342 329 4390 autoribus
348 4340 474 4390 Christiani
493 4340 682 4403 praecincturas,
700 4348 741 4389 aut
757 4340 787 4389 de
804 4340 900 4403 cingulo
918 4340 1032 4404 appellati
1049 4348 1118 4390 sunt:
1137 4342 1205 4391 cuius
1223 4341 1266 4390 de⁴

105 4425 172 4474 tionis
195 4441 267 4476 causa
291 4440 339 4474 non
363 4427 421 4474 satis
444 4424 578 4484 intellecta,
602 4426 768 4486 nugacissimis
792 4426 873 4476 moltis
896 4425 1133 4490 interpretationibus
1156 4427 1266 4477 occasio·

105 4509 161 4559 dit.“
