<?xml version="1.0" encoding="UTF-8"?>
<!DOCTYPE html PUBLIC "-//W3C//DTD XHTML 1.0 Transitional//EN"
    "http://www.w3.org/TR/xhtml1/DTD/xhtml1-transitional.dtd">
<html xmlns="http://www.w3.org/1999/xhtml" xml:lang="en" lang="en">
 <head>
  <title>
</title>
<meta http-equiv="Content-Type" content="text/html;charset=utf-8" />
  <meta name='ocr-system' content='tesseract 3.04.00' />
  <meta name='ocr-capabilities' content='ocr_page ocr_carea ocr_par ocr_line ocrx_word'/>
</head>
<body>
  <div class='ocr_page' id='page_1' title='image "./codexliturgicus05danigoog_0158.png"; bbox 0 0 3044 4912; ppageno 0'>
   <div class='ocr_carea' id='block_1_1' title="bbox 725 301 796 374">
    <p class='ocr_par' dir='ltr' id='par_1_1' title="bbox 725 301 796 374">
     <span class='ocr_line' id='line_1_1' title="bbox 725 301 796 374; baseline 0 -1"><span class='ocrx_word' id='word_1_1' title='bbox 725 301 796 374; x_wconf 85' lang='grc'>147</span> 
     </span>
    </p>
   </div>
   <div class='ocr_carea' id='block_1_2' title="bbox 123 476 1421 1404">
    <p class='ocr_par' dir='ltr' id='par_1_2' title="bbox 566 476 940 570">
     <span class='ocr_line' id='line_1_2' title="bbox 566 476 940 570; baseline 0.013 -23"><span class='ocrx_word' id='word_1_2' title='bbox 566 476 606 548; x_wconf 89' lang='lat'>‘0</span> <span class='ocrx_word' id='word_1_3' title='bbox 627 478 735 570; x_wconf 75' lang='grc' dir='ltr'><strong><em>ἱερεὺς</em></strong></span> <span class='ocrx_word' id='word_1_4' title='bbox 755 479 940 566; x_wconf 70' lang='grc' dir='ltr'><strong><em>ἐπεύχεται</em></strong></span> 
     </span>
    </p>

    <p class='ocr_par' dir='ltr' id='par_1_3' title="bbox 123 580 1421 1404">
     <span class='ocr_line' id='line_1_3' title="bbox 195 580 1395 687; baseline 0.009 -32"><span class='ocrx_word' id='word_1_5' title='bbox 195 587 369 658; x_wconf 78' lang='grc' dir='ltr'><em>Δέσποτα</em></span> <span class='ocrx_word' id='word_1_6' title='bbox 394 580 512 682; x_wconf 68' lang='grc' dir='ltr'><strong><em>κύριε,</em></strong></span> <span class='ocrx_word' id='word_1_7' title='bbox 537 581 557 656; x_wconf 84' lang='grc' dir='ltr'><em>ὃ</em></span> <span class='ocrx_word' id='word_1_8' title='bbox 582 582 685 674; x_wconf 79' lang='grc' dir='ltr'><strong><em>θεός,</em></strong></span> <span class='ocrx_word' id='word_1_9' title='bbox 712 583 732 660; x_wconf 85' lang='grc' dir='ltr'><em>ὃ</em></span> <span class='ocrx_word' id='word_1_10' title='bbox 758 582 1040 687; x_wconf 80' lang='grc' dir='ltr'><strong><em>παντοκράτωρ,</em></strong></span> <span class='ocrx_word' id='word_1_11' title='bbox 1067 585 1226 687; x_wconf 81' lang='grc' dir='ltr'><strong><em>ὃποτὴρ</em></strong></span> <span class='ocrx_word' id='word_1_12' title='bbox 1243 596 1311 666; x_wconf 87' lang='grc' dir='ltr'><strong><em>τοῦ</em></strong></span> <span class='ocrx_word' id='word_1_13' title='bbox 1327 618 1395 667; x_wconf 76' lang='grc' dir='ltr'>κο·</span> 
     </span>
     <span class='ocr_line' id='line_1_4' title="bbox 123 683 1393 788; baseline 0.009 -31"><span class='ocrx_word' id='word_1_14' title='bbox 123 683 204 781; x_wconf 87' lang='grc' dir='ltr'><strong><em>ριόυ</em></strong></span> <span class='ocrx_word' id='word_1_15' title='bbox 234 683 348 781; x_wconf 82' lang='grc' dir='ltr'><strong><em>ἡμῶν</em></strong></span> <span class='ocrx_word' id='word_1_16' title='bbox 366 685 488 780; x_wconf 81' lang='grc' dir='ltr'><em>Ἰησοῦ</em></span> <span class='ocrx_word' id='word_1_17' title='bbox 513 689 694 784; x_wconf 85' lang='grc' dir='ltr'><strong><em>Χριστοῦ,</em></strong></span> <span class='ocrx_word' id='word_1_18' title='bbox 728 684 896 781; x_wconf 77' lang='grc' dir='ltr'><strong><em>δεόμεθα</em></strong></span> <span class='ocrx_word' id='word_1_19' title='bbox 926 687 1310 788; x_wconf 60' lang='grc' dir='ltr'><strong><em>καὶ-*τιαρακαλοῦμέν</em></strong></span> <span class='ocrx_word' id='word_1_20' title='bbox 1336 696 1393 768; x_wconf 52' lang='grc' dir='ltr'>σοι</span> 
     </span>
     <span class='ocr_line' id='line_1_5' title="bbox 123 783 1393 894; baseline 0.009 -35"><span class='ocrx_word' id='word_1_21' title='bbox 123 787 189 883; x_wconf 73' lang='grc' dir='ltr'><strong><em>τὴν</em></strong></span> <span class='ocrx_word' id='word_1_22' title='bbox 213 789 253 870; x_wconf 74' lang='grc' dir='ltr'>ἐξ</span> <span class='ocrx_word' id='word_1_23' title='bbox 278 784 444 881; x_wconf 62' lang='grc' dir='ltr'><strong><em>οὐρανοῦ</em></strong></span> <span class='ocrx_word' id='word_1_24' title='bbox 468 783 617 884; x_wconf 77' lang='grc' dir='ltr'><strong><em>ιιρήνην</em></strong></span> <span class='ocrx_word' id='word_1_25' title='bbox 641 785 860 887; x_wconf 74' lang='grc' dir='ltr'><strong><em>βράβιυσον</em></strong></span> <span class='ocrx_word' id='word_1_26' title='bbox 884 794 966 873; x_wconf 86' lang='grc' dir='ltr'><strong><em>ταῖς</em></strong></span> <span class='ocrx_word' id='word_1_27' title='bbox 983 785 1162 866; x_wconf 79' lang='grc' dir='ltr'><strong><em>ἁπάντων</em></strong></span> <span class='ocrx_word' id='word_1_28' title='bbox 1177 791 1286 889; x_wconf 76' lang='grc' dir='ltr'><strong><em>ἡμῶν</em></strong></span> <span class='ocrx_word' id='word_1_29' title='bbox 1301 818 1393 894; x_wconf 85' lang='grc' dir='ltr'><strong><em>καρ-</em></strong></span> 
     </span>
     <span class='ocr_line' id='line_1_6' title="bbox 125 886 1391 994; baseline 0.009 -33"><span class='ocrx_word' id='word_1_30' title='bbox 125 886 235 971; x_wconf 69' lang='grc' dir='ltr'><strong><em>δίαιςτ</em></strong></span> <span class='ocrx_word' id='word_1_31' title='bbox 265 887 359 963; x_wconf 78' lang='grc' dir='ltr'>ἀλλὰ</span> <span class='ocrx_word' id='word_1_32' title='bbox 384 887 539 964; x_wconf 80' lang='grc' dir='ltr'><strong><em>καὶτοῦ</em></strong></span> <span class='ocrx_word' id='word_1_33' title='bbox 562 888 653 986; x_wconf 78' lang='grc' dir='ltr'><strong><em>βίου</em></strong></span> <span class='ocrx_word' id='word_1_34' title='bbox 677 888 814 965; x_wconf 85' lang='grc' dir='ltr'><strong><em>τούτου</em></strong></span> <span class='ocrx_word' id='word_1_35' title='bbox 838 889 908 987; x_wconf 78' lang='grc' dir='ltr'><strong><em>τὴν</em></strong></span> <span class='ocrx_word' id='word_1_36' title='bbox 931 887 1081 988; x_wconf 73' lang='grc' dir='ltr'><strong><em>εἰρήνην</em></strong></span> <span class='ocrx_word' id='word_1_37' title='bbox 1105 891 1196 988; x_wconf 82' lang='grc' dir='ltr'><strong><em>ἡμῖν</em></strong></span> <span class='ocrx_word' id='word_1_38' title='bbox 1214 891 1391 994; x_wconf 79' lang='grc' dir='ltr'><strong><em>δώρησαι.</em></strong></span> 
     </span>
     <span class='ocr_line' id='line_1_7' title="bbox 127 986 1393 1092; baseline 0.008 -29"><span class='ocrx_word' id='word_1_39' title='bbox 127 989 217 1081; x_wconf 83' lang='grc' dir='ltr'>[Τὸν</span> <span class='ocrx_word' id='word_1_40' title='bbox 242 986 455 1092; x_wconf 70' lang='grc' dir='ltr'><strong><em>ἁγιώτατον</em></strong></span> <span class='ocrx_word' id='word_1_41' title='bbox 479 990 542 1064; x_wconf 75' lang='grc' dir='ltr'>καὶ</span> <span class='ocrx_word' id='word_1_42' title='bbox 566 989 853 1089; x_wconf 80' lang='grc' dir='ltr'><strong><em>μακαριώτατον</em></strong></span> <span class='ocrx_word' id='word_1_43' title='bbox 877 991 987 1089; x_wconf 77' lang='grc' dir='ltr'><strong><em>ἡμῶν</em></strong></span> <span class='ocrx_word' id='word_1_44' title='bbox 1001 989 1145 1069; x_wconf 80' lang='grc' dir='ltr'><strong><em>Πάπαν</em></strong></span> <span class='ocrx_word' id='word_1_45' title='bbox 1165 994 1233 1070; x_wconf 89' lang='grc' dir='ltr'><strong><em>τὸν</em></strong></span> <span class='ocrx_word' id='word_1_46' title='bbox 1247 994 1303 1086; x_wconf 86' lang='grc' dir='ltr'>Δ’,</span> <span class='ocrx_word' id='word_1_47' title='bbox 1329 998 1393 1073; x_wconf 83' lang='grc' dir='ltr'>καὶ</span> 
     </span>
     <span class='ocr_line' id='line_1_8' title="bbox 125 1089 1421 1199; baseline 0.008 -36"><span class='ocrx_word' id='word_1_48' title='bbox 125 1090 186 1166; x_wconf 75' lang='grc' dir='ltr'><strong><em>τὸν</em></strong></span> <span class='ocrx_word' id='word_1_49' title='bbox 212 1089 420 1167; x_wconf 76' lang='grc' dir='ltr'><strong><em>ὁσιώτατον</em></strong></span> <span class='ocrx_word' id='word_1_50' title='bbox 443 1091 553 1187; x_wconf 81' lang='grc' dir='ltr'><strong><em>ἡμῶν</em></strong></span> <span class='ocrx_word' id='word_1_51' title='bbox 577 1091 777 1169; x_wconf 66' lang='grc' dir='ltr'><strong><em>ἐπίσκοπον</em></strong></span> <span class='ocrx_word' id='word_1_52' title='bbox 800 1093 868 1169; x_wconf 88' lang='grc' dir='ltr'><strong><em>τὸν</em></strong></span> <span class='ocrx_word' id='word_1_53' title='bbox 892 1090 948 1168; x_wconf 69' lang='grc' dir='ltr'>Δ.</span> <span class='ocrx_word' id='word_1_54' title='bbox 974 1103 1183 1192; x_wconf 79' lang='grc' dir='ltr'><strong><em>συντηρῶν,</em></strong></span> <span class='ocrx_word' id='word_1_55' title='bbox 1210 1094 1421 1199; x_wconf 84' lang='grc' dir='ltr'><strong><em>συντήρη-·</em></strong></span> 
     </span>
     <span class='ocr_line' id='line_1_9' title="bbox 127 1192 1393 1297; baseline 0.008 -32"><span class='ocrx_word' id='word_1_56' title='bbox 127 1202 188 1266; x_wconf 79' lang='grc' dir='ltr'>σον</span> <span class='ocrx_word' id='word_1_57' title='bbox 217 1192 313 1289; x_wconf 80' lang='grc' dir='ltr'><strong><em>ἡμῖν</em></strong></span> <span class='ocrx_word' id='word_1_58' title='bbox 344 1192 479 1277; x_wconf 79' lang='grc' dir='ltr'><strong><em>αὐτοὺς</em></strong></span> <span class='ocrx_word' id='word_1_59' title='bbox 509 1195 604 1268; x_wconf 75' lang='grc' dir='ltr'><strong><em>ἔτεσι</em></strong></span> <span class='ocrx_word' id='word_1_60' title='bbox 623 1198 794 1284; x_wconf 49' lang='lat' dir='ltr'>moliole,</span> <span class='ocrx_word' id='word_1_61' title='bbox 831 1199 1021 1292; x_wconf 73' lang='grc' dir='ltr'><strong><em>εἰρηνικῶς</em></strong></span> <span class='ocrx_word' id='word_1_62' title='bbox 1054 1199 1288 1283; x_wconf 65' lang='grc' dir='ltr'><strong><em>ἐπιτελοῦντας</em></strong></span> <span class='ocrx_word' id='word_1_63' title='bbox 1323 1200 1393 1297; x_wconf 86' lang='grc' dir='ltr'><strong><em>τὴν</em></strong></span> 
     </span>
     <span class='ocr_line' id='line_1_10' title="bbox 125 1290 1391 1404; baseline 0.006 -36"><span class='ocrx_word' id='word_1_64' title='bbox 125 1290 191 1369; x_wconf 83' lang='grc' dir='ltr'><strong><em>ὖιιό</em></strong></span> <span class='ocrx_word' id='word_1_65' title='bbox 216 1306 287 1369; x_wconf 76' lang='grc' dir='ltr'>σοὺ</span> <span class='ocrx_word' id='word_1_66' title='bbox 313 1295 648 1394; x_wconf 76' lang='grc' dir='ltr'><strong><em>ἐμπεπιστευμένην</em></strong></span> <span class='ocrx_word' id='word_1_67' title='bbox 664 1295 777 1399; x_wconf 78' lang='grc' dir='ltr'><strong><em>ἁγίαν</em></strong></span> <span class='ocrx_word' id='word_1_68' title='bbox 795 1294 1086 1396; x_wconf 82' lang='grc' dir='ltr'><strong><em>ἀρχιερωσύνην,</em></strong></span> <span class='ocrx_word' id='word_1_69' title='bbox 1111 1298 1207 1373; x_wconf 82' lang='grc' dir='ltr'><strong><em>κατὰ</em></strong></span> <span class='ocrx_word' id='word_1_70' title='bbox 1225 1299 1266 1374; x_wconf 85' lang='grc' dir='ltr'><strong><em>τὸ</em></strong></span> <span class='ocrx_word' id='word_1_71' title='bbox 1283 1300 1391 1404; x_wconf 75' lang='grc' dir='ltr'><strong><em>ἅγιον</em></strong></span> 
     </span>
    </p>
   </div>
   <div class='ocr_carea' id='block_1_3' title="bbox 112 1517 1466 4538">
    <p class='ocr_par' dir='ltr' id='par_1_4' title="bbox 112 1517 1466 4538">
     <span class='ocr_line' id='line_1_11' title="bbox 128 1517 1390 1590; baseline 0.006 -24"><span class='ocrx_word' id='word_1_72' title='bbox 128 1517 183 1567; x_wconf 86' lang='lat' dir='ltr'>lieet</span> <span class='ocrx_word' id='word_1_73' title='bbox 200 1518 340 1569; x_wconf 85' lang='lat' dir='ltr'>Orationem</span> <span class='ocrx_word' id='word_1_74' title='bbox 359 1518 441 1569; x_wconf 88' lang='lat' dir='ltr'>Osculi</span> <span class='ocrx_word' id='word_1_75' title='bbox 458 1518 525 1585; x_wconf 89' lang='lat' dir='ltr'>pacis</span> <span class='ocrx_word' id='word_1_76' title='bbox 543 1517 573 1568; x_wconf 89' lang='lat' dir='ltr'>ad</span> <span class='ocrx_word' id='word_1_77' title='bbox 591 1524 693 1584; x_wconf 88' lang='lat' dir='ltr'>petrem.</span> <span class='ocrx_word' id='word_1_78' title='bbox 723 1518 836 1583; x_wconf 73' lang='lat' dir='ltr'>Sequitur</span> <span class='ocrx_word' id='word_1_79' title='bbox 853 1518 899 1570; x_wconf 86' lang='lat' dir='ltr'>alia</span> <span class='ocrx_word' id='word_1_80' title='bbox 918 1518 1000 1570; x_wconf 86' lang='lat' dir='ltr'>Oratio</span> <span class='ocrx_word' id='word_1_81' title='bbox 1018 1519 1085 1584; x_wconf 87' lang='lat' dir='ltr'>pacis</span> <span class='ocrx_word' id='word_1_82' title='bbox 1103 1528 1126 1570; x_wconf 94' lang='lat' dir='ltr'>et</span> <span class='ocrx_word' id='word_1_83' title='bbox 1143 1521 1212 1570; x_wconf 88' lang='lat' dir='ltr'>tertia</span> <span class='ocrx_word' id='word_1_84' title='bbox 1228 1521 1307 1573; x_wconf 86' lang='lat' dir='ltr'>lacohi</span> <span class='ocrx_word' id='word_1_85' title='bbox 1326 1524 1390 1590; x_wconf 85' lang='lat' dir='ltr'>lpo-</span> 
     </span>
     <span class='ocr_line' id='line_1_12' title="bbox 129 1601 1390 1673; baseline 0.007 -23"><span class='ocrx_word' id='word_1_86' title='bbox 129 1603 184 1651; x_wconf 88' lang='lat' dir='ltr'>stoli.</span> <span class='ocrx_word' id='word_1_87' title='bbox 201 1602 266 1651; x_wconf 83' lang='lat' dir='ltr'>lless</span> <span class='ocrx_word' id='word_1_88' title='bbox 284 1604 391 1652; x_wconf 88' lang='lat' dir='ltr'>omnium</span> <span class='ocrx_word' id='word_1_89' title='bbox 411 1604 512 1655; x_wconf 81' lang='lat' dir='ltr'>Domine</span> <span class='ocrx_word' id='word_1_90' title='bbox 530 1611 575 1654; x_wconf 90' lang='lat' dir='ltr'>eto.</span> <span class='ocrx_word' id='word_1_91' title='bbox 599 1603 631 1653; x_wconf 86' lang='lat' dir='ltr'>cl.</span> <span class='ocrx_word' id='word_1_92' title='bbox 649 1602 696 1653; x_wconf 80' lang='lat' dir='ltr'>lac</span> <span class='ocrx_word' id='word_1_93' title='bbox 715 1618 736 1652; x_wconf 88' lang='lat' dir='ltr'>c.</span> <span class='ocrx_word' id='word_1_94' title='bbox 746 1602 786 1653; x_wconf 78' lang='lat'>19.</span> <span class='ocrx_word' id='word_1_95' title='bbox 821 1601 940 1668; x_wconf 76' lang='lat' dir='ltr'>Deinceps</span> <span class='ocrx_word' id='word_1_96' title='bbox 958 1602 1086 1654; x_wconf 83' lang='lat' dir='ltr'>Praelatio.</span> <span class='ocrx_word' id='word_1_97' title='bbox 1115 1604 1152 1654; x_wconf 83' lang='lat' dir='ltr'>Et</span> <span class='ocrx_word' id='word_1_98' title='bbox 1177 1605 1247 1669; x_wconf 87' lang='lat' dir='ltr'>Greg.</span> <span class='ocrx_word' id='word_1_99' title='bbox 1266 1622 1301 1658; x_wconf 90' lang='lat' dir='ltr'>ac.</span> <span class='ocrx_word' id='word_1_100' title='bbox 1327 1608 1390 1673; x_wconf 70' lang='lat' dir='ltr'>Cpr,</span> 
     </span>
     <span class='ocr_line' id='line_1_13' title="bbox 130 1686 1310 1752; baseline 0.005 -17"><span class='ocrx_word' id='word_1_101' title='bbox 130 1687 163 1750; x_wconf 87' lang='lat' dir='ltr'>qai</span> <span class='ocrx_word' id='word_1_102' title='bbox 179 1688 296 1752; x_wconf 82' lang='lat' dir='ltr'>incipiant</span> <span class='ocrx_word' id='word_1_103' title='bbox 313 1688 343 1736; x_wconf 91' lang='lat' dir='ltr'>ah</span> <span class='ocrx_word' id='word_1_104' title='bbox 362 1689 470 1739; x_wconf 89' lang='lat' dir='ltr'>orations</span> <span class='ocrx_word' id='word_1_105' title='bbox 487 1687 542 1742; x_wconf 81' lang='lat' dir='ltr'>reti.</span> <span class='ocrx_word' id='word_1_106' title='bbox 559 1686 643 1751; x_wconf 87' lang='lat' dir='ltr'>plures</span> <span class='ocrx_word' id='word_1_107' title='bbox 660 1687 772 1737; x_wconf 81' lang='lat' dir='ltr'>exhiheut</span> <span class='ocrx_word' id='word_1_108' title='bbox 789 1688 911 1737; x_wconf 87' lang='lat' dir='ltr'>orationes</span> <span class='ocrx_word' id='word_1_109' title='bbox 929 1687 1007 1738; x_wconf 87' lang='lat' dir='ltr'>osculi</span> <span class='ocrx_word' id='word_1_110' title='bbox 1024 1687 1054 1737; x_wconf 88' lang='lat' dir='ltr'>ad</span> <span class='ocrx_word' id='word_1_111' title='bbox 1073 1696 1165 1752; x_wconf 89' lang='lat' dir='ltr'>patrem</span> <span class='ocrx_word' id='word_1_112' title='bbox 1183 1697 1207 1741; x_wconf 91' lang='lat' dir='ltr'>et</span> <span class='ocrx_word' id='word_1_113' title='bbox 1226 1690 1310 1742; x_wconf 77' lang='lat' dir='ltr'>hlium.</span> 
     </span>
     <span class='ocr_line' id='line_1_14' title="bbox 202 1771 1387 1837; baseline 0.008 -17"><span class='ocrx_word' id='word_1_114' title='bbox 202 1772 270 1821; x_wconf 76' lang='lat' dir='ltr'>heth.</span> <span class='ocrx_word' id='word_1_115' title='bbox 295 1771 415 1822; x_wconf 85' lang='lat' dir='ltr'>Diaconos</span> <span class='ocrx_word' id='word_1_116' title='bbox 439 1779 533 1823; x_wconf 86' lang='lat' dir='ltr'>cantato</span> <span class='ocrx_word' id='word_1_117' title='bbox 551 1771 686 1825; x_wconf 85' lang='lat' dir='ltr'>Cheruhico</span> <span class='ocrx_word' id='word_1_118' title='bbox 712 1772 800 1837; x_wconf 71' lang='lat' dir='ltr'>hymno</span> <span class='ocrx_word' id='word_1_119' title='bbox 818 1772 889 1823; x_wconf 88' lang='lat' dir='ltr'>dicit:</span> <span class='ocrx_word' id='word_1_120' title='bbox 913 1772 1009 1836; x_wconf 87' lang='lat' dir='ltr'>Surgite</span> <span class='ocrx_word' id='word_1_121' title='bbox 1027 1772 1057 1823; x_wconf 90' lang='lat' dir='ltr'>ad</span> <span class='ocrx_word' id='word_1_122' title='bbox 1075 1774 1217 1824; x_wconf 86' lang='lat' dir='ltr'>orationem.</span> <span class='ocrx_word' id='word_1_123' title='bbox 1236 1772 1387 1829; x_wconf 78' lang='lat' dir='ltr'>&#39;Sacerdost</span> 
     </span>
     <span class='ocr_line' id='line_1_15' title="bbox 132 1840 1353 1906; baseline 0.001 -4"><span class='ocrx_word' id='word_1_124' title='bbox 132 1852 170 1902; x_wconf 83' lang='lat' dir='ltr'>Par</span> <span class='ocrx_word' id='word_1_125' title='bbox 184 1856 250 1904; x_wconf 75' lang='lat' dir='ltr'>vohis</span> <span class='ocrx_word' id='word_1_126' title='bbox 269 1857 391 1906; x_wconf 90' lang='lat' dir='ltr'>omnihus.</span> <span class='ocrx_word' id='word_1_127' title='bbox 1340 1840 1353 1881; x_wconf 74' lang='lat'>·&#39;</span> 
     </span>
     <span class='ocr_line' id='line_1_16' title="bbox 203 1940 1388 2008; baseline 0.006 -20"><span class='ocrx_word' id='word_1_128' title='bbox 203 1940 232 1989; x_wconf 84' lang='lat' dir='ltr'>Et</span> <span class='ocrx_word' id='word_1_129' title='bbox 256 1942 365 2004; x_wconf 88' lang='lat' dir='ltr'>sequitur</span> <span class='ocrx_word' id='word_1_130' title='bbox 381 1940 524 2006; x_wconf 70' lang='lat' dir='ltr'>Deprecatio</span> <span class='ocrx_word' id='word_1_131' title='bbox 542 1956 587 2007; x_wconf 94' lang='lat' dir='ltr'>pro</span> <span class='ocrx_word' id='word_1_132' title='bbox 606 1941 719 2002; x_wconf 87' lang='lat' dir='ltr'>ecclesia,</span> <span class='ocrx_word' id='word_1_133' title='bbox 736 1956 781 2007; x_wconf 91' lang='lat' dir='ltr'>pro</span> <span class='ocrx_word' id='word_1_134' title='bbox 799 1954 868 2007; x_wconf 88' lang='lat' dir='ltr'>paee,</span> <span class='ocrx_word' id='word_1_135' title='bbox 894 1953 938 2005; x_wconf 92' lang='lat' dir='ltr'>pro</span> <span class='ocrx_word' id='word_1_136' title='bbox 958 1940 1020 2002; x_wconf 82' lang='lat' dir='ltr'>Rege</span> <span class='ocrx_word' id='word_1_137' title='bbox 1039 1946 1062 1989; x_wconf 86' lang='lat' dir='ltr'>ct</span> <span class='ocrx_word' id='word_1_138' title='bbox 1079 1940 1182 1989; x_wconf 84' lang='lat' dir='ltr'>exercitu</span> <span class='ocrx_word' id='word_1_139' title='bbox 1201 1942 1261 2004; x_wconf 88' lang='lat' dir='ltr'>eius,</span> <span class='ocrx_word' id='word_1_140' title='bbox 1280 1958 1324 2008; x_wconf 91' lang='lat' dir='ltr'>pro</span> <span class='ocrx_word' id='word_1_141' title='bbox 1343 1945 1388 1995; x_wconf 87' lang='lat' dir='ltr'>Pa-</span> 
     </span>
     <span class='ocr_line' id='line_1_17' title="bbox 132 2023 1388 2091; baseline 0.006 -19"><span class='ocrx_word' id='word_1_142' title='bbox 132 2023 227 2073; x_wconf 87' lang='lat' dir='ltr'>triurchis</span> <span class='ocrx_word' id='word_1_143' title='bbox 239 2024 379 2089; x_wconf 75' lang='lat' dir='ltr'>Aethiopiae</span> <span class='ocrx_word' id='word_1_144' title='bbox 397 2033 420 2075; x_wconf 93' lang='lat' dir='ltr'>et</span> <span class='ocrx_word' id='word_1_145' title='bbox 432 2025 595 2088; x_wconf 73' lang='lat' dir='ltr'>Alexandriae,</span> <span class='ocrx_word' id='word_1_146' title='bbox 613 2026 740 2090; x_wconf 86' lang='lat' dir='ltr'>Episcopis</span> <span class='ocrx_word' id='word_1_147' title='bbox 758 2034 782 2075; x_wconf 89' lang='lat' dir='ltr'>et</span> <span class='ocrx_word' id='word_1_148' title='bbox 799 2025 864 2075; x_wconf 87' lang='lat' dir='ltr'>omni</span> <span class='ocrx_word' id='word_1_149' title='bbox 883 2023 957 2084; x_wconf 89' lang='lat' dir='ltr'>clero,</span> <span class='ocrx_word' id='word_1_150' title='bbox 976 2037 1020 2087; x_wconf 90' lang='lat' dir='ltr'>pro</span> <span class='ocrx_word' id='word_1_151' title='bbox 1039 2024 1230 2086; x_wconf 87' lang='lat' dir='ltr'>congregatione.</span> <span class='ocrx_word' id='word_1_152' title='bbox 1266 2026 1388 2091; x_wconf 83' lang='lat' dir='ltr'>Populus:</span> 
     </span>
     <span class='ocr_line' id='line_1_18' title="bbox 134 2105 1389 2173; baseline 0.004 -17"><span class='ocrx_word' id='word_1_153' title='bbox 134 2105 222 2159; x_wconf 79' lang='lat' dir='ltr'>heredia</span> <span class='ocrx_word' id='word_1_154' title='bbox 241 2110 419 2172; x_wconf 86' lang='lat' dir='ltr'>congregationi</span> <span class='ocrx_word' id='word_1_155' title='bbox 443 2118 541 2160; x_wconf 89' lang='lat' dir='ltr'>nostras</span> <span class='ocrx_word' id='word_1_156' title='bbox 559 2117 583 2159; x_wconf 91' lang='lat' dir='ltr'>ct</span> <span class='ocrx_word' id='word_1_157' title='bbox 600 2124 714 2160; x_wconf 80' lang='lat' dir='ltr'>conserve</span> <span class='ocrx_word' id='word_1_158' title='bbox 733 2123 785 2158; x_wconf 87' lang='lat' dir='ltr'>earu</span> <span class='ocrx_word' id='word_1_159' title='bbox 803 2110 828 2159; x_wconf 89' lang='lat' dir='ltr'>in</span> <span class='ocrx_word' id='word_1_160' title='bbox 845 2122 912 2173; x_wconf 89' lang='lat' dir='ltr'>pace.</span> <span class='ocrx_word' id='word_1_161' title='bbox 948 2107 1048 2171; x_wconf 79' lang='lat' dir='ltr'>Moxque</span> <span class='ocrx_word' id='word_1_162' title='bbox 1068 2107 1149 2157; x_wconf 84' lang='lat' dir='ltr'>dicunt</span> <span class='ocrx_word' id='word_1_163' title='bbox 1166 2108 1304 2171; x_wconf 77' lang='lat' dir='ltr'>Symbolum</span> <span class='ocrx_word' id='word_1_164' title='bbox 1331 2111 1389 2161; x_wconf 87' lang='lat' dir='ltr'>tidei</span> 
     </span>
     <span class='ocr_line' id='line_1_19' title="bbox 135 2190 1388 2259; baseline 0.005 -19"><span class='ocrx_word' id='word_1_165' title='bbox 135 2190 250 2243; x_wconf 82' lang='lat' dir='ltr'>hicacuum</span> <span class='ocrx_word' id='word_1_166' title='bbox 273 2196 390 2254; x_wconf 88' lang='lat' dir='ltr'>(unicum,</span> <span class='ocrx_word' id='word_1_167' title='bbox 414 2195 454 2259; x_wconf 90' lang='lat' dir='ltr'>qui</span> <span class='ocrx_word' id='word_1_168' title='bbox 478 2203 529 2245; x_wconf 86' lang='lat' dir='ltr'>erat</span> <span class='ocrx_word' id='word_1_169' title='bbox 553 2209 607 2246; x_wconf 85' lang='lat' dir='ltr'>cum</span> <span class='ocrx_word' id='word_1_170' title='bbox 626 2209 654 2244; x_wconf 93' lang='lat' dir='ltr'>eo</span> <span class='ocrx_word' id='word_1_171' title='bbox 673 2202 800 2259; x_wconf 74' lang='lat' dir='ltr'>antequem</span> <span class='ocrx_word' id='word_1_172' title='bbox 820 2200 943 2243; x_wconf 86' lang='lat' dir='ltr'>crearetur</span> <span class='ocrx_word' id='word_1_173' title='bbox 960 2191 1113 2240; x_wconf 87' lang='lat' dir='ltr'>mundus-</span> <span class='ocrx_word' id='word_1_174' title='bbox 1131 2215 1162 2228; x_wconf 92' lang='lat'>-·</span> <span class='ocrx_word' id='word_1_175' title='bbox 1182 2193 1306 2256; x_wconf 90' lang='lat' dir='ltr'>aequalem</span> <span class='ocrx_word' id='word_1_176' title='bbox 1324 2195 1388 2246; x_wconf 90' lang='lat' dir='ltr'>Patri</span> 
     </span>
     <span class='ocr_line' id='line_1_20' title="bbox 135 2274 1385 2341; baseline 0.004 -16"><span class='ocrx_word' id='word_1_177' title='bbox 135 2277 251 2327; x_wconf 70' lang='lat' dir='ltr'>modum</span> <span class='ocrx_word' id='word_1_178' title='bbox 269 2278 414 2327; x_wconf 77' lang='lat' dir='ltr'>diuinitatem</span> <span class='ocrx_word' id='word_1_179' title='bbox 429 2293 497 2328; x_wconf 91' lang='lat' dir='ltr'>suam</span> <span class='ocrx_word' id='word_1_180' title='bbox 514 2305 547 2316; x_wconf 90' lang='lat'>-</span> <span class='ocrx_word' id='word_1_181' title='bbox 565 2280 627 2329; x_wconf 87' lang='lat' dir='ltr'>iacta</span> <span class='ocrx_word' id='word_1_182' title='bbox 644 2287 701 2328; x_wconf 88' lang='lat' dir='ltr'>sunt</span> <span class='ocrx_word' id='word_1_183' title='bbox 718 2278 812 2335; x_wconf 75' lang='lat' dir='ltr'>etsiue</span> <span class='ocrx_word' id='word_1_184' title='bbox 829 2278 883 2341; x_wconf 89' lang='lat' dir='ltr'>ipso</span> <span class='ocrx_word' id='word_1_185' title='bbox 902 2277 990 2325; x_wconf 87' lang='lat' dir='ltr'>iactum</span> <span class='ocrx_word' id='word_1_186' title='bbox 1010 2283 1047 2326; x_wconf 87' lang='lat' dir='ltr'>est</span> <span class='ocrx_word' id='word_1_187' title='bbox 1064 2274 1122 2325; x_wconf 90' lang='lat' dir='ltr'>nihil</span> <span class='ocrx_word' id='word_1_188' title='bbox 1142 2275 1304 2341; x_wconf 80' lang='lat' dir='ltr'>quidquamiu</span> <span class='ocrx_word' id='word_1_189' title='bbox 1317 2280 1385 2330; x_wconf 91' lang='lat' dir='ltr'>coelo</span> 
     </span>
     <span class='ocr_line' id='line_1_21' title="bbox 137 2359 1388 2428; baseline 0.004 -19"><span class='ocrx_word' id='word_1_190' title='bbox 137 2366 156 2407; x_wconf 88' lang='lat' dir='ltr'>et</span> <span class='ocrx_word' id='word_1_191' title='bbox 172 2361 192 2411; x_wconf 89' lang='lat' dir='ltr'>ir</span> <span class='ocrx_word' id='word_1_192' title='bbox 213 2370 276 2411; x_wconf 88' lang='lat' dir='ltr'>terra</span> <span class='ocrx_word' id='word_1_193' title='bbox 294 2388 328 2397; x_wconf 92' lang='lat'><em>-</em></span> <span class='ocrx_word' id='word_1_194' title='bbox 346 2377 374 2410; x_wconf 86' lang='lat' dir='ltr'>er</span> <span class='ocrx_word' id='word_1_195' title='bbox 392 2362 464 2412; x_wconf 85' lang='lat' dir='ltr'>hieria</span> <span class='ocrx_word' id='word_1_196' title='bbox 487 2363 577 2425; x_wconf 82' lang='lat' dir='ltr'>virgine</span> <span class='ocrx_word' id='word_1_197' title='bbox 594 2371 676 2414; x_wconf 89' lang='lat' dir='ltr'>sancta</span> <span class='ocrx_word' id='word_1_198' title='bbox 696 2388 728 2401; x_wconf 90' lang='lat'>-</span> <span class='ocrx_word' id='word_1_199' title='bbox 746 2362 904 2426; x_wconf 72' lang='lat' dir='ltr'>-,ascendit</span> <span class='ocrx_word' id='word_1_200' title='bbox 922 2375 975 2409; x_wconf 91' lang='lat' dir='ltr'>cum</span> <span class='ocrx_word' id='word_1_201' title='bbox 994 2359 1070 2421; x_wconf 85' lang='lat' dir='ltr'>glorie</span> <span class='ocrx_word' id='word_1_202' title='bbox 1088 2385 1121 2395; x_wconf 99' lang='lat'>-</span> <span class='ocrx_word' id='word_1_203' title='bbox 1139 2360 1179 2424; x_wconf 91' lang='lat' dir='ltr'>qui</span> <span class='ocrx_word' id='word_1_204' title='bbox 1198 2375 1225 2410; x_wconf 83' lang='lat' dir='ltr'>er</span> <span class='ocrx_word' id='word_1_205' title='bbox 1241 2371 1310 2427; x_wconf 85' lang='lat' dir='ltr'>patre</span> <span class='ocrx_word' id='word_1_206' title='bbox 1328 2380 1388 2428; x_wconf 91' lang='lat' dir='ltr'>pro·</span> 
     </span>
     <span class='ocr_line' id='line_1_22' title="bbox 137 2442 1449 2514; baseline -0.001 -20"><span class='ocrx_word' id='word_1_207' title='bbox 137 2442 201 2503; x_wconf 72' lang='lat' dir='ltr'>cedit).</span> <span class='ocrx_word' id='word_1_208' title='bbox 235 2445 324 2495; x_wconf 87' lang='lat' dir='ltr'>iterum</span> <span class='ocrx_word' id='word_1_209' title='bbox 344 2454 413 2495; x_wconf 91' lang='lat' dir='ltr'>orant</span> <span class='ocrx_word' id='word_1_210' title='bbox 430 2461 474 2510; x_wconf 88' lang='lat' dir='ltr'>pro</span> <span class='ocrx_word' id='word_1_211' title='bbox 493 2449 687 2510; x_wconf 71' lang='lat' dir='ltr'>congregatione.</span> <span class='ocrx_word' id='word_1_212' title='bbox 722 2447 856 2514; x_wconf 67' lang='lat' dir='ltr'>diaconus:</span> <span class='ocrx_word' id='word_1_213' title='bbox 875 2444 947 2494; x_wconf 89' lang='lat' dir='ltr'>Orate</span> <span class='ocrx_word' id='word_1_214' title='bbox 965 2458 1009 2508; x_wconf 92' lang='lat' dir='ltr'>pro</span> <span class='ocrx_word' id='word_1_215' title='bbox 1028 2458 1086 2507; x_wconf 88' lang='lat' dir='ltr'>paee</span> <span class='ocrx_word' id='word_1_216' title='bbox 1103 2445 1387 2508; x_wconf 85' lang='lat' dir='ltr'>perlectaetamicasa-</span> <span class='ocrx_word' id='word_1_217' title='bbox 1445 2480 1449 2493; x_wconf 82' lang='lat'>.</span> 
     </span>
     <span class='ocr_line' id='line_1_23' title="bbox 138 2525 1387 2595; baseline 0.007 -21"><span class='ocrx_word' id='word_1_218' title='bbox 138 2525 234 2579; x_wconf 81' lang='lat' dir='ltr'>tutatione</span> <span class='ocrx_word' id='word_1_219' title='bbox 252 2531 394 2595; x_wconf 88' lang='lat' dir='ltr'>apostolica.</span> <span class='ocrx_word' id='word_1_220' title='bbox 413 2530 588 2595; x_wconf 79' lang='lat' dir='ltr'>Amplectimiui</span> <span class='ocrx_word' id='word_1_221' title='bbox 607 2533 715 2581; x_wconf 80' lang='lat' dir='ltr'>inuicem.</span> <span class='ocrx_word' id='word_1_222' title='bbox 743 2532 788 2590; x_wconf 80' lang='lat' dir='ltr'>Qui</span> <span class='ocrx_word' id='word_1_223' title='bbox 807 2545 854 2580; x_wconf 91' lang='lat' dir='ltr'>non</span> <span class='ocrx_word' id='word_1_224' title='bbox 873 2527 1054 2579; x_wconf 85' lang='lat' dir='ltr'>communicetis</span> <span class='ocrx_word' id='word_1_225' title='bbox 1073 2529 1147 2578; x_wconf 84' lang='lat' dir='ltr'>exite:</span> <span class='ocrx_word' id='word_1_226' title='bbox 1166 2530 1206 2593; x_wconf 91' lang='lat' dir='ltr'>qui</span> <span class='ocrx_word' id='word_1_227' title='bbox 1224 2534 1387 2584; x_wconf 87' lang='lat' dir='ltr'>communica-</span> 
     </span>
     <span class='ocr_line' id='line_1_24' title="bbox 137 2612 1387 2680; baseline 0.007 -21"><span class='ocrx_word' id='word_1_228' title='bbox 137 2612 160 2659; x_wconf 81' lang='lat' dir='ltr'>tis</span> <span class='ocrx_word' id='word_1_229' title='bbox 174 2614 328 2677; x_wconf 80' lang='lat' dir='ltr'>ampleximini</span> <span class='ocrx_word' id='word_1_230' title='bbox 348 2615 445 2664; x_wconf 82' lang='lat' dir='ltr'>invicem</span> <span class='ocrx_word' id='word_1_231' title='bbox 464 2616 487 2665; x_wconf 92' lang='lat' dir='ltr'>in</span> <span class='ocrx_word' id='word_1_232' title='bbox 506 2616 654 2680; x_wconf 90' lang='lat' dir='ltr'>plenitudiue</span> <span class='ocrx_word' id='word_1_233' title='bbox 673 2616 752 2665; x_wconf 88' lang='lat' dir='ltr'>cordis</span> <span class='ocrx_word' id='word_1_234' title='bbox 771 2615 856 2664; x_wconf 83' lang='lat' dir='ltr'>vestri:</span> <span class='ocrx_word' id='word_1_235' title='bbox 875 2613 915 2678; x_wconf 87' lang='lat' dir='ltr'>qui</span> <span class='ocrx_word' id='word_1_236' title='bbox 933 2613 1152 2663; x_wconf 89' lang='lat' dir='ltr'>communicaturus</span> <span class='ocrx_word' id='word_1_237' title='bbox 1169 2622 1207 2664; x_wconf 87' lang='lat' dir='ltr'>est</span> <span class='ocrx_word' id='word_1_238' title='bbox 1224 2617 1343 2667; x_wconf 86' lang='lat' dir='ltr'>custodiat</span> <span class='ocrx_word' id='word_1_239' title='bbox 1359 2634 1387 2668; x_wconf 91' lang='lat' dir='ltr'>se</span> 
     </span>
     <span class='ocr_line' id='line_1_25' title="bbox 139 2697 1466 2801; baseline 0.005 -55"><span class='ocrx_word' id='word_1_240' title='bbox 139 2699 224 2747; x_wconf 72' lang='lat' dir='ltr'>aneio.</span> <span class='ocrx_word' id='word_1_241' title='bbox 258 2700 393 2748; x_wconf 84' lang='lat' dir='ltr'>Sacerdos:</span> <span class='ocrx_word' id='word_1_242' title='bbox 412 2700 512 2750; x_wconf 87' lang='lat' dir='ltr'>Domine</span> <span class='ocrx_word' id='word_1_243' title='bbox 529 2716 573 2764; x_wconf 91' lang='lat' dir='ltr'>per</span> <span class='ocrx_word' id='word_1_244' title='bbox 591 2701 761 2762; x_wconf 76' lang='lat' dir='ltr'>benignitatem</span> <span class='ocrx_word' id='word_1_245' title='bbox 779 2707 843 2749; x_wconf 90' lang='lat' dir='ltr'>tuam</span> <span class='ocrx_word' id='word_1_246' title='bbox 862 2698 936 2762; x_wconf 91' lang='lat' dir='ltr'>imple</span> <span class='ocrx_word' id='word_1_247' title='bbox 955 2697 1026 2747; x_wconf 92' lang='lat' dir='ltr'>corda</span> <span class='ocrx_word' id='word_1_248' title='bbox 1045 2705 1127 2747; x_wconf 86' lang='lat' dir='ltr'>nostra</span> <span class='ocrx_word' id='word_1_249' title='bbox 1145 2712 1204 2762; x_wconf 89' lang='lat' dir='ltr'>pace</span> <span class='ocrx_word' id='word_1_250' title='bbox 1216 2704 1386 2753; x_wconf 90' lang='lat' dir='ltr'>tuaotmunda</span> <span class='ocrx_word' id='word_1_251' title='bbox 1432 2724 1466 2801; x_wconf 53' lang='grc'>4</span> 
     </span>
     <span class='ocr_line' id='line_1_26' title="bbox 140 2781 1386 2847; baseline 0.007 -18"><span class='ocrx_word' id='word_1_252' title='bbox 140 2793 172 2829; x_wconf 89' lang='lat' dir='ltr'>uos</span> <span class='ocrx_word' id='word_1_253' title='bbox 191 2784 217 2832; x_wconf 88' lang='lat' dir='ltr'>ah</span> <span class='ocrx_word' id='word_1_254' title='bbox 245 2786 309 2833; x_wconf 91' lang='lat' dir='ltr'>omni</span> <span class='ocrx_word' id='word_1_255' title='bbox 336 2784 428 2833; x_wconf 88' lang='lat' dir='ltr'>macula</span> <span class='ocrx_word' id='word_1_256' title='bbox 447 2793 470 2834; x_wconf 88' lang='lat' dir='ltr'>et</span> <span class='ocrx_word' id='word_1_257' title='bbox 487 2785 645 2847; x_wconf 86' lang='lat' dir='ltr'>immunditia,</span> <span class='ocrx_word' id='word_1_258' title='bbox 663 2785 694 2835; x_wconf 89' lang='lat' dir='ltr'>ab</span> <span class='ocrx_word' id='word_1_259' title='bbox 712 2785 778 2835; x_wconf 88' lang='lat' dir='ltr'>omui</span> <span class='ocrx_word' id='word_1_260' title='bbox 795 2783 911 2833; x_wconf 83' lang='lat' dir='ltr'>uindictae</span> <span class='ocrx_word' id='word_1_261' title='bbox 929 2782 1017 2842; x_wconf 86' lang='lat' dir='ltr'>studio,</span> <span class='ocrx_word' id='word_1_262' title='bbox 1036 2781 1065 2830; x_wconf 86' lang='lat' dir='ltr'>ab</span> <span class='ocrx_word' id='word_1_263' title='bbox 1084 2782 1178 2844; x_wconf 82' lang='lat' dir='ltr'>inuidia,</span> <span class='ocrx_word' id='word_1_264' title='bbox 1205 2793 1228 2834; x_wconf 93' lang='lat' dir='ltr'>et</span> <span class='ocrx_word' id='word_1_265' title='bbox 1246 2786 1386 2839; x_wconf 86' lang='lat' dir='ltr'>iniuriarum</span> 
     </span>
     <span class='ocr_line' id='line_1_27' title="bbox 140 2866 1387 2930; baseline 0.009 -19"><span class='ocrx_word' id='word_1_266' title='bbox 140 2868 284 2918; x_wconf 83' lang='lat' dir='ltr'>recordatione</span> <span class='ocrx_word' id='word_1_267' title='bbox 310 2868 411 2918; x_wconf 77' lang='lat' dir='ltr'>letifera.</span> <span class='ocrx_word' id='word_1_268' title='bbox 447 2869 547 2919; x_wconf 84' lang='lat' dir='ltr'>Domine</span> <span class='ocrx_word' id='word_1_269' title='bbox 572 2870 610 2919; x_wconf 87' lang='lat' dir='ltr'>lac</span> <span class='ocrx_word' id='word_1_270' title='bbox 630 2883 675 2918; x_wconf 89' lang='lat' dir='ltr'>nos</span> <span class='ocrx_word' id='word_1_271' title='bbox 701 2884 786 2919; x_wconf 90' lang='lat' dir='ltr'>omnes</span> <span class='ocrx_word' id='word_1_272' title='bbox 805 2869 890 2930; x_wconf 88' lang='lat' dir='ltr'>dignos</span> <span class='ocrx_word' id='word_1_273' title='bbox 909 2875 934 2915; x_wconf 92' lang='lat' dir='ltr'>ut</span> <span class='ocrx_word' id='word_1_274' title='bbox 952 2866 1124 2930; x_wconf 86' lang='lat' dir='ltr'>amplectamur</span> <span class='ocrx_word' id='word_1_275' title='bbox 1142 2867 1241 2919; x_wconf 83' lang='lat' dir='ltr'>inuicem</span> <span class='ocrx_word' id='word_1_276' title='bbox 1260 2871 1284 2920; x_wconf 90' lang='lat' dir='ltr'>in</span> <span class='ocrx_word' id='word_1_277' title='bbox 1302 2873 1387 2922; x_wconf 86' lang='lat' dir='ltr'>osculo</span> 
     </span>
     <span class='ocr_line' id='line_1_28' title="bbox 140 2950 1387 3018; baseline 0.006 -20"><span class='ocrx_word' id='word_1_278' title='bbox 140 2959 211 3011; x_wconf 71' lang='lat' dir='ltr'>eudo,</span> <span class='ocrx_word' id='word_1_279' title='bbox 238 2961 262 3001; x_wconf 92' lang='lat' dir='ltr'>ut</span> <span class='ocrx_word' id='word_1_280' title='bbox 286 2953 448 3016; x_wconf 80' lang='lat' dir='ltr'>percipiamus</span> <span class='ocrx_word' id='word_1_281' title='bbox 473 2954 564 3018; x_wconf 89' lang='lat' dir='ltr'>absque</span> <span class='ocrx_word' id='word_1_282' title='bbox 583 2954 782 3004; x_wconf 86' lang='lat' dir='ltr'>condemnatione</span> <span class='ocrx_word' id='word_1_283' title='bbox 799 2952 888 3001; x_wconf 91' lang='lat' dir='ltr'>donum</span> <span class='ocrx_word' id='word_1_284' title='bbox 908 2959 974 3000; x_wconf 91' lang='lat' dir='ltr'>tuum</span> <span class='ocrx_word' id='word_1_285' title='bbox 993 2950 1097 3000; x_wconf 86' lang='lat' dir='ltr'>coeleste</span> <span class='ocrx_word' id='word_1_286' title='bbox 1115 2959 1139 3000; x_wconf 90' lang='lat' dir='ltr'>et</span> <span class='ocrx_word' id='word_1_287' title='bbox 1156 2952 1300 3016; x_wconf 81' lang='lat' dir='ltr'>immortale,</span> <span class='ocrx_word' id='word_1_288' title='bbox 1325 2958 1387 3006; x_wconf 88' lang='lat' dir='ltr'>sicut</span> 
     </span>
     <span class='ocr_line' id='line_1_29' title="bbox 140 3032 1385 3102; baseline 0.007 -21"><span class='ocrx_word' id='word_1_289' title='bbox 140 3032 189 3084; x_wconf 86' lang='lat' dir='ltr'>decet</span> <span class='ocrx_word' id='word_1_290' title='bbox 211 3039 308 3098; x_wconf 88' lang='lat' dir='ltr'>gratiam</span> <span class='ocrx_word' id='word_1_291' title='bbox 333 3045 406 3087; x_wconf 90' lang='lat' dir='ltr'>tuam.</span> <span class='ocrx_word' id='word_1_292' title='bbox 441 3039 561 3102; x_wconf 88' lang='lat' dir='ltr'>Populus:</span> <span class='ocrx_word' id='word_1_293' title='bbox 587 3039 681 3088; x_wconf 87' lang='lat' dir='ltr'>Christe</span> <span class='ocrx_word' id='word_1_294' title='bbox 699 3038 762 3087; x_wconf 83' lang='lat' dir='ltr'>Deus</span> <span class='ocrx_word' id='word_1_295' title='bbox 781 3045 864 3087; x_wconf 89' lang='lat' dir='ltr'>noster</span> <span class='ocrx_word' id='word_1_296' title='bbox 887 3036 927 3086; x_wconf 84' lang='lat' dir='ltr'>lac</span> <span class='ocrx_word' id='word_1_297' title='bbox 949 3049 994 3084; x_wconf 87' lang='lat' dir='ltr'>nos</span> <span class='ocrx_word' id='word_1_298' title='bbox 1019 3035 1104 3096; x_wconf 87' lang='lat' dir='ltr'>dignos</span> <span class='ocrx_word' id='word_1_299' title='bbox 1122 3034 1241 3086; x_wconf 86' lang='lat' dir='ltr'>salutandi</span> <span class='ocrx_word' id='word_1_300' title='bbox 1260 3046 1283 3088; x_wconf 89' lang='lat' dir='ltr'>to</span> <span class='ocrx_word' id='word_1_301' title='bbox 1301 3039 1385 3090; x_wconf 92' lang='lat' dir='ltr'>osculo</span> 
     </span>
     <span class='ocr_line' id='line_1_30' title="bbox 140 3119 1385 3186; baseline 0.007 -21"><span class='ocrx_word' id='word_1_302' title='bbox 140 3131 202 3170; x_wconf 79' lang='lat' dir='ltr'>rareto</span> <span class='ocrx_word' id='word_1_303' title='bbox 219 3130 240 3170; x_wconf 89' lang='lat' dir='ltr'>et</span> <span class='ocrx_word' id='word_1_304' title='bbox 259 3122 367 3181; x_wconf 86' lang='lat' dir='ltr'>coelesti,</span> <span class='ocrx_word' id='word_1_305' title='bbox 387 3130 412 3171; x_wconf 89' lang='lat' dir='ltr'>ut</span> <span class='ocrx_word' id='word_1_306' title='bbox 424 3122 548 3172; x_wconf 87' lang='lat' dir='ltr'>laudemus</span> <span class='ocrx_word' id='word_1_307' title='bbox 559 3130 581 3172; x_wconf 87' lang='grc' dir='ltr'><strong><em>ιο</em></strong></span> <span class='ocrx_word' id='word_1_308' title='bbox 593 3138 647 3173; x_wconf 90' lang='lat' dir='ltr'>cum</span> <span class='ocrx_word' id='word_1_309' title='bbox 657 3123 785 3173; x_wconf 78' lang='lat' dir='ltr'>Cherubim</span> <span class='ocrx_word' id='word_1_310' title='bbox 797 3131 820 3172; x_wconf 86' lang='lat' dir='ltr'>et</span> <span class='ocrx_word' id='word_1_311' title='bbox 830 3121 955 3186; x_wconf 88' lang='lat' dir='ltr'>Seraphim</span> <span class='ocrx_word' id='word_1_312' title='bbox 968 3127 991 3169; x_wconf 89' lang='lat' dir='ltr'>et</span> <span class='ocrx_word' id='word_1_313' title='bbox 999 3119 1130 3168; x_wconf 84' lang='lat' dir='ltr'>clamemus</span> <span class='ocrx_word' id='word_1_314' title='bbox 1141 3119 1256 3171; x_wconf 89' lang='lat' dir='ltr'>dicendo:</span> <span class='ocrx_word' id='word_1_315' title='bbox 1274 3123 1385 3186; x_wconf 88' lang='lat' dir='ltr'>Sanctus,</span> 
     </span>
     <span class='ocr_line' id='line_1_31' title="bbox 139 3200 1386 3271; baseline 0.005 -18"><span class='ocrx_word' id='word_1_316' title='bbox 139 3200 190 3253; x_wconf 79' lang='lat' dir='ltr'>tS.</span> <span class='ocrx_word' id='word_1_317' title='bbox 205 3209 366 3270; x_wconf 84' lang='lat' dir='ltr'>omnipotens,</span> <span class='ocrx_word' id='word_1_318' title='bbox 385 3205 450 3270; x_wconf 90' lang='lat' dir='ltr'>pleni</span> <span class='ocrx_word' id='word_1_319' title='bbox 468 3215 524 3257; x_wconf 89' lang='lat' dir='ltr'>suut</span> <span class='ocrx_word' id='word_1_320' title='bbox 542 3207 602 3256; x_wconf 92' lang='lat' dir='ltr'>coeli</span> <span class='ocrx_word' id='word_1_321' title='bbox 619 3216 642 3257; x_wconf 92' lang='lat' dir='ltr'>et</span> <span class='ocrx_word' id='word_1_322' title='bbox 660 3216 722 3257; x_wconf 89' lang='lat' dir='ltr'>terra</span> <span class='ocrx_word' id='word_1_323' title='bbox 747 3206 822 3269; x_wconf 88' lang='lat' dir='ltr'>gloria</span> <span class='ocrx_word' id='word_1_324' title='bbox 847 3213 894 3255; x_wconf 92' lang='lat' dir='ltr'>tua.</span> <span class='ocrx_word' id='word_1_325' title='bbox 931 3203 1033 3254; x_wconf 85' lang='lat' dir='ltr'>Posthac</span> <span class='ocrx_word' id='word_1_326' title='bbox 1056 3204 1134 3253; x_wconf 89' lang='lat' dir='ltr'>denuo</span> <span class='ocrx_word' id='word_1_327' title='bbox 1163 3213 1215 3255; x_wconf 91' lang='lat' dir='ltr'>orat</span> <span class='ocrx_word' id='word_1_328' title='bbox 1237 3222 1281 3271; x_wconf 89' lang='lat' dir='ltr'>pro</span> <span class='ocrx_word' id='word_1_329' title='bbox 1306 3209 1386 3259; x_wconf 87' lang='lat' dir='ltr'>eccle·</span> 
     </span>
     <span class='ocr_line' id='line_1_32' title="bbox 139 3285 1386 3357; baseline 0.01 -24"><span class='ocrx_word' id='word_1_330' title='bbox 139 3285 162 3332; x_wconf 83' lang='lat' dir='ltr'>tir</span> <span class='ocrx_word' id='word_1_331' title='bbox 175 3298 215 3339; x_wconf 90' lang='lat' dir='ltr'>etc.</span> <span class='ocrx_word' id='word_1_332' title='bbox 233 3298 277 3339; x_wconf 81' lang='lat' dir='ltr'>etc</span> <span class='ocrx_word' id='word_1_333' title='bbox 314 3290 360 3339; x_wconf 84' lang='lat' dir='ltr'>Per</span> <span class='ocrx_word' id='word_1_334' title='bbox 369 3289 516 3354; x_wconf 85' lang='lat' dir='ltr'>Stephanum</span> <span class='ocrx_word' id='word_1_335' title='bbox 524 3294 744 3356; x_wconf 73' lang='lat' dir='ltr'>protomartyrem,</span> <span class='ocrx_word' id='word_1_336' title='bbox 763 3290 901 3340; x_wconf 87' lang='lat' dir='ltr'>Zachariam</span> <span class='ocrx_word' id='word_1_337' title='bbox 919 3289 1070 3338; x_wconf 82' lang='lat' dir='ltr'>sacerdotem</span> <span class='ocrx_word' id='word_1_338' title='bbox 1084 3297 1106 3337; x_wconf 92' lang='lat' dir='ltr'>et</span> <span class='ocrx_word' id='word_1_339' title='bbox 1124 3287 1237 3341; x_wconf 86' lang='lat' dir='ltr'>loannem</span> <span class='ocrx_word' id='word_1_340' title='bbox 1255 3291 1386 3357; x_wconf 87' lang='lat' dir='ltr'>Baptistam</span> 
     </span>
     <span class='ocr_line' id='line_1_33' title="bbox 139 3373 1388 3437; baseline 0.005 -18"><span class='ocrx_word' id='word_1_341' title='bbox 139 3374 201 3424; x_wconf 82' lang='lat' dir='ltr'>cardi</span> <span class='ocrx_word' id='word_1_342' title='bbox 224 3389 276 3424; x_wconf 91' lang='lat' dir='ltr'>nos.</span> <span class='ocrx_word' id='word_1_343' title='bbox 313 3375 391 3425; x_wconf 87' lang='lat' dir='ltr'>Simili</span> <span class='ocrx_word' id='word_1_344' title='bbox 409 3377 501 3426; x_wconf 88' lang='lat' dir='ltr'>ratione</span> <span class='ocrx_word' id='word_1_345' title='bbox 518 3384 738 3427; x_wconf 90' lang='lat' dir='ltr'>commemorantur</span> <span class='ocrx_word' id='word_1_346' title='bbox 754 3390 839 3425; x_wconf 86' lang='lat' dir='ltr'>omnes</span> <span class='ocrx_word' id='word_1_347' title='bbox 856 3374 938 3424; x_wconf 87' lang='lat' dir='ltr'>Sancti</span> <span class='ocrx_word' id='word_1_348' title='bbox 956 3373 1077 3437; x_wconf 75' lang='lat' dir='ltr'>llurtpres,</span> <span class='ocrx_word' id='word_1_349' title='bbox 1103 3373 1131 3423; x_wconf 82' lang='lat' dir='ltr'>tt</span> <span class='ocrx_word' id='word_1_350' title='bbox 1148 3373 1319 3435; x_wconf 81' lang='lat' dir='ltr'>Evangelistae,</span> <span class='ocrx_word' id='word_1_351' title='bbox 1343 3374 1388 3425; x_wconf 80' lang='lat' dir='ltr'>liei</span> 
     </span>
     <span class='ocr_line' id='line_1_34' title="bbox 138 3458 1388 3527; baseline 0.004 -25"><span class='ocrx_word' id='word_1_352' title='bbox 138 3460 225 3520; x_wconf 80' lang='lat' dir='ltr'>genitrix,</span> <span class='ocrx_word' id='word_1_353' title='bbox 248 3459 358 3523; x_wconf 65' lang='lat' dir='ltr'>Apostoli</span> <span class='ocrx_word' id='word_1_354' title='bbox 383 3468 407 3509; x_wconf 88' lang='lat' dir='ltr'>et</span> <span class='ocrx_word' id='word_1_355' title='bbox 429 3461 598 3526; x_wconf 76' lang='lat' dir='ltr'>Apostolorum</span> <span class='ocrx_word' id='word_1_356' title='bbox 623 3460 751 3527; x_wconf 89' lang='lat' dir='ltr'>discipuli,</span> <span class='ocrx_word' id='word_1_357' title='bbox 774 3459 856 3510; x_wconf 82' lang='lat' dir='ltr'>txtttt</span> <span class='ocrx_word' id='word_1_358' title='bbox 879 3459 1004 3523; x_wconf 89' lang='lat' dir='ltr'>discipuli,</span> <span class='ocrx_word' id='word_1_359' title='bbox 1028 3467 1110 3522; x_wconf 87' lang='lat' dir='ltr'>patres</span> <span class='ocrx_word' id='word_1_360' title='bbox 1133 3458 1239 3509; x_wconf 83' lang='lat' dir='ltr'>Nicacni.</span> <span class='ocrx_word' id='word_1_361' title='bbox 1273 3458 1388 3521; x_wconf 89' lang='lat' dir='ltr'>Sequitur</span> 
     </span>
     <span class='ocr_line' id='line_1_35' title="bbox 136 3537 1386 3610; baseline -0.002 -18"><span class='ocrx_word' id='word_1_362' title='bbox 136 3537 233 3592; x_wconf 67' lang='lat' dir='ltr'>lementa</span> <span class='ocrx_word' id='word_1_363' title='bbox 251 3559 297 3608; x_wconf 91' lang='lat' dir='ltr'>pro</span> <span class='ocrx_word' id='word_1_364' title='bbox 316 3544 448 3604; x_wconf 73' lang='lat' dir='ltr'>defunctis,</span> <span class='ocrx_word' id='word_1_365' title='bbox 474 3561 535 3610; x_wconf 89' lang='lat' dir='ltr'>„per</span> <span class='ocrx_word' id='word_1_366' title='bbox 552 3560 637 3610; x_wconf 89' lang='lat' dir='ltr'>preces</span> <span class='ocrx_word' id='word_1_367' title='bbox 656 3554 679 3595; x_wconf 88' lang='lat' dir='ltr'>et</span> <span class='ocrx_word' id='word_1_368' title='bbox 696 3544 878 3610; x_wconf 85' lang='lat' dir='ltr'>deprecationes</span> <span class='ocrx_word' id='word_1_369' title='bbox 897 3558 956 3608; x_wconf 87' lang='lat' dir='ltr'>ques</span> <span class='ocrx_word' id='word_1_370' title='bbox 974 3544 1045 3593; x_wconf 86' lang='lat' dir='ltr'>iaciet</span> <span class='ocrx_word' id='word_1_371' title='bbox 1062 3558 1106 3607; x_wconf 93' lang='lat' dir='ltr'>pro</span> <span class='ocrx_word' id='word_1_372' title='bbox 1125 3543 1195 3592; x_wconf 86' lang='lat' dir='ltr'>nobis</span> <span class='ocrx_word' id='word_1_373' title='bbox 1213 3543 1314 3592; x_wconf 81' lang='lat' dir='ltr'>ueniae</span> <span class='ocrx_word' id='word_1_374' title='bbox 1332 3555 1386 3590; x_wconf 90' lang='lat' dir='ltr'>om·</span> 
     </span>
     <span class='ocr_line' id='line_1_36' title="bbox 136 3624 1385 3694; baseline -0.001 -20"><span class='ocrx_word' id='word_1_375' title='bbox 136 3626 184 3675; x_wconf 77' lang='lat' dir='ltr'>ulum</span> <span class='ocrx_word' id='word_1_376' title='bbox 200 3637 282 3677; x_wconf 82' lang='lat' dir='ltr'>cancta</span> <span class='ocrx_word' id='word_1_377' title='bbox 302 3636 326 3677; x_wconf 89' lang='lat' dir='ltr'>et</span> <span class='ocrx_word' id='word_1_378' title='bbox 343 3644 403 3692; x_wconf 91' lang='lat' dir='ltr'>pura</span> <span class='ocrx_word' id='word_1_379' title='bbox 421 3628 502 3689; x_wconf 75' lang='lat' dir='ltr'>diaria,</span> <span class='ocrx_word' id='word_1_380' title='bbox 520 3630 593 3680; x_wconf 79' lang='lat' dir='ltr'>Mater</span> <span class='ocrx_word' id='word_1_381' title='bbox 612 3630 655 3680; x_wconf 87' lang='lat' dir='ltr'>llei</span> <span class='ocrx_word' id='word_1_382' title='bbox 673 3639 697 3680; x_wconf 91' lang='lat' dir='ltr'>et</span> <span class='ocrx_word' id='word_1_383' title='bbox 714 3645 758 3694; x_wconf 89' lang='lat' dir='ltr'>per</span> <span class='ocrx_word' id='word_1_384' title='bbox 775 3642 860 3692; x_wconf 85' lang='lat' dir='ltr'>preces</span> <span class='ocrx_word' id='word_1_385' title='bbox 879 3642 1018 3690; x_wconf 87' lang='lat' dir='ltr'>magnorum</span> <span class='ocrx_word' id='word_1_386' title='bbox 1038 3627 1190 3676; x_wconf 86' lang='lat' dir='ltr'>luminarium</span> <span class='ocrx_word' id='word_1_387' title='bbox 1210 3624 1318 3685; x_wconf 86' lang='lat' dir='ltr'>hlichuel,</span> <span class='ocrx_word' id='word_1_388' title='bbox 1338 3626 1385 3675; x_wconf 86' lang='lat' dir='ltr'>Ga·</span> 
     </span>
     <span class='ocr_line' id='line_1_37' title="bbox 133 3707 1385 3778; baseline 0.002 -22"><span class='ocrx_word' id='word_1_389' title='bbox 133 3707 187 3768; x_wconf 84' lang='lat' dir='ltr'>lriel,</span> <span class='ocrx_word' id='word_1_390' title='bbox 210 3713 316 3776; x_wconf 72' lang='lat' dir='ltr'>{raphael</span> <span class='ocrx_word' id='word_1_391' title='bbox 340 3721 365 3762; x_wconf 89' lang='lat' dir='ltr'>et</span> <span class='ocrx_word' id='word_1_392' title='bbox 389 3713 468 3762; x_wconf 88' lang='lat' dir='ltr'>Uriel:</span> <span class='ocrx_word' id='word_1_393' title='bbox 493 3722 642 3778; x_wconf 88' lang='lat' dir='ltr'>quatuorque</span> <span class='ocrx_word' id='word_1_394' title='bbox 666 3713 804 3764; x_wconf 86' lang='lat' dir='ltr'>animalium</span> <span class='ocrx_word' id='word_1_395' title='bbox 822 3713 1021 3776; x_wconf 87' lang='lat' dir='ltr'>incorporeorum</span> <span class='ocrx_word' id='word_1_396' title='bbox 1040 3717 1064 3760; x_wconf 91' lang='lat' dir='ltr'>et</span> <span class='ocrx_word' id='word_1_397' title='bbox 1081 3711 1159 3772; x_wconf 79' lang='lat' dir='ltr'>uiginti</span> <span class='ocrx_word' id='word_1_398' title='bbox 1177 3717 1280 3774; x_wconf 91' lang='lat' dir='ltr'>quatuor</span> <span class='ocrx_word' id='word_1_399' title='bbox 1296 3709 1385 3760; x_wconf 88' lang='lat' dir='ltr'>Sacer-</span> 
     </span>
     <span class='ocr_line' id='line_1_38' title="bbox 132 3792 1385 3863; baseline 0.003 -23"><span class='ocrx_word' id='word_1_400' title='bbox 132 3792 198 3845; x_wconf 84' lang='lat' dir='ltr'>dotnur</span> <span class='ocrx_word' id='word_1_401' title='bbox 229 3798 291 3846; x_wconf 86' lang='lat' dir='ltr'>coeli</span> <span class='ocrx_word' id='word_1_402' title='bbox 318 3798 394 3846; x_wconf 85' lang='lat' dir='ltr'>sancti</span> <span class='ocrx_word' id='word_1_403' title='bbox 419 3797 514 3846; x_wconf 86' lang='lat' dir='ltr'>loannis</span> <span class='ocrx_word' id='word_1_404' title='bbox 537 3796 666 3863; x_wconf 73' lang='lat' dir='ltr'>Baptistae,</span> <span class='ocrx_word' id='word_1_405' title='bbox 695 3807 792 3862; x_wconf 90' lang='lat' dir='ltr'>petrum.</span> <span class='ocrx_word' id='word_1_406' title='bbox 817 3804 953 3845; x_wconf 87' lang='lat' dir='ltr'>nostrorum</span> <span class='ocrx_word' id='word_1_407' title='bbox 979 3795 1178 3855; x_wconf 84' lang='lat' dir='ltr'>Patriarcharum,</span> <span class='ocrx_word' id='word_1_408' title='bbox 1204 3792 1385 3859; x_wconf 78' lang='lat' dir='ltr'>Apostolorum,</span> 
     </span>
     <span class='ocr_line' id='line_1_39' title="bbox 128 3876 1384 3946; baseline 0.002 -20"><span class='ocrx_word' id='word_1_409' title='bbox 128 3876 197 3931; x_wconf 79' lang='lat' dir='ltr'>ttttt</span> <span class='ocrx_word' id='word_1_410' title='bbox 213 3880 389 3945; x_wconf 86' lang='lat' dir='ltr'>discipulorum</span> <span class='ocrx_word' id='word_1_411' title='bbox 409 3890 432 3930; x_wconf 92' lang='lat' dir='ltr'>et</span> <span class='ocrx_word' id='word_1_412' title='bbox 450 3882 522 3931; x_wconf 88' lang='lat' dir='ltr'>trium</span> <span class='ocrx_word' id='word_1_413' title='bbox 540 3896 680 3946; x_wconf 88' lang='lat' dir='ltr'>puerorum,</span> <span class='ocrx_word' id='word_1_414' title='bbox 699 3883 723 3932; x_wconf 93' lang='grc'>8.</span> <span class='ocrx_word' id='word_1_415' title='bbox 742 3882 857 3945; x_wconf 89' lang='lat' dir='ltr'>Stephani</span> <span class='ocrx_word' id='word_1_416' title='bbox 875 3881 992 3946; x_wconf 88' lang='lat' dir='ltr'>principis</span> <span class='ocrx_word' id='word_1_417' title='bbox 1010 3880 1179 3938; x_wconf 89' lang='lat' dir='ltr'>iliaconorum,</span> <span class='ocrx_word' id='word_1_418' title='bbox 1198 3878 1223 3927; x_wconf 97' lang='grc'>8.</span> <span class='ocrx_word' id='word_1_419' title='bbox 1236 3879 1340 3941; x_wconf 89' lang='lat' dir='ltr'>Georgii,</span> <span class='ocrx_word' id='word_1_420' title='bbox 1358 3879 1384 3929; x_wconf 91' lang='lat' dir='ltr'>S.</span> 
     </span>
     <span class='ocr_line' id='line_1_40' title="bbox 126 3961 1383 4028; baseline 0.001 -17"><span class='ocrx_word' id='word_1_421' title='bbox 126 3961 245 4025; x_wconf 79' lang='lat' dir='ltr'>Theodori,</span> <span class='ocrx_word' id='word_1_422' title='bbox 264 3966 288 4014; x_wconf 89' lang='lat' dir='ltr'>S.</span> <span class='ocrx_word' id='word_1_423' title='bbox 308 3965 427 4025; x_wconf 87' lang='lat' dir='ltr'>hlercurii,</span> <span class='ocrx_word' id='word_1_424' title='bbox 445 3966 469 4014; x_wconf 89' lang='lat' dir='ltr'>S.</span> <span class='ocrx_word' id='word_1_425' title='bbox 480 3965 587 4028; x_wconf 71' lang='lat' dir='ltr'>hennae,</span> <span class='ocrx_word' id='word_1_426' title='bbox 605 3966 630 4017; x_wconf 91' lang='lat' dir='ltr'>S.</span> <span class='ocrx_word' id='word_1_427' title='bbox 641 3966 768 4026; x_wconf 84' lang='lat' dir='ltr'>Philothsi,</span> <span class='ocrx_word' id='word_1_428' title='bbox 786 3967 811 4015; x_wconf 93' lang='lat' dir='ltr'>S.</span> <span class='ocrx_word' id='word_1_429' title='bbox 830 3964 950 4024; x_wconf 87' lang='lat' dir='ltr'>Basilidis,</span> <span class='ocrx_word' id='word_1_430' title='bbox 968 3965 994 4014; x_wconf 90' lang='lat' dir='ltr'>S.</span> <span class='ocrx_word' id='word_1_431' title='bbox 1006 3963 1144 4013; x_wconf 85' lang='lat' dir='ltr'>PatrieNoh</span> <span class='ocrx_word' id='word_1_432' title='bbox 1163 3970 1185 4011; x_wconf 92' lang='lat' dir='ltr'>et</span> <span class='ocrx_word' id='word_1_433' title='bbox 1203 3962 1310 4013; x_wconf 84' lang='lat' dir='ltr'>omnium</span> <span class='ocrx_word' id='word_1_434' title='bbox 1320 3962 1383 4012; x_wconf 82' lang='lat' dir='ltr'>ider-</span> 
     </span>
     <span class='ocr_line' id='line_1_41' title="bbox 123 4049 1385 4115; baseline -0.001 -17"><span class='ocrx_word' id='word_1_435' title='bbox 123 4054 200 4111; x_wconf 71' lang='lat' dir='ltr'>tgmm,</span> <span class='ocrx_word' id='word_1_436' title='bbox 220 4050 316 4099; x_wconf 81' lang='lat' dir='ltr'>Domini</span> <span class='ocrx_word' id='word_1_437' title='bbox 335 4063 430 4113; x_wconf 91' lang='lat' dir='ltr'>quoque</span> <span class='ocrx_word' id='word_1_438' title='bbox 448 4056 472 4098; x_wconf 90' lang='lat' dir='ltr'>et</span> <span class='ocrx_word' id='word_1_439' title='bbox 490 4051 567 4113; x_wconf 86' lang='lat' dir='ltr'>magni</span> <span class='ocrx_word' id='word_1_440' title='bbox 585 4053 710 4115; x_wconf 76' lang='lat' dir='ltr'>sanctique</span> <span class='ocrx_word' id='word_1_441' title='bbox 727 4051 803 4101; x_wconf 81' lang='lat' dir='ltr'>Patris</span> <span class='ocrx_word' id='word_1_442' title='bbox 821 4051 897 4100; x_wconf 88' lang='lat' dir='ltr'>nostri</span> <span class='ocrx_word' id='word_1_443' title='bbox 915 4049 980 4099; x_wconf 80' lang='lat' dir='ltr'>hhba</span> <span class='ocrx_word' id='word_1_444' title='bbox 998 4049 1106 4098; x_wconf 74' lang='lat' dir='ltr'>Antonii:</span> <span class='ocrx_word' id='word_1_445' title='bbox 1124 4049 1268 4111; x_wconf 84' lang='lat' dir='ltr'>Patmmqoe</span> <span class='ocrx_word' id='word_1_446' title='bbox 1287 4056 1385 4097; x_wconf 86' lang='lat' dir='ltr'>nostro·</span> 
     </span>
     <span class='ocr_line' id='line_1_42' title="bbox 120 4131 1386 4198; baseline -0.002 -16"><span class='ocrx_word' id='word_1_447' title='bbox 120 4148 168 4183; x_wconf 85' lang='lat' dir='ltr'>ram</span> <span class='ocrx_word' id='word_1_448' title='bbox 185 4135 228 4184; x_wconf 89' lang='lat' dir='ltr'>SS.</span> <span class='ocrx_word' id='word_1_449' title='bbox 246 4137 320 4185; x_wconf 87' lang='lat' dir='ltr'>trium</span> <span class='ocrx_word' id='word_1_450' title='bbox 339 4134 496 4186; x_wconf 84' lang='lat' dir='ltr'>liucariornm</span> <span class='ocrx_word' id='word_1_451' title='bbox 515 4143 558 4186; x_wconf 89' lang='lat' dir='ltr'>etc.</span> <span class='ocrx_word' id='word_1_452' title='bbox 579 4143 623 4185; x_wconf 90' lang='lat' dir='ltr'>etc.</span> <span class='ocrx_word' id='word_1_453' title='bbox 659 4136 884 4185; x_wconf 84' lang='lat' dir='ltr'>Commemorautur</span> <span class='ocrx_word' id='word_1_454' title='bbox 901 4134 985 4198; x_wconf 88' lang='lat' dir='ltr'>plures</span> <span class='ocrx_word' id='word_1_455' title='bbox 1003 4133 1083 4184; x_wconf 90' lang='lat' dir='ltr'>Sancti</span> <span class='ocrx_word' id='word_1_456' title='bbox 1100 4132 1254 4196; x_wconf 52' lang='lat' dir='ltr'>Aethiopiam</span> <span class='ocrx_word' id='word_1_457' title='bbox 1273 4131 1342 4181; x_wconf 89' lang='lat' dir='ltr'>dein:</span> <span class='ocrx_word' id='word_1_458' title='bbox 1361 4138 1386 4180; x_wconf 88' lang='lat' dir='ltr'>et</span> 
     </span>
     <span class='ocr_line' id='line_1_43' title="bbox 119 4217 1383 4283; baseline -0.002 -17"><span class='ocrx_word' id='word_1_459' title='bbox 119 4232 199 4281; x_wconf 83' lang='lat' dir='ltr'>preces</span> <span class='ocrx_word' id='word_1_460' title='bbox 218 4218 296 4269; x_wconf 84' lang='lat' dir='ltr'>Patris</span> <span class='ocrx_word' id='word_1_461' title='bbox 321 4219 396 4268; x_wconf 86' lang='lat' dir='ltr'>nostri</span> <span class='ocrx_word' id='word_1_462' title='bbox 422 4219 549 4268; x_wconf 87' lang='lat' dir='ltr'>uenerandi</span> <span class='ocrx_word' id='word_1_463' title='bbox 566 4220 716 4270; x_wconf 80' lang='lat' dir='ltr'>Petriarchae</span> <span class='ocrx_word' id='word_1_464' title='bbox 735 4222 810 4270; x_wconf 87' lang='lat' dir='ltr'>nostri</span> <span class='ocrx_word' id='word_1_465' title='bbox 829 4221 856 4270; x_wconf 83' lang='lat' dir='ltr'>tt.</span> <span class='ocrx_word' id='word_1_466' title='bbox 894 4220 1011 4283; x_wconf 85' lang='lat' dir='ltr'>Regisqne</span> <span class='ocrx_word' id='word_1_467' title='bbox 1029 4219 1106 4268; x_wconf 85' lang='lat' dir='ltr'>nostri</span> <span class='ocrx_word' id='word_1_468' title='bbox 1124 4217 1216 4268; x_wconf 83' lang='lat' dir='ltr'>Claudii</span> <span class='ocrx_word' id='word_1_469' title='bbox 1235 4225 1258 4266; x_wconf 89' lang='lat' dir='ltr'>et</span> <span class='ocrx_word' id='word_1_470' title='bbox 1275 4218 1383 4267; x_wconf 86' lang='lat' dir='ltr'>omnium</span> 
     </span>
     <span class='ocr_line' id='line_1_44' title="bbox 118 4302 1382 4367; baseline -0.002 -16"><span class='ocrx_word' id='word_1_471' title='bbox 118 4317 184 4352; x_wconf 76' lang='lat' dir='ltr'>unce</span> <span class='ocrx_word' id='word_1_472' title='bbox 202 4304 354 4365; x_wconf 84' lang='lat' dir='ltr'>signatorum</span> <span class='ocrx_word' id='word_1_473' title='bbox 373 4303 491 4352; x_wconf 87' lang='lat' dir='ltr'>iustorum</span> <span class='ocrx_word' id='word_1_474' title='bbox 516 4311 538 4352; x_wconf 89' lang='lat' dir='ltr'>et</span> <span class='ocrx_word' id='word_1_475' title='bbox 563 4304 694 4353; x_wconf 86' lang='lat' dir='ltr'>electorum</span> <span class='ocrx_word' id='word_1_476' title='bbox 721 4314 744 4354; x_wconf 89' lang='lat' dir='ltr'>et</span> <span class='ocrx_word' id='word_1_477' title='bbox 761 4305 842 4367; x_wconf 72' lang='lat' dir='ltr'>angeli</span> <span class='ocrx_word' id='word_1_478' title='bbox 861 4305 907 4353; x_wconf 89' lang='lat' dir='ltr'>diei</span> <span class='ocrx_word' id='word_1_479' title='bbox 926 4304 996 4352; x_wconf 89' lang='lat' dir='ltr'>huius</span> <span class='ocrx_word' id='word_1_480' title='bbox 1015 4311 1119 4352; x_wconf 87' lang='lat' dir='ltr'>sauctae.</span> <span class='ocrx_word' id='word_1_481' title='bbox 1155 4302 1281 4352; x_wconf 88' lang='lat' dir='ltr'>Orationes</span> <span class='ocrx_word' id='word_1_482' title='bbox 1300 4314 1382 4349; x_wconf 85' lang='lat' dir='ltr'>eorum</span> 
     </span>
     <span class='ocr_line' id='line_1_45' title="bbox 116 4384 1380 4452; baseline -0.002 -16"><span class='ocrx_word' id='word_1_483' title='bbox 116 4386 344 4452; x_wconf 84' lang='lat' dir='ltr'>henedictionesque</span> <span class='ocrx_word' id='word_1_484' title='bbox 371 4396 395 4436; x_wconf 90' lang='lat' dir='ltr'>et</span> <span class='ocrx_word' id='word_1_485' title='bbox 421 4389 606 4438; x_wconf 86' lang='lat' dir='ltr'>intercessiones</span> <span class='ocrx_word' id='word_1_486' title='bbox 625 4404 707 4438; x_wconf 90' lang='lat' dir='ltr'>eorum</span> <span class='ocrx_word' id='word_1_487' title='bbox 727 4400 749 4438; x_wconf 93' lang='lat' dir='ltr'>et</span> <span class='ocrx_word' id='word_1_488' title='bbox 768 4389 853 4439; x_wconf 87' lang='lat' dir='ltr'>caritas</span> <span class='ocrx_word' id='word_1_489' title='bbox 872 4389 913 4438; x_wconf 81' lang='lat' dir='ltr'>liei</span> <span class='ocrx_word' id='word_1_490' title='bbox 931 4389 979 4437; x_wconf 87' lang='lat' dir='ltr'>sint</span> <span class='ocrx_word' id='word_1_491' title='bbox 996 4388 1121 4438; x_wconf 89' lang='lat' dir='ltr'>nobiscum</span> <span class='ocrx_word' id='word_1_492' title='bbox 1141 4387 1162 4435; x_wconf 91' lang='lat' dir='ltr'>in</span> <span class='ocrx_word' id='word_1_493' title='bbox 1182 4384 1277 4436; x_wconf 88' lang='lat' dir='ltr'>saecule</span> <span class='ocrx_word' id='word_1_494' title='bbox 1296 4400 1380 4435; x_wconf 89' lang='lat' dir='ltr'>saecu·</span> 
     </span>
     <span class='ocr_line' id='line_1_46' title="bbox 112 4470 1384 4538; baseline 0.001 -18"><span class='ocrx_word' id='word_1_495' title='bbox 112 4470 198 4522; x_wconf 87' lang='lat' dir='ltr'>lorum.</span> <span class='ocrx_word' id='word_1_496' title='bbox 226 4475 310 4523; x_wconf 78' lang='lat' dir='ltr'>Amen.</span> <span class='ocrx_word' id='word_1_497' title='bbox 346 4472 479 4522; x_wconf 90' lang='lat' dir='ltr'>Sacerdos:</span> <span class='ocrx_word' id='word_1_498' title='bbox 504 4472 579 4522; x_wconf 83' lang='lat' dir='ltr'>Nobis</span> <span class='ocrx_word' id='word_1_499' title='bbox 605 4481 629 4522; x_wconf 87' lang='lat' dir='ltr'>et</span> <span class='ocrx_word' id='word_1_500' title='bbox 654 4474 765 4524; x_wconf 90' lang='lat' dir='ltr'>omnihus</span> <span class='ocrx_word' id='word_1_501' title='bbox 793 4475 832 4537; x_wconf 90' lang='lat' dir='ltr'>qui</span> <span class='ocrx_word' id='word_1_502' title='bbox 852 4475 956 4538; x_wconf 87' lang='lat' dir='ltr'>quietem</span> <span class='ocrx_word' id='word_1_503' title='bbox 981 4481 1125 4537; x_wconf 86' lang='lat' dir='ltr'>occeperunt</span> <span class='ocrx_word' id='word_1_504' title='bbox 1149 4473 1272 4532; x_wconf 81' lang='lat' dir='ltr'>miserere,</span> <span class='ocrx_word' id='word_1_505' title='bbox 1299 4479 1324 4522; x_wconf 92' lang='lat' dir='ltr'>tu</span> <span class='ocrx_word' id='word_1_506' title='bbox 1343 4471 1384 4537; x_wconf 89' lang='lat' dir='ltr'>qui</span> 
     </span>
    </p>
   </div>
   <div class='ocr_carea' id='block_1_4' title="bbox 112 4557 1179 4679">
    <p class='ocr_par' dir='ltr' id='par_1_5' title="bbox 112 4557 1179 4679">
     <span class='ocr_line' id='line_1_47' title="bbox 112 4557 1179 4679; baseline -0.001 -71"><span class='ocrx_word' id='word_1_507' title='bbox 112 4557 198 4608; x_wconf 83' lang='lat' dir='ltr'>misisti</span> <span class='ocrx_word' id='word_1_508' title='bbox 217 4557 294 4609; x_wconf 82' lang='lat' dir='ltr'>illinus</span> <span class='ocrx_word' id='word_1_509' title='bbox 312 4565 379 4608; x_wconf 85' lang='lat' dir='ltr'>tunm</span> <span class='ocrx_word' id='word_1_510' title='bbox 397 4557 422 4608; x_wconf 88' lang='lat' dir='ltr'>in</span> <span class='ocrx_word' id='word_1_511' title='bbox 440 4557 518 4608; x_wconf 85' lang='lat' dir='ltr'>sinum</span> <span class='ocrx_word' id='word_1_512' title='bbox 536 4557 646 4620; x_wconf 72' lang='lat' dir='ltr'>Virginis.</span> <span class='ocrx_word' id='word_1_513' title='bbox 1125 4623 1179 4679; x_wconf 47' lang='lat' dir='ltr'>m*</span> 
     </span>
    </p>
   </div>
   <div class='ocr_carea' id='block_1_5' title="bbox 0 0 1546 4912">
    <p class='ocr_par' dir='ltr' id='par_1_6' title="bbox 0 0 1546 4912">
     <span class='ocr_line' id='line_1_48' title="bbox 0 0 1546 4912; baseline 0 0"><span class='ocrx_word' id='word_1_514' title='bbox 0 0 1546 4912; x_wconf 95' lang='lat' dir='ltr'> </span> 
     </span>
    </p>
   </div>
  </div>
 </body>
</html>
