3044 4912
632 262 705 335 34¹1

31 439 220 538 σαρκικὰς
251 439 454 537 ἔπιθυαίας
478 440 816 571 καιοιιατήσαντες,
849 443 1102 541 πνευματικὴν
1125 445 1311 521 πολιτείαν

35 544 293 671 μετίλθριμεν,
326 540 450 619 ιιὰντα
476 544 629 641 ιιρδς’
591 544 831 643 ευαρέστησίν
858 572 927 620 σου
931 554 1215 675 φρονοῦντες.
1242 546 1306 620 Σ
1286 577 1311 622 υ

38 643 128 769 γὰρ
156 643 195 718 εἶ
220 644 240 719 ἁ
268 645 511 742 φωτισμὸς
535 654 627 722 τῶν
630 655 838 774 ηιυγιόν,
865 645 943 722 καὶ
967 656 1059 722 τῶν
1085 643 1314 743 σ’ωμοίτων

43 742 190 839 ἡμῶν,
216 745 400 843 Χριστέ
382 775 402 821 ο
431 746 530 835 Θεὸς,
564 747 641 822 καί
667 749 740 822 σοὶ
764 747 847 844 τὴν
872 746 1062 877 δέξαι’
1042 749 1315 844 αναπέμιιο-

10 873 125 959 μεν
151 849 224 943 (Mc.
245 854 293 946 5),
329 847 400 974 οὐν
431 855 485 946 τῶ
522 846 675 948 ἁνὰρχιο
710 875 778 924 σου
773 850 929 977 πατρί,
961 848 1025 925 καὶ
1049 858 1103 948 τῷ
1129 849 1314 977 παναγίηι,

10 936 108 1021 ιιαὶ
99 948 284 1077 ἀγαθῶ,
310 979 375 1024 και
362 921 568 1047 ζωόιιοιῷ
596 976 664 1025 σου
690 948 885 1049 πνεύματι,
912 959 985 1077 νῦν
1008 951 1072 1025 καὶ
1090 951 1160 1041 ἀεὶ,
1186 981 1249 1026 και
1238 954 1316 1037 εἷς

58 1049 131 1133 τούς
156 1050 294 1135 αλιῦνας
319 1059 397 1125 τῶν
423 1048 584 1126 αλοίνων.

128 1162 164 1232 ‘0
192 1166 230 1234 66
258 1163 471 1247 διάκονος
436 1193 476 1234 το
501 1164 726 1257 θυμιατήριον
748 1164 1014 1253 ἁιιοθέμενος,’
999 1166 1129 1256 ε’ρχεται
1149 1167 1237 1254 πρὸς
1257 1167 1316 1291 την

11 1261 146 1355 ἱερέα,
166 1293 224 1335 και
214 1264 485 1348 ἁποκλίιας’
446 1275 536 1358 αυτῷ
555 1267 614 1357 τὴν
635 1269 791 1359 κεφαλὴν,
813 1274 941 1357 κρατῶν
962 1268 1017 1336 καί
1038 1268 1076 1336 τὸ
1098 1265 1242 1357 ἁρὰριοι
1257 1269 1316 1337 σύν

11 1418 19 1439 .·
65 1372 99 1489 ιη]
123 1365 202 1457 ἁγίῳ
228 1363 458 1492 εὐαγγελίῳ”
435 1394 551 1458 οικροις
577 1375 649 1450 τοῖς
675 1368 859 1452 δακτύλοις,
889 1366 1105 1460 δηλονότιέν
1134 1368 1247 1459 ίκείνιρ
1266 1375 1316 1460 τιῖ

65 1467 141 1558 ιόιιηι
161 1476 220 1558 τῆς
241 1466 337 1556 ἁγίας
358 1471 533 1562 τραπέζης,
556 1470 660 1600 λέγει·

10 1574 15 1579 ’
126 1570 347 1699 Εὐλόγησον,
374 1573 610 1663 δέσποτα,
572 1603 639 1649 τον
664 1573 925 1712 εὐαγγελιριὴν
941 1581 1009 1648 τοῦ
1027 1571 1137 1673 ἁγίου
1157 1570 1317 1651 ἀποστίλ-

68 1678 129 1762 λου,
151 1674 213 1748 καὶ
240 1676 498 1775 εὐαγγελιστοῦ
520 1691 652 1774 (τοῦδε).
671 1687 1196 1780 Ὁδὲίερεὺςσφραγίζωναύιδι,
1211 1689 1315 1779 λέγει·

10 1830 14 1893 ι
128 1791 167 1869 0
201 1790 289 1875 Θεὸς
329 1792 392 1867 διὰ
425 1796 633 1891 πρεσβειῶν
664 1801 732 1867 τοῦ
766 1792 874 1926 ἁγίου
908 1790 1061 1876 ἐνδόξου
1094 1791 1316 1883 ἀποστόλου,

10 1894 16 1915 ”
67 1891 115 1963 καλ
138 1895 403 2022 εὐαγγελιστοῦ
440 1894 571 1992 (τοῦδε)
600 1891 679 1991 δηίη
706 1919 764 1968 σοι
788 1900 887 2021 6666
912 1902 965 1991 τῷ
991 1893 1316 2017 εὐαγγελιζομένῳ,

67 1988 205 2090 δυνάμει
238 2003 364 2093 πολλῇ,
398 2003 448 2081 εἷς
480 1994 707 2125 εκιιληρωσιν
738 2003 806 2071 τοῦ
839 1994 1053 2096 εὐαγγελίου
1078 2003 1147 2070 τοῦ
1173 1996 1317 2096 ἁγαιιη-

66 2102 119 2168 τοῦ
139 2099 224 2173 υἱοῦ
251 2098 382 2188 αὐτοῦ,
407 2099 550 2195 Κυρίου
570 2099 691 2194 Ἰησοῦ
715 2102 894 2193 Χριστοῦ.

132 2210 167 2280 ‘0
190 2208 344 2294 διὰκοιος
365 2211 469 2282 είιιδιι
488 2214 539 2295 τὸ,
565 2198 678 2295 ἀμὴν,
703 2212 760 2279 καὶ
780 2208 1007 2301 προςκυνησας
1020 2208 1059 2277 τὸ
1074 2208 1168 2297 ἅγιον
1183 2207 1317 2298 εὐαγγέ-

10 2384 12 2397 ,
65 2305 131 2395 λωι,
157 2311 245 2438 αίρει
275 2311 368 2384 αὐτό.
410 2316 480 2384 Καὶ
508 2313 655 2396 ἐξελθὼν
682 2315 740 2381 διὰ
760 2319 826 2380 τῶν
848 2309 949 2400 ἁγίων
968 2317 1084 2432 θυρῶν
1104 2335 1317 2436 προπορευο-

10 2409 216 2489 i’6666
175 2422 267 2505 αυτῷ
288 2414 528 2501 λαμπάδων,”
506 2441 636 2503 ερχεται
656 2441 713 2482 και
703 2413 905 2483 λ’σταταιέ
906 2420 992 2502 ιτῷ
1014 2406 1153 2498 δίμβωνι,
1175 2408 1236 2500 ἢ
1219 2437 1254 2481 εν
1270 2419 1318 2501 τῷ

10 2544 12 2571 ÷
64 2519 232 2606 τεταγμένῳ
254 2515 360 2607 τόπῳ.
387 2515 425 2584 Ὁ
447 2515 517 2587 δέ
507 2517 612 2605 ιερεύς
633 2512 807 2601 ἱστάμενος
828 2512 1021 2601 έμιιροσθει
1041 2521 1101 2628 τῆς
1122 2510 1225 2626 ἁγίας
1238 2538 1318 2626 τροι-

10 2615 159 2715 ’πέζης
180 2620 238 2686 καί
260 2619 396 2704 βλέπων
415 2619 502 2734 πρὸς
524 2618 651 2730 δυσμὰς
673 2617 830 2707 έκφωνεῖ·
866 2602 1009 2702 Σοφία,
1047 2601 1225 2699 ὄρθολ,’
1205 2597 1319 2675 ακού-

64 2726 172 2801 σωμεν
197 2715 265 2780 τοῦ
295 2705 404 2807 ἁγίου
429 2706 655 2808 εὐαγγελίου.

132 2838 203 2906 Καὶ
224 2834 243 2906 ὁ
267 2837 428 2931 διάκονος.
470 2827 532 2899 Εκ
556 2832 624 2898 τοῦ
648 2822 744 2898 κατὰ
767 2834 886 2917 (τόνδε)
908 2821 1018 2922 ἁγίου
1043 2817 1259 2921 εὐαγγελίου
1274 2817 1318 2892 τὸ

57 2921 298 3029 ἆνοίγνωσμα
326 2937 479 3029 ὁὶερεὺς,
506 2923 737 3022 ιιρόσχωμεν.

134 3041 204 3109 Καὶ
225 3041 463 3154 πληρωθέντος
484 3049 544 3109 τοῦ
566 3035 766 3127 εὐαγγελίου,
789 3033 917 3124 λέγει
900 3061 919 3102 ο
943 3033 1057 3122 ἱερεύς.
1094 3017 1234 3158 Ελρήνη
1260 3045 1317 3092 σοι

51 3137 103 3227 Τῷ
129 3129 452 3267 ἒῦαγγέλίζθμὲίῳ·
479 3142 550 3211 Καὶ
572 3135 771 3209 ἀπελθὼν
755 3164 772 3205 ο
796 3135 949 3217 διοίκσνος
971 3136 1034 3216 ἕως
1055 3143 1121 3203 τῶν
1139 3131 1240 3222 ἁγίων
1253 3141 1318 3202 δυ-

50 3251 127 3336 ρῶν,
150 3241 396 3313 ἀποδίδωσι
362 3270 400 3312 το
424 3244 517 3333 ἁγιον
539 3240 727 3330 εὐαγγέλιον
748 3246 795 3328 τῷ
819 3235 910 3325 ἱερεῖ.

136 3420 206 3492 XX·
250 3430 321 3498 Καὶ
341 3430 422 3510 στὰς
443 3431 477 3498 ἐν
498 3437 545 3518 τῷ
568 3424 707 3515 συνήθει
728 3421 824 3512 τόιιηι
847 3418 981 3511 ἁρχεται
1002 3420 1117 3503 σύτως.

576 3543 614 3612 ‘0
636 3543 798 3622 διάκονος.

129 3658 303 3747 Είιιωμεν
327 3648 462 3733 ιιιίνιες
487 3653 524 3735 ἐξ
549 3650 632 3746 ὅλης
658 3655 721 3744 τῆς
746 3653 879 3744 ψυχῆς,
905 3643 967 3718 καὶ
993 3647 1032 3726 ἐξ
1056 3639 1139 3736 όλης
1155 3647 1219 3735 τῆς
1236 3637 1320 3712 δια-

47 3751 159 3837 νοίας
181 3752 290 3849 ἡμῶν
315 3757 484 3848 εἰἰιωμεν.

139 4010 198 4073 Gap
217 4009 264 4059 XX
298 4008 328 4057 Μ.
347 4010 374 4060 G
391 4009 447 4058 λιι.
467 4008 514 4059 687
543 4007 645 4058 orationi
669 3997 754 4068 Κύριε
773 3993 787 4052 ὁ
809 3990 916 4056 Θεδς“
900 3997 982 4066 ομιὸν
1010 3999 1069 4047 haec
1087 3995 1257 4060 ηιιειιιιίίιιιιιι
1281 3987 1321 4042 ἔτι

49 4085 179 4159 δεόμεθα
197 4085 267 4156 ὑπὲρ
285 4091 339 4142 τῶν
356 4083 557 4155 εὐσεβεστάτων
574 4088 621 4139 καί
632 4080 832 4153 δεοφυλακιων
840 4075 999 4147 βασιλέων
986 4095 1075 4150 ημων,
1093 4071 1222 4173 κράτους,
1236 4077 1320 4139 νίκης,

49 4176 198 4240 διαμονῆς,
218 4166 334 4242 εἰρήνης,
359 4169 470 4240 ὑγιείας,
494 4175 628 4242 σωτηρίας
645 4165 735 4221 αὐτῶν
752 4167 800 4218 καὶ
816 4166 864 4217 τοῦ
880 4160 986 4233 Κόριοιι
1004 4160 1051 4216 τόν
1073 4155 1172 4214 Θεόν“
1159 4159 1239 4227 ημῶν
1257 4156 1320 4210 διει-

48 4261 140 4313 πλέον
157 4258 334 4325 συνεργῆσαι,
351 4255 538 4308 κατευοδῶσαι
555 4256 647 4311 αὐτοις
664 4252 695 4305 ἐν
711 4252 779 4303 πᾶσι
796 4251 843 4301 καί
861 4241 1023 4308 ἁποιὰξαι“
1010 4242 1064 4299 υπὸ
1083 4240 1145 4302 τούς
1161 4236 1251 4300 πόδας
1267 4237 1320 4292 αὐ-

49 4345 110 4396 τῶν
127 4338 218 4394 ιιὰνια
238 4340 340 4409 ἐχθρὸν
356 4341 403 4392 καὶ
419 4341 561 4410 πολέμιον.
582 4344 599 4390 E
618 4341 737 4391 contrario
756 4339 851 4388 silentio
870 4338 1070 4403 praetermittunt,
1085 4347 1146 4400 quae
1165 4330 1300 4393 leguntur
1293 4344 1319 4380 ιο

50 4433 119 4483 edito
144 4432 206 4481 inter
230 4430 369 4480 collectam:
395 4419 479 4493 Κύριε
505 4420 519 4476 6
541 4418 608 4483 Θεὸς
625 4434 648 4477 ει
666 4413 877 4491 έκιριίνησιν·“
862 4437 903 4471 οτι
920 4410 1043 4488 ἐλεήμων
1060 4416 1117 4468 κτλ.
1152 4417 1192 4466 Rs.
1210 4414 1321 4466 similiter

49 4518 177 4568 interserit
192 4516 324 4567 orationem
342 4529 387 4579 pro
405 4515 559 4579 imperatore,
578 4511 659 4562 missis
677 4522 732 4562 ιιιι
741 4508 851 4559 morellio
863 4504 1112 4572 είδοιιοηιεδίιιιε,
1129 4517 1191 4570 quae
1202 4501 1322 4568 acipiunt
