3044 4912
595 311 600 327 ·
640 294 715 368 445

127 481 280 562 Σῶσον,
316 474 474 570 ἐλέησον,
510 474 717 572 ἀντιλαβοῦ
751 477 814 553 καὶ
846 475 1079 576 ἀιαφάλαξον
1117 478 1264 567 αὐτοὺς,
1292 478 1312 554 5

105 588 146 665 λς,
170 583 216 672 τῇ
243 583 288 672 σῇ
312 573 449 671 χάριτι.
1225 662 1229 668 ,

129 678 176 753 Οἱ
212 676 303 774 πρὸς
338 675 381 751 τὸ
416 673 614 776 φοίτισμα,
658 677 725 763 τάς
749 679 912 778 κεφαλὰς
947 680 1057 777 ὑμῶν
1093 688 1148 780 τῷ
1182 680 1313 780 Κυρίῳ

105 787 199 852 νατε.

105 944 128 1032 ὴ
156 941 241 1033 όπὲρ
269 951 334 1012 τῶν
360 944 448 1032 πρὸς
473 943 512 1013 τὸ
540 941 635 1033 ἄγων
656 943 814 1039 φῶτισμα
835 942 1126 1036 εότρεπιζσμένων,
1154 948 1311 1040 λεγομένη

398 1045 492 1134 παρὰ
513 1051 574 1114 τοῦ
595 1044 710 1135 ίερέως
730 1054 905 1133 μυστικῶς.

120 1147 340 1247 Ἐπίφανον,
377 1148 557 1238 δέσποτα,
592 1148 635 1224 τὸ
671 1147 866 1248 πρόςωπόν
902 1177 971 1227 σου
1005 1152 1065 1226 ἐπὶ
1099 1152 1187 1237 τοὺς
1220 1153 1313 1252 πρὸς

118 1249 228 1353 ἅγιον
261 1248 437 1348 φῶτισμα
470 1250 806 1348 εὐτρεπιζομένους,
839 1253 901 1328 καί
937 1257 1212 1338 ἐπιποθοῦντος
1242 1253 1311 1331 τὸν

137 1350 321 1448 ἀμαρτίας
345 1350 540 1448 μολυσμὸν
567 1352 882 1440 ἀποτινάξασθαι·
917 1353 1157 1458 καταόγασον
1183 1354 1312 1432 αὐτῶν

105 1450 324 1529 ’διάνοιαν
359 1456 574 1552 βεβαίωσον
600 1455 738 1541 αὐτοὺς
762 1459 803 1531 έν
828 1464 874 1552 τῇ
900 1454 1036 1532 πίστει·
1072 1453 1245 1556 στήριξον
1269 1460 1312 1534 έν
1375 1451 1379 1465 ’

105 1553 176 1630 ίάι·
213 1557 405 1632 τελείωσον
439 1560 481 1632 ἐν
517 1555 660 1658 ἀγάπη·
697 1558 788 1655 μέλη
822 1559 927 1644 τίμια
952 1567 1021 1635 τοῦ
1045 1564 1215 1659 Χριστοῦ
1241 1583 1310 1635 σου

105 1654 249 1746 ίόειξον,
285 1664 353 1731 τοῦ
386 1655 520 1742 δόντος
544 1660 679 1734 ἑαυτὸν
705 1659 927 1757 ἀντίλυτρον
952 1659 1043 1758 ὑπὲρ
1068 1670 1149 1739 τῶν
1174 1668 1311 1760 ψυχῶν

105 1787 158 1834 σν.

495 1887 533 1960 ‘O
556 1888 662 1976 ίερεάς
682 1889 850 1981 ἐκφάτως.

110 1995 196 2073 Ὅτι
233 1993 281 2069 σὺ
313 1993 345 2068 εί
377 1993 398 2069 5
431 1994 623 2093 φωτισμὸς
646 1994 768 2090 ἡμῶν,
804 1996 869 2070 καὶ
895 1996 954 2070 σοὶ
978 1995 1048 2091 τὴν
1073 1994 1190 2082 δόξαν
1214 1998 1310 2073 ἀνα-

105 2125 242 2192 ιπομεν,
278 2105 332 2194 τῷ
365 2097 490 2191 πατρί,
526 2097 589 2171 καὶ
620 2105 674 2193 τῷ
699 2097 784 2194 υἱῷ,
820 2097 962 2194 καὶτῷ
989 2096 1085 2198 ἁγίῳ
1111 2096 1307 2194 πνεύματι,

105 2199 200 2273 ’καί
225 2198 295 2287 ἀεὶ,
320 2197 384 2272 καὶ
409 2203 460 2282 εἰς
483 2198 570 2281 τούς
596 2203 737 2282 αλῶνας
760 2201 838 2274 τῶν
866 2196 1027 2274 αλιόνων.

563 2343 601 2415 ‘O
625 2344 787 2427 διάκονος.

109 2451 227 2528 Ὅσοι.
254 2450 344 2542 πρὸς
379 2448 422 2524 τὸ
459 2447 647 2548 φῶτισμα,
683 2453 898 2548 προέλθετε·
937 2453 972 2527 σί
1005 2451 1097 2550 πρὸς
1121 2452 1165 2527 τὸ
1191 2449 1309 2551 φῶτι-

105 2583 129 2643 ι,
167 2553 380 2650 προέλθετε·
408 2552 515 2628 Ὅσοι
550 2549 817 2648 κατηχοόμενσι
851 2555 1064 2649 προέλθετε·
1100 2551 1207 2652 μήτις
1229 2561 1309 2631 τῶν

105 2656 337 2752 ηχουμένων.
370 2651 477 2730 Ὅσοι
503 2654 637 2744 πιστοὶ,
674 2656 726 2728 ἔτι
751 2656 813 2731 καὶ
839 2657 890 2730 ἔτι
917 2659 958 2731 έν
984 2653 1109 2755 εἰρήνῃ
1135 2660 1204 2732 τοῦ
1231 2663 1308 2733 Kv-

105 2786 123 2831 υ
150 2756 358 2852 δεηθῶσιν.

113 2869 201 2951 Ἕως
222 2863 288 2960 ᾦόε
309 2870 350 2938 τὰ
372 2867 441 2938 ἀπὸ
463 2878 522 2960 τῆς
542 2871 699 2962 τετάρτης
719 2877 780 2960 τῆς
798 2873 1050 2963 μεσονηστίμου.

253 3019 339 3112 Εάχὴ
363 3019 491 3090 πίστιον
510 3022 552 3104 α’,
574 3017 613 3112 ἣν
635 3023 724 3111 λέγει
745 3020 764 3092 5
788 3020 893 3110 ἶερεάς
912 3031 1087 3109 μυστικῶς.

116 3126 162 3203 ‘O
191 3128 277 3210 Θεὸς
311 3127 330 3201 5
356 3127 471 3228 μέγας
505 3126 568 3200 καί
604 3127 758 3215 αἰνετός,
796 3125 815 3200 5
842 3129 897 3225 τῷ
923 3125 1092 3218 ζωοποιῶ
1117 3137 1186 3202 τοῦ
1209 3131 1307 3227 Χρι-

105 3234 129 3304 ῦ
156 3253 224 3302 σου
250 3227 409 3325 θανάτῳ
437 3234 486 3310 είς
512 3227 736 3326 ἀφθαρσίαν
760 3227 859 3323 ἡμᾶς
884 3232 924 3302 ἐκ
949 3200 1102 3330 φθοράς
1126 3226 1308 3327 μεταστή-

113 3359 121 3374 ·
161 3330 208 3404 σὺ
244 3328 365 3412 πάσας
399 3330 508 3425 ἡμῶν
541 3330 607 3412 τάς
639 3326 831 3426 αἰσθήσεις
856 3334 921 3426 τῆς
945 3334 1141 3426 ἐμπαθοῦς
1166 3331 1305 3425 νεκρῶ-

105 3462 129 3517 ις
164 3432 436 3529 ἑλευθέρωσον,
473 3431 625 3532 ἀγαθὸν
657 3428 810 3515 ταύταις
843 3429 1009 3533 ἡγεμόνα
1044 3431 1112 3508 τὸν
1146 3433 1306 3509 ένάοθεν

105 3532 217 3621 ισμὸν
249 3530 460 3628 ἐπιστήσας·
495 3533 558 3608 καὶ
584 3532 785 3630 ὀφθαλμὸς
809 3531 879 3626 μὲν
905 3533 1050 3610 ἀπέστω
1075 3535 1214 3618 παντὸς
1239 3562 1307 3608 πο-

107 3639 155 3710 οῦ
189 3638 412 3733 βλέμματος,
449 3634 539 3731 ἀκοὴ
576 3634 617 3709 δέ
644 3632 765 3737 λόγοις
790 3636 918 3736 ἀργοῖς
943 3635 1179 3734 ἀνεπίβατος,
1213 3633 1304 3731 ἡάέ

105 3742 187 3812 ἰσσα
222 3737 462 3834 καθαρευέτω
495 3734 671 3833 ῥημάτων
697 3738 882 3832 ἀπρεπῶν.
924 3735 1101 3839 ’Ἆγνισον
1124 3736 1234 3834 ἡμῶν
1257 3736 1304 3811 τά

105 3859 149 3935 ιη,
185 3840 231 3912 τά
269 3837 448 3913 αἰνοῦντά
487 3864 538 3926 σε,
575 3836 706 3935 Κύριε·
742 3838 810 3922 τὰς
841 3845 968 3934 χεῖρας
1001 3838 1111 3935 ἡμῶν
1136 3839 1302 3936 ποίησον,

104 3971 114 3998 ι
140 3939 211 4036 μέν
237 3938 393 4039 φαύλων
427 3940 631 4035 ἀπέχεσθαι
662 3938 843 4036 πράξεων,
879 3943 1040 4043 ἐνεργεῖν
1066 3939 1107 4015 ἀὲ
1132 3938 1232 4036 μόνα
1256 3941 1305 4014 τά

132 4039 324 4137 εὐάρεστα,
361 4039 483 4116 πάντα
519 4041 628 4137 ἡμῶν
661 4042 708 4115 τὰ
740 4043 843 4138 μέλη,
879 4041 941 4115 καί
966 4042 1034 4139 τὴν
1060 4038 1233 4119 ἀιάνοιαν
1257 4048 1306 4139 τῇ

110 4142 476 4241 κατασφαλιζόμενος
497 4142 633 4238 χάριτι.

558 4307 596 4378 ‘0
620 4307 781 4390 διάκονος.

114 4414 348 4512 Ἀντιλαβοῦ,
368 4419 504 4502 σῶσον,
531 4416 676 4510 ἐλέησον
701 4415 763 4489 καί
781 4410 1011 4511 ἀισφόλαξον
1027 4414 1137 4511 ἡμᾶς,
1164 4413 1183 4487 5
1204 4413 1303 4504 Θεὸς,

108 4525 155 4625 σῇ
175 4512 311 4616 χάριτι.
364 4516 505 4615 Σοφία.
