3044 4912
659 276 729 349 301

95 461 122 523 ἰν
149 461 305 549 πονηρῶν
326 454 515 542 Δαιμόνιον,
542 452 629 527 6666
655 455 833 545 παραλαβέ
833 478 943 525 τωσαν
972 454 1074 548 αὐτὴν
1088 452 1241 584 ’Ἀγγελσὶ
1267 485 1329 531 σου

95 556 202 647 ιιὸρσὶ
221 558 279 625 καὶ
300 555 469 649 φωτεινοὶ.
504 556 586 641 Δὸς·
597 555 698 641 δόξαν
718 564 766 647 τῷ
787 552 928 643 όνόματὶ
948 581 1008 627 σου
1029 565 1077 650 τῷ
1098 556 1221 650 ἁγίῳ,
1211 560 1269 639 καὶ
1289 568 1331 652 τῇ

95 655 270 749 ἰὸυνάμει-
283 654 428 747 άνόγαγό
448 682 491 745 με
513 656 563 739 εὶς
580 658 621 727 τὸ
643 656 741 728 θεῖόν
761 681 822 726 σου
836 664 939 749 βῆμα.
960 655 1013 727 Ἐν
1026 686 1073 751 τφ
1058 640 1263 785 ’κρίνεσάαὶ
1275 688 1328 749 με,

95 756 317 849 >mammo
342 784 386 846 με
392 754 435 851 ἐξη
461 759 621 848 χεὶρτοῢ
650 753 807 849 άρχσντσς
826 766 887 828 τοῦ
907 757 1048 846 Κόσμσυ
1067 758 1199 844 τοότου,
1221 761 1325 843 εὶς
1290 788 1329 830 το

95 858 274 929 τασπᾶσιιό
291 884 335 948 με
354 859 414 929 τὸν
434 857 631 949 ἁμαρτωλὸν
652 859 701 942 εὶς
719 862 828 948 βυθόν
842 859 973 931 Ἅιδου.
1008 858 1111 933 Ἀλλὰ
1131 859 1333 954 παράστηθό

95 984 127 1043 ιι,
147 961 207 1031 καὶ
226 967 323 1050 γενοῦ
342 986 404 1047 μοι
424 961 534 1049 σανιὴρ
554 960 613 1031 καὶ
633 958 860 1052 άντιλήπτωρ·
884 959 920 1030 αὶ
940 963 1003 1050 γὰρ
1025 965 1212 1050 σωματικαὶ
1230 957 1330 1035 αὗται

95 1061 226 1150 ιιωρὶαι,
249 1060 452 1154 εὐφροσύναι
474 1060 541 1131 εὶοὶ
560 1066 634 1144 τοῖς
655 1062 789 1145 ὸσόλοις
810 1088 880 1133 σου.
907 1060 1060 1155 Ἐλέησον
1080 1063 1186 1156 Κύριε
1199 1066 1258 1156 τὴν
1272 1073 1330 1156 ῥυ-

95 1170 236 1233 υὸεῖσαν
255 1169 328 1245 τοῖς
348 1161 480 1233 πάθεσι
500 1169 561 1232 τοῦ
580 1162 658 1251 βίου
679 1163 789 1259 ψυχήν
800 1191 877 1254 μου,
898 1166 956 1234 καὶ
969 1166 1123 1256 καθαράν
1138 1163 1248 1257 αι’τὶμ,
1272 1166 1331 1237 διὸ

95 1262 236 1345 ιἐανοέας
261 1264 320 1334 καὶ
348 1263 616 1355 έξομολογησεως
635 1264 831 1357 αρόςὸοξσι·
859 1264 913 1336 ότι
934 1263 1110 1359 εὐλογητὸς
1130 1262 1162 1337 εὶ
1182 1266 1231 1349 εὶς
1250 1268 1332 1349 τοὺς

95 1369 183 1446 ἰόνας
203 1372 269 1432 τῶν
290 1363 429 1434 αὶιόνιυν.
447 1384 450 1391 ·
468 1363 584 1456 Ἀμήν.

143 1471 319 1533 Dominiooo
341 1473 433 1533 multo
456 1471 568 1536 habent
581 1473 712 1555 proprio,
736 1493 813 1555 quoe
828 1474 863 1536 od
880 1475 912 1536 S.
927 1473 1084 1536 Trinitatis
1098 1473 1244 1539 honorem
1260 1494 1330 1555 spo·

95 1581 149 1635 om.
186 1572 446 1635 Communicamus
467 1573 571 1636 lectori
590 1575 737 1657 Tropario
757 1566 922 1661 τριαὸικά.

132 1664 251 1751 ’Ἀξισν
271 1667 361 1739 ὸστὶν
381 1666 428 1749 ὦς
448 1665 586 1761 άληθῶς
605 1673 664 1761 τὴν
685 1669 771 1759 όντὶρ
788 1671 875 1741 Θεὸν
895 1667 1007 1756 όμνεῖν
1024 1666 1174 1761 Τριάὸα,Ι
1188 1662 1330 1760 άναρχον

95 1771 189 1859 ιιιέρα
220 1770 278 1838 καὶ
304 1771 521 1859 παντσυργὸν,
548 1771 791 1863 συνανάναρχον
817 1771 925 1860 λόγον,
957 1772 1025 1863 πρὸ
1056 1768 1187 1843 almon
1213 1772 1250 1841 έν
1269 1777 1330 1841 τοῦ

95 1872 186 1996 ατρὸς
219 1868 408 1962 άῤῥοόοτιυς
438 1872 599 1956 τεχθέντα
629 1874 687 1943 καὶ
716 1874 756 1942 τὸ
789 1872 883 1962 άγιον
910 1880 1042 1960 τνεῦμα
1067 1874 1106 1942 τὸ
1124 1872 1174 1943 έκ
1200 1870 1331 1962 πατρὸς

95 1972 204 2063 ρρόνιυς
225 1970 494 2062 έιτισρευόμενσν

134 2070 251 2157 ’Ἀξιον
278 2075 367 2143 ἐστὶν
395 2072 441 2155 ὥς
468 2071 619 2198 άληόιῦς,Ἐ
636 2082 697 2144 τοῦ
717 2076 800 2157 ὸσξα
790 2072 868 2158 ’ζειν
888 2099 927 2143 σε
947 2073 1006 2142 τὸν
1029 2073 1116 2143 Θεὸν
1134 2070 1263 2163 Λόγον,
1291 2067 1330 2143 ὃν

95 2172 194 2263 ρι’σσει
225 2175 283 2244 καὶ
313 2176 383 2299 τρέρ
370 2200 428 2261 μει
460 2176 503 2243 τά
530 2172 720 2266 Χερόυβὶμ,
752 2176 809 2246 καὶ
837 2177 1071 2265 ὸοξσλογοῦσιν
1098 2172 1136 2245 αὶ
1160 2172 1330 2299 Δυνάμεις

95 2283 126 2345 έν
149 2275 316 2368 Οὖρανῶν,
344 2277 403 2344 τὸν
429 2276 654 2359 ἐξαναστάντα
682 2276 859 2369 τριήμερόν
884 2274 922 2347 ἐκ
946 2274 1068 2369 τάφου,
1095 2277 1245 2367 Χριστὸν
1271 2278 1330 2346 τὸν

95 2378 227 2471 αοὸότην
249 2377 347 2469 φόβῳ
368 2376 569 2466 ὸοξόσιυμεν.

141 2478 351 2569 Ὕμνήσωμεν
377 2478 501 2559 πάντες
532 2486 743 2606 θερπρειτῶς,
772 2475 917 2569 ᾄσμασιν
939 2477 1083 2562 ἐνθέοις,
1110 2478 1170 2549 τὸν
1189 2477 1330 2569 Πατέρα

95 2580 118 2648 ιιὶ
134 2581 192 2650 τὸν
213 2579 299 2663 Υὶὸν,
321 2607 378 2649 και
369 2582 538 2667 Πνεῦμα
558 2581 597 2650 τὸ
618 2587 717 2651 θεῖον
733 2581 1003 2671 Τριςυιτόστατσν
1023 2578 1154 2671 κράτος,
1174 2581 1235 2671 τήν
1247 2578 1329 2668 μίαν

95 2681 240 2751 ὶασιλείαν
260 2682 318 2753 καὶ
337 2679 538 2773 Κυριότητα.

135 2778 201 2852 Ἢν
228 2780 369 2868 όμνσῦοι
389 2782 514 2908 πάντες
535 2781 568 2852 06
589 2790 742 2908 γηγενεῖς,
770 2812 827 2855 και
816 2782 1138 2873 oossozoyoooo‘
1104 2811 1141 2854 αι
1161 2780 1330 2870 Δυνάμεις

95 2889 128 2951 6r
121 2883 309 3011 Θόρανῶν,
331 2885 391 2975 τὴν
411 2883 479 2953 ὑπὸ
504 2893 571 2953 τῶν
586 2885 721 2955 πάντων
735 2893 865 2956 πιστῶν
878 2886 1162 2977 πρσςκυνουμένην
1181 2882 1329 2953 Μονάὸα

95 2982 131 3053 ιε’
152 2984 268 3055 οὐσίαν
288 2987 348 3076 τὴν
368 2985 639 3075 τριςυπόοτατον.

147 3090 214 3178 Τὴν
236 3086 441 3178 Κυριαρχίαν
466 3094 532 3154 τῶν
552 3087 735 3176 Χερουβὶμ,
762 3085 830 3155 καὶ.
846 3086 906 3176 τὴν
932 3086 1100 3177 Θεαρχὶαν
1127 3083 1329 3173 άσυγκρὶτως

95 3192 128 3256 ιἰν
144 3191 309 3279 Σεραφὶμ,
331 3191 390 3278 τὴν
412 3186 611 3278 άὸιαιρέτως
634 3188 764 3277 Τριάὸα
785 3188 820 3257 έν
843 3185 991 3270 Μονόόι,
1012 3189 1073 3278 τὴν
1093 3183 1197 3267 όντως
1220 3190 1329 3276 Θεαρ-

95 3284 191 3377 Ιἀντὶ
211 3289 444 3378 μέγαλόνομεν.

142 3393 282 3481 Πατέρα
302 3393 359 3461 τὸν
381 3386 520 3480 άναρχσν
534 3390 591 3460 καὶ
607 3390 703 3471 Θεὸν,
725 3388 925 3481 ουνάναρχον
937 3389 1064 3480 Λόγον,
1087 3391 1146 3460 σὸν
1159 3396 1208 3482 τῷ
1220 3386 1330 3458 Πνεό-

95 3519 141 3563 on
160 3500 348 3583 προςιυνῶ·
369 3490 551 3582 άχιόριστσν
571 3491 652 3580 μίαν
674 3491 848 3584 ἑνουμένην
869 3490 995 3575 οὐσίαν,
1016 3490 1237 3582 τριςάριθμσν
1249 3497 1330 3558 Mo-

95 3590 144 3664 ὶόα
163 3595 281 3682 όμνσις
300 3593 499 3684 τιμήσωμεν.

148 3699 216 3777 Τὰς
231 3694 466 3783 άκτινοβόλους
480 3720 540 3764 σου
556 3693 739 3783 ά,στραισὸς
761 3693 897 3787 λάμψσν
916 3720 978 3782 μοι
993 3695 1060 3763 Θεέ
1072 3719 1148 3781 μου,
1170 3688 1329 3782 τριςυττό-

95 3823 160 3867 ιατε
179 3799 382 3888 παντσυργέ
403 3799 460 3867 καὶ
481 3793 571 3865 οἶκόν
591 3822 633 3883 με
656 3798 763 3878 δεῖξον
784 3802 845 3887 σῆς
859 3793 1039 3886 άντροςὶτου
1054 3794 1162 3887 ὸόξης,
1184 3792 1329 3886 φαιδρὸν

95 3898 121 3968 ιὶ
131 3900 340 4027 φατοφόρον
358 3926 416 3969 και
407 3897 670 3968 ἀναλλοίωτον.

136 3995 202 4071 Ὃν
238 4003 374 4127 φρίσσει
402 4001 460 4071 καὶ
491 4002 606 4125 τρέμει
638 4001 680 4068 τὸ
706 4000 898 4087 Χερουβὶμ,
928 4000 986 4068 καὶ
1018 3970 1235 4087 ὸσξσλογοόσι
1265 4002 1331 4063 τῶν

95 4102 276 4191 γγέλιυν(
242 4130 278 4171 αι
298 4103 463 4193 στρατιαὶ,
485 4101 544 4169 τὸν
564 4101 600 4170 έκ
620 4110 679 4190 τῆς
698 4099 922 4191 Παρθένσυ’
902 4099 1083 4193 αφράστως
1102 4096 1330 4191 σαρκωθένια,

95 4205 206 4293 Ιριστὸν
226 4208 285 4274 τὸν
299 4203 478 4296 Ζωοὸότην
499 4201 597 4294 φόβφ
619 4201 820 4289 ὸοξόοιυμεν.
