3044 4912
361 1376 416 1440 DE
444 1374 596 1438 hlBlilS
625 1373 905 1438 cunucouutt
926 1370 1326 1437 uectusttsrluls

300 1574 397 1680 Quod
417 1620 508 1681 supra
529 1600 567 1664 de
589 1619 718 1664 onerosa
740 1600 922 1664 Graecorum
944 1599 1066 1681 pietate,
1088 1598 1205 1661 difficili
1227 1607 1317 1678 atque
1339 1593 1466 1679 perplexa

209 1704 321 1769 rituum
342 1703 458 1766 ratione
481 1722 516 1766 ex
538 1700 769 1766 occidentalium
790 1702 945 1764 hominum
966 1709 1067 1764 mente
1088 1700 1235 1781 prolatum
1256 1709 1319 1761 est:
1350 1697 1381 1761 iu
1400 1695 1468 1759 cadit
1513 1734 1516 1765 :

209 1805 337 1869 maxime
358 1804 390 1866 iu
412 1803 556 1866 librorum
579 1822 733 1867 sacrorum
757 1802 973 1867 oeconomiam.
1001 1802 1086 1875 Nam,
1109 1810 1142 1864 ut
1163 1810 1245 1865 recte
1260 1807 1366 1864 monet
1379 1797 1468 1861 alla-

208 1904 297 1987 stus,
319 1912 400 1968 tanta
422 1914 469 1966 est
490 1905 625 1987 ipsorum
649 1923 709 1968 uon
732 1906 821 1968 modo
837 1904 933 1967 moles
948 1904 978 1966 iu
991 1903 1167 1966 immensam
1182 1901 1317 1978 adaucta,
1334 1899 1389 1964 sed
1402 1900 1470 1962 inter
1504 1888 1513 1983 ³,

210 2026 245 2072 se
267 2006 434 2082 diversitas,
456 2015 490 2068 ut
511 2006 654 2087 cognosci
676 2005 771 2088 probe
793 2024 854 2068 non
877 2004 1005 2087 possint,
1028 2004 1087 2066 uisi
1110 2002 1147 2066 ah
1169 2003 1291 2065 homine
1312 2012 1348 2065 ut
1361 2001 1469 2081 linguae
1506 1994 1516 2065 ².

208 2109 256 2173 aic
277 2108 392 2171 ritunut
417 2107 549 2171 omnium
571 2107 771 2188 illiusgentis
794 2106 1020 2180 cruentissimo,
1049 2106 1151 2187 quiin
1172 2104 1277 2168 intima
1299 2103 1471 2167 Graecomu
1507 2094 1516 2163 l

209 2209 298 2292 adyta
329 2209 540 2291 pcnetraverit
583 2209 652 2290 lpse
687 2209 869 2290 conscripsit
895 2207 1203 2271 Dissertationes
1225 2206 1263 2268 ΙΙ.
1292 2205 1340 2268 de
1368 2203 1472 2267 lihris
1509 2194 1516 2265 ⁴.-

210 2309 512 2375 hlcelesiastiois
536 2309 765 2372 Graecorum
788 2309 926 2390 (Parisiis
945 2311 1037 2374 1646.
1057 2313 1090 2372 4.
1113 2310 1171 2374 351
1189 2308 1333 2389 pagg.),¹)
1356 2316 1387 2369 at
1406 2304 1473 2386 proh
1510 2324 1516 2343 ··

212 2412 300 2475 dolor
326 2412 491 2492 stupendae
519 2411 576 2472 viri
609 2410 769 2474 eruditioni
797 2410 876 2492 haud
905 2412 1082 2493 aequiparat
1109 2409 1257 2472 sermonis
1279 2407 1472 2490 perspicuitas

212 2522 242 2576 et
274 2512 432 2575 evidentia.
475 2512 550 2574 Post
577 2511 716 2573 Allatium
740 2489 884 2575 Ca'veus
912 2514 944 2575 in
965 2511 1182 2575 Dissertatione
1210 2511 1355 2586 secunda,
1382 2509 1473 2573 lhsto-

211 2615 275 2676 riae
295 2612 460 2674 Literariae
483 2613 569 2674 allisa
593 2611 659 2691 (Ed.
683 2611 778 2674 Oxou.
801 2613 886 2675 Toni.
902 2617 933 2677 2.
954 2632 985 2694 p.
1001 2615 1139 2689 20-42t
1161 2621 1250 2692 atque
1265 2612 1428 2692 liiugius
1447 2610 1474 2669 in

211 2715 290 2777 lihro
320 2712 440 2791 saepius
469 2723 701 2774 commemorato
736 2714 813 2774 hanc
840 2715 1023 2795 provinciam
1052 2722 1258 2794 susceperunt.
1302 2715 1341 2775 at
1370 2713 1474 2775 Caseus

212 2813 313 2878 Allatii
339 2812 448 2893 premit
462 2814 595 2893 vestigia,
617 2814 743 2894 Kingius
760 2822 867 2878 tractat
881 2815 1148 2897 implicatissimam
1165 2814 1374 2895 quaestionem
1390 2805 1475 2888 ὦςὲν

212 2908 364 3000 παρόδῳ.
406 2913 449 2976 Ea
476 2934 534 2994 qua
557 2915 685 2995 insignis
708 2927 753 2978 est
774 2916 929 2996 diligentia
951 2935 1047 2996 nuper
1067 2916 1226 2979 Nealius
1249 2916 1281 2977 iu
1303 2916 1363 2978 hac
1384 2915 1475 2978 emli-

215 3018 306 3082 tionis
329 3013 477 3078 curriculo
501 3016 665 3079 elaboravit
687 3018 763 3096 (The
780 3017 875 3080 Office
889 3018 990 3079 Books
1013 3019 1046 3078 ol
1066 3019 1116 3080 the
1132 3017 1208 3097 Holy
1222 3018 1349 3079 Eastern
1367 3016 1475 3081 Church

212 3121 233 3182 l.
254 3137 280 3181 c.
302 3119 340 3180 ll.
362 3118 598 3197 patu-auu).
641 3119 745 3198 Neque
777 3118 874 3180 deluit
903 3118 1078 3181 doctissimo
1111 3120 1173 3181 viro
1204 3117 1302 3198 ipsius
1337 3119 1476 3182 ecclesiae

214 3216 354 3290 Graecae,
383 3226 415 3278 ut
436 3218 476 3279 ita
500 3218 606 3292 dicam,
629 3221 802 3298 suliragium
824 3228 913 3300 atque
935 3219 1092 3282 auxilium:
1126 3226 1208 3298 grata
1230 3230 1332 3282 ruente
1354 3239 1476 3285 courme-

213 3326 311 3378 morat
330 3318 496 3396 Eugenium
517 3319 565 3380 Pa
572 3322 659 3400 poll
663 3368 671 3394 ,
694 3321 841 3383 ecclesiae
863 3321 1008 3385 llussicae
1030 3339 1105 3401 quae
1120 3319 1249 3397 hundini
1274 3330 1320 3383 est
1343 3321 1476 3385 sacerdo·

213 3427 273 3480 tem
296 3418 347 3499 qui
370 3419 517 3481 dubitanti
545 3421 590 3483 rel
618 3421 779 3484 haesitanti
812 3422 927 3484 calamo
955 3423 1066 3503 optime
1095 3420 1289 3483 consuluerit.
1341 3425 1476 3487 Nostrum

217 3520 274 3581 erit
296 3537 446 3599 exponere
473 3520 612 3596 breuiter,
642 3541 718 3603 quae
741 3523 914 3602 gravissima
938 3525 1065 3586 suntad
1088 3522 1242 3584 orientalis
1266 3521 1414 3585 ecclcsiae
1434 3537 1476 3580 sa·

215 3639 296 3683 cram
318 3621 533 3702 supellectilem
554 3624 791 3703 perlustrandam
815 3633 845 3687 et
865 3624 1116 3706 perspiciendam.

299 3723 323 3783 Ι.
345 3724 485 3786 Summae
507 3725 692 3787 auctoritatis
708 3735 755 3787 est
768 3725 808 3787 Li
819 3727 1022 3802 turgiarum
1039 3725 1105 3786 Lib
1116 3744 1155 3786 er
1175 3725 1264 3786 Russ.
1280 3722 1475 3787 Schluhesch·

215 3823 276 3895 nik,
300 3823 330 3883 in
346 3844 405 3904 quo
420 3825 578 3887 Missamm
594 3827 837 3889 celebrandarum
854 3828 949 3890 series
964 3826 1105 3888 hahetur:
1128 3825 1249 3887 loannis
1265 3822 1476 3906 chrysostomi,

214 3923 319 3985 Basilii
334 3925 432 4004 Magni
453 3926 593 4007 illiusque
616 3947 703 4009 quam
725 3940 832 3991 vocant
852 3922 1135 4014 προηγιασμένων.
1166 3928 1244 3990 Sunt
1265 3927 1356 3989 etiarn
1377 3924 1476 3996 libelli,

216 4023 248 4087 in
276 4025 384 4104 quibus
405 4027 498 4089 llissa
520 4029 722 4109 chrysostomi
751 4031 929 4093 continetur.
973 4029 1006 4092 Si
1034 4027 1181 4140 accedunt
1207 4028 1243 4091 ad
1271 4027 1380 4090 hlissas
1407 4027 1477 4089 ritus

303 4278 326 4338 l)
344 4280 422 4329 Prima
431 4282 602 4332 Dissertatione
619 4284 699 4346 viginti
718 4292 767 4334 tres
777 4285 922 4334 Graecorum
940 4283 1015 4334 libros
1034 4284 1211 4334 ecclesiasticos
1228 4283 1361 4348 percurrit:
1379 4277 1481 4332 secunda

219 4362 333 4424 singulari
357 4367 452 4427 negotio
477 4366 582 4429 disputat
608 4367 637 4416 de
656 4368 762 4429 Triodio,
787 4368 967 4421 Pentecostario
992 4377 1015 4420 et
1033 4368 1189 4431 Peracletico,
1212 4368 1375 4418 recentiorum
1392 4364 1483 4416 autiu-

218 4447 304 4497 meutis
322 4449 412 4512 passim
431 4449 606 4500 haereticorum
624 4450 679 4504 labe
697 4453 829 4518 adspersis.
