3044 4912
819 235 868 309 98

204 420 504 516 ἐπικαλουμένοις
537 446 593 495 σε·
627 419 690 494 καὶ
722 415 955 517 λότρωσαι
933 427 1033 545 ημᾶς
1059 417 1132 493 άπὸ
1158 416 1336 516 αλσχόνης
1360 447 1486 548 παρα-

204 522 436 617 πτωμάτων·
462 518 684 620 κάθαρον“
663 529 773 648 ημῶν
798 519 867 597 τὸν
891 529 988 650 νρῦν
1011 520 1075 596 καὶ
1100 521 1147 648 τρλ
1166 518 1393 650 φρονήματα
1410 521 1485 595 άπὸ

203 633 354 724 μιαρῶν
379 627 594 753 ἐπιθυμιῶν
617 623 683 699 καὶ
707 630 885 719 κοσμικῆς
910 618 1052 720 ἀπάτης
1076 622 1141 697 καὶ
1165 619 1285 749 πάσης
1312 620 1485 722 διαβολι-

202 723 558 856 κηςένεργεόας·
518 754 583 800 και
570 721 842 825 “πρόςδεξαιέ
843 753 866 800 κ
887 723 1046 823 χειρός
1024 732 1136 821 ημῶν
1150 733 1231 801 τῶν
1246 723 1484 822 ἁμαρτωλῶν

202 828 247 905 τὸ
280 831 460 924 θυμιαμα
492 836 617 917 τοῦτο,
652 826 703 911 ῶς
728 824 994 925 προςεδέξω“
955 853 1025 923 την
1049 824 1267 926 προςφορόιν
1284 827 1395 925 ’Ἅβελ
1420 823 1484 902 καῖ

202 937 289 1007 Νῶε
314 929 377 1005 καὶ
395 931 486 1029 Ἀαρ
488 932 543 1006 ῶν
568 928 631 1005 καὶ
658 926 854 1057 Σαμρυὴλ,
879 927 944 1004 ιιαλ
969 925 1123 1056 πάντων
1148 952 1218 1004 σου
1243 936 1322 1004 τῶν
1347 926 1483 1056 ἁγίων,

159 1026 435 1129 *ῥυόμενοςῖ
413 1041 512 1128 ημᾶς
544 1030 618 1107 άπὸ
643 1029 782 1116 παντὸς
806 1037 973 1158 πογηροῦ
997 1026 1228 1157 πράγματος,
1259 1029 1324 1104 καὶ
1349 1026 1483 1121 σώζων

202 1139 254 1218 ελς
286 1133 329 1208 τὸ
363 1130 520 1210 πάντοτε
555 1133 766 1229 εὐαρεστεῖν
796 1130 860 1207 καὶ
892 1138 1110 1231 πραςκυνεῖν
1142 1130 1205 1207 καλ
1238 1129 1411 1224 δοξάζειν
1444 1157 1483 1205 σε

201 1234 270 1311 τὸν
295 1236 451 1365 Πατέρα
476 1234 632 1312 καὶτὸν
648 1241 841 1364 μονργενῆ
867 1258 937 1310 σου
965 1233 1051 1310 Υῖὸν
1075 1232 1139 1309 καὶ
1163 1263 1206 1308 το
1192 1230 1387 1330 Πνεῦμα
1414 1261 1482 1308 σου

199 1367 224 1413 τ
201 1336 245 1413 τὸ
272 1333 472 1439 πανάγιον,
498 1344 572 1414 νῦν
597 1336 661 1411 καὶ
687 1335 743 1412 666
768 1334 831 1411 καὶ
857 1341 908 1419 ελς
931 1334 1019 1420 τοὺς
1043 1341 1194 1420 αἰῶνας.

424 1479 531 1554 Καὶ
516 1480 673 1575 άρχονται
694 1483 729 1553 οῖ
751 1481 958 1573 άναγνῶσται
979 1510 1038 1554 του
1023 1488 1263 1632 ’χιρογβικοτῖ

253 1602 484 1734 Σιγησάτω
517 1615 620 1681 παῖσα
655 1605 750 1704 σάρξ
770 1605 945 1732 βροτεία,
978 1604 1041 1679 καὶ
1074 1602 1195 1701 στήτω
1228 1604 1322 1701 μετά
1356 1601 1482 1734 φόβρυ

202 1707 266 1783 καὶ
298 1705 453 1806 τρόμου,
486 1707 550 1782 καλ
581 1707 701 1805 μηδεν
732 1704 864 1809 γήϊνον
896 1709 980 1782 ἐντ
963 1715 1075 1803 εαυτῇ
1103 1705 1380 1833 λογιζέσθω·“
1361 1705 1482 1834 ργδιρ

201 1808 378 1908 βασιλεὺς
419 1815 498 1885 τῶν
533 1807 813 1937 βασιλευόντων
846 1808 910 1883 καὶ
951 1806 1077 1906 κόριος
1118 1817 1197 1884 τῶν
1230 1804 1484 1937 κυριευόντων

201 1911 410 2010 Χριστὸς”
392 1942 412 1986 ο
442 1911 574 1996 Θεὸς“
553 1920 663 2008 ημῶν
688 1911 903 2010 προέρχεται
930 1913 1257 2086 σφριχιασθῖμαι
1234 1939 1298 1985 και
1286 1909 1482 2007 *6696666

201 2018 253 2098 ελς
270 2015 419 2112 βρῶσιν
435 2019 513 2098 τοῖς
529 2020 687 2098 πιστοῖς·
714 2021 1033 2141 προηγοῦνταιε
1059 2041 1195 2088 τουτου
1222 2013 1257 2087 οἱ
1278 2011 1390 2110 χοροὶ
1405 2020 1483 2087 τῶν

202 2115 372 2243 ἄγγέλων
396 2116 489 2213 μετὰ
517 2113 636 2213 πάσης
662 2117 777 2213 ἀρχῆς
801 2143 866 2190 και
854 2113 1062 2203 “λξουσιάς,
1087 2113 1134 2189 τδι
1155 2111 1407 2209 πολυόμματα
1420 2143 1482 2210 χε-

203 2218 357 2346 ρορβὶμ,
390 2217 453 2292 καὶ
484 2217 531 2292 τά
559 2219 786 2347 ἕξαπτέρργα
812 2215 977 2348 σεραφὶα
1008 2214 1077 2301 τὰς
1102 2218 1205 2314 ὄψεις
1229 2213 1480 2305 καλύπτοντα,

203 2318 267 2394 καὶ
291 2320 507 2419 βοῶντα
469 2349 537 2396 τον
562 2320 685 2415 ὕμνον
711 2318 921 2415 ἆλληλσόϊα,
948 2315 1159 2415 άλληλούϊα,
1185 2314 1397 2414 άλληλοόϊα.

281 2474 387 2546 XVII.
431 2481 516 2551 “0
506 2485 612 2573 ιερεὺς
644 2481 781 2572 εῖςάγων
812 2484 856 2551 τὰ
890 2481 969 2572 άγια
1002 2486 1093 2573 δῶρα
1120 2483 1209 2572 λέγει
1235 2482 1295 2573 τὴν
1322 2481 1420 2573 εὐχὴν

772 2584 903 2674 ταύτην.

275 2703 482 2792 Ὁθεὺς,“
465 2704 638 2788 οΘεὸς
618 2713 739 2830 ημῶν,
767 2705 786 2778 6
811 2705 878 2780 τὸν
905 2703 1083 2803 οὐράνιον
1110 2707 1225 2800 ἄρτον
1250 2707 1319 2802 τὴν
1333 2707 1482 2838 τροφὴν

203 2815 271 2880 τοῦ
297 2806 435 2890 παντὸς
460 2803 617 2900 κόσιιου,
646 2806 712 2881 τὸν
738 2804 924 2901 Κάριον“
904 2817 1013 2904 ημῶν
1033 2809 1178 2903 Ἰησοῦν
1203 2809 1429 2904 Χριστὸν”
1399 2821 1481 2894 εξα

203 2908 406 2997 ποστείλας,
434 2917 597 3007 σωτῆρα,
622 2938 684 2983 και
674 2909 906 3007 “λυτρωτην,
933 2911 996 2984 καὶ
1015 2910 1219 3011 εὐεργέτην,
1239 2911 1480 3011 εὐλογοῦντα,

289 3149 346 3213 Cap.
365 3150 433 3199 xvn.
451 3151 529 3200 xvnl.
565 3141 924 3216 Μ.καλπροςέρχονταιτά
942 3142 1019 3213 άγιιι.
1050 3147 1084 3198 Ολ
1102 3142 1134 3198 τά
1148 3146 1309 3214 χερσυβείμ.
1346 3151 1479 3209 (Canium

204 3233 285 3284 choro
311 3234 450 3291 canendus.)
479 3226 539 3283 Ὃτε
564 3229 594 3282 δὲ
613 3232 740 3282 τιθέασιν
758 3229 789 3281 έν
807 3231 843 3295 τῷ
859 3233 1047 3300 θυσιαστηρίῳ
1065 3222 1173 3298 εόχεται
1192 3226 1206 3282 6
1224 3227 1314 3301 ἱερεὺς
1330 3229 1380 3297 τὴν
1397 3228 1481 3299 εὐχὴν

204 3315 250 3377 τῆς
267 3318 441 3383 προθέσεως·
463 3310 493 3366 Ὁ
510 3310 583 3378 θεὸς,
608 3309 706 3373 ὁθεὸς
722 3310 804 3383 ἡμῶν
821 3317 877 3366 κτλ.
897 3327 921 3368 ιιι
939 3334 1021 3382 supra.
1057 3318 1170 3380 Sequitur
1187 3321 1264 3367 oratio
1283 3333 1359 3382 super
1378 3321 1478 3384 thymia·

205 3411 283 3452 mute:
308 3399 437 3450 Δέσποτα
460 3392 651 3467 παντοκράτορ
674 3399 787 3464 βασιλεῦ
804 3400 849 3464 τῆς
866 3394 955 3464 δόξης.
989 3403 1049 3452 Dein
1067 3395 1132 3466 εὐχὴ
1149 3400 1301 3467 λεγομένη·
1327 3417 1478 3469 προςερχο·

204 3485 298 3552 μένων
316 3483 370 3533 τῶν
387 3477 483 3550 ἁγίων,
508 3486 555 3535 τοῦ
572 3477 654 3550 ἁγίου
671 3484 836 3539 Δωνοσίους
864 3480 893 3536 τὸ
911 3479 1029 3553 φρικτόν
1045 3499 1097 3536 σου
1114 3479 1189 3552 κύριε
1207 3478 1410 3550 καταλαβόντες
1426 3479 1479 3538 δά-

202 3566 292 3619 πεδον
307 3559 498 3635 θαμβούμεθα
516 3566 555 3632 τῶ
571 3563 707 3634 προςῶπιρ
726 3569 756 3639 τῇ
770 3569 886 3637 λαμπρᾷ
903 3582 953 3621 σου
971 3570 1086 3639 τραπέζῃ
1104 3565 1337 3637 προςερχόμενοι·
1362 3572 1411 3622 καλ
1427 3572 1478 3622 πέ-

203 3652 253 3708 λας
276 3650 324 3702 τοῦ
346 3652 470 3718 φοβεροῦ
488 3665 539 3703 σου
556 3647 702 3721 γινόμενοι
717 3646 840 3721 βήματος
855 3646 1033 3720 κλονούμεθα
1051 3653 1088 3718 τῷ
1105 3653 1207 3721 παλμηῖ
1224 3649 1256 3705 τά
1272 3653 1343 3722 μέλη
1360 3648 1477 3721 βραττό-

202 3751 293 3800 μενοι,
310 3731 461 3803 ἀνέφικτον
476 3735 555 3803 θῦμα
574 3732 766 3805 προςάγσντες.
787 3739 835 3795 Τίς
850 3734 905 3807 γὰρ
922 3738 1049 3805 γηγενῶν
1057 3738 1268 3806 προςηλωμένος
1282 3742 1338 3796 τοῖς
1347 3735 1479 3804 πάθεσιν,

203 3808 280 3877 άξιος
301 3818 468 3883 τηλικούτων
490 3824 650 3891 μυστηρίων
673 3814 834 3887 έξάιμασθαι
851 3816 983 3884 δόναται,·
1004 3817 1165 3889 Ἀφαίρεται.
1182 3817 1236 3890 γάρ
1254 3818 1304 3887 τὴν
1320 3823 1479 3894 παρρησίαν

203 3899 234 3953 τὸ
258 3906 302 3967 τῆς
324 3898 435 3969 φύσεως
457 3900 576 3956 ἄστατον
599 3905 647 3955 καλ
664 3899 834 3968 συνειδήσεις
851 3904 960 3972 ἐναγεῖς
976 3907 1014 3971 τῶ
1032 3906 1071 3970 νῷ
1087 3900 1293 3974 κατεργάζεται·
1317 3909 1367 3958 καλ
1384 3904 1479 3967 σκότος

203 3980 302 4053 ἐπάγει
325 3989 361 4052 τῷ
383 3983 554 4056 βλέμματι
537 4004 659 4087 ασεμνμς
676 3992 798 4041 πολιτεία
816 3989 863 4040 καλ
878 3993 936 4054 βίος
953 3988 1086 4085 ἐπίμονος
1103 3985 1171 4042 ὅθεν
1187 3990 1357 4060 δεδοίκαμεν
1375 3993 1480 4058 καὶτῷ

128 4117 132 4123 ,
203 4065 283 4140 φόβῳ
308 4066 499 4141 κλονοόμεθα
524 4069 593 4142 μήτε
616 4069 653 4132 ῶς
670 4070 789 4133 ἀναξίως
805 4073 860 4123 τῶν
877 4070 976 4142 δῶρων
994 4067 1139 4142 ἁψάμενοι
1157 4077 1305 4145 τρέφωμεν
1321 4073 1391 4126 καθ’
1411 4073 1479 4127 ἑαυ-

203 4155 259 4204 τῶν
282 4169 330 4216 την
352 4158 435 4206 θείαν
458 4155 606 4220 ἐκδίκησιν,
641 4155 695 4210 Διὸ
717 4151 932 4226 καθικετεύομεν
956 4175 1004 4223 την
1020 4160 1239 4230 φιλανθρωπίαν
1256 4174 1320 4211 σου·
1345 4155 1424 4219 δός“
1411 4164 1479 4230 ημῖν

203 4230 383 4305 άγιοπρεπῶς
405 4241 459 4290 τῶν
477 4234 565 4307 ἁγίων
583 4255 633 4293 σου
649 4245 810 4310 μυστηρίων
827 4237 1019 4310 ἀπάρξασθαι·
1046 4236 1277 4313 ἐνδυνάμωσον
1266 4243 1338 4313 ημᾶς
1356 4245 1479 4298 δέσποτα

203 4322 280 4394 ψυχῇ
302 4323 349 4373 καλ
371 4320 478 4390 στόματι
503 4325 550 4374 καλ
570 4320 688 4395 χάρισαι
704 4323 771 4394 ἡμῖν
788 4319 912 4395 ἀμώμως
928 4328 1107 4398 λερουργῇσαι
1124 4332 1156 4399 τῇ
1172 4329 1206 4397 σῇ
1222 4321 1329 4398 ἀρρήτῳ
1347 4323 1479 4398 δυνάμει.

203 4400 301 4461 Πάντα
318 4402 372 4476 γὰρ
390 4404 438 4457 διά
456 4420 507 4459 σου
525 4410 597 4460 ελσλν
614 4411 661 4462 καλ
678 4413 775 4480 πρέπει
793 4425 837 4462 σοι
854 4412 930 4463 πᾶσα
957 4406 1024 4471 δόξα
1051 4408 1116 4481 τιμὴ
1133 4412 1181 4463 καλ
1196 4413 1426 4482 μεγαλοπρέπεια
1442 4416 1479 4480 τῷ

201 4493 289 4560 πατρί
303 4501 349 4543 οτι.
383 4494 412 4544 Et
435 4495 482 4544 alia
505 4497 591 4547 oratio.
629 4492 727 4554 Οὐδεὶς
749 4489 824 4556 ἄξιος
847 4514 908 4565 quae
933 4499 1035 4550 habetur
1052 4501 1077 4551 in
1094 4499 1207 4563 Lilurgiis
1226 4500 1309 4552 Basilii
1327 4510 1352 4554 τι
1370 4502 1479 4568 Chryso·
