<?xml version="1.0" encoding="UTF-8"?>
<!DOCTYPE html PUBLIC "-//W3C//DTD XHTML 1.0 Transitional//EN"
    "http://www.w3.org/TR/xhtml1/DTD/xhtml1-transitional.dtd">
<html xmlns="http://www.w3.org/1999/xhtml" xml:lang="en" lang="en">
 <head>
  <title>
</title>
<meta http-equiv="Content-Type" content="text/html;charset=utf-8" />
  <meta name='ocr-system' content='tesseract 3.04.00' />
  <meta name='ocr-capabilities' content='ocr_page ocr_carea ocr_par ocr_line ocrx_word'/>
</head>
<body>
  <div class='ocr_page' id='page_1' title='image "./codexliturgicus05danigoog_0159.png"; bbox 0 0 3044 4912; ppageno 0'>
   <div class='ocr_carea' id='block_1_1' title="bbox 775 262 849 339">
    <p class='ocr_par' dir='ltr' id='par_1_1' title="bbox 775 262 849 339">
     <span class='ocr_line' id='line_1_1' title="bbox 775 262 849 339; baseline 0.054 -3"><span class='ocrx_word' id='word_1_1' title='bbox 775 262 849 339; x_wconf 81' lang='lat'><strong><em>148</em></strong></span> 
     </span>
    </p>
   </div>
   <div class='ocr_carea' id='block_1_2' title="bbox 158 442 1415 1589">
    <p class='ocr_par' dir='ltr' id='par_1_2' title="bbox 158 442 1415 1562">
     <span class='ocr_line' id='line_1_2' title="bbox 176 442 1412 574; baseline 0 -52"><span class='ocrx_word' id='word_1_2' title='bbox 176 447 239 523; x_wconf 81' lang='grc' dir='ltr'><strong><em>καὶ</em></strong></span> <span class='ocrx_word' id='word_1_3' title='bbox 270 442 458 574; x_wconf 83' lang='grc' dir='ltr'><strong><em>μακάριόν</em></strong></span> <span class='ocrx_word' id='word_1_4' title='bbox 491 470 559 521; x_wconf 93' lang='grc' dir='ltr'><strong><em>σου</em></strong></span> <span class='ocrx_word' id='word_1_5' title='bbox 591 445 758 541; x_wconf 82' lang='grc' dir='ltr'><strong><em>θέλημα,</em></strong></span> <span class='ocrx_word' id='word_1_6' title='bbox 797 446 1108 574; x_wconf 71' lang='grc' dir='ltr'><strong><em>δρθοτρμοῦντας</em></strong></span> <span class='ocrx_word' id='word_1_7' title='bbox 1139 444 1207 521; x_wconf 85' lang='grc' dir='ltr'><strong><em>τὸν</em></strong></span> <span class='ocrx_word' id='word_1_8' title='bbox 1241 442 1356 524; x_wconf 91' lang='grc' dir='ltr'><strong><em>λόον</em></strong></span> <span class='ocrx_word' id='word_1_9' title='bbox 1390 476 1412 522; x_wconf 92' lang='grc' dir='ltr'><strong><em>τ</em></strong></span> 
     </span>
     <span class='ocr_line' id='line_1_3' title="bbox 178 474 1415 677; baseline 0 -53"><span class='ocrx_word' id='word_1_10' title='bbox 178 547 375 677; x_wconf 83' lang='grc' dir='ltr'><strong><em>ἀληθείας,</em></strong></span> <span class='ocrx_word' id='word_1_11' title='bbox 410 545 482 623; x_wconf 86' lang='grc' dir='ltr'><strong><em>σὺν</em></strong></span> <span class='ocrx_word' id='word_1_12' title='bbox 513 555 629 622; x_wconf 87' lang='grc' dir='ltr'><strong><em>πᾶσιν</em></strong></span> <span class='ocrx_word' id='word_1_13' title='bbox 662 543 929 644; x_wconf 81' lang='grc' dir='ltr'><strong><em>ἀρθοδόξοις</em></strong></span> <span class='ocrx_word' id='word_1_14' title='bbox 914 544 1141 637; x_wconf 87' lang='grc' dir='ltr'><strong><em>επισκόπρις,</em></strong></span> <span class='ocrx_word' id='word_1_15' title='bbox 1173 474 1415 648; x_wconf 70' lang='grc' dir='ltr'><strong><em>πρεσίίυτίροί</em></strong></span> 
     </span>
     <span class='ocr_line' id='line_1_4' title="bbox 178 643 1415 777; baseline 0.001 -50"><span class='ocrx_word' id='word_1_16' title='bbox 178 646 365 736; x_wconf 74' lang='grc' dir='ltr'><strong><em>διακόνοις</em></strong></span> <span class='ocrx_word' id='word_1_17' title='bbox 398 643 744 744; x_wconf 75' lang='grc' dir='ltr'><strong><em>[ἁποδιεςκόνοις]’</em></strong></span> <span class='ocrx_word' id='word_1_18' title='bbox 724 646 994 750; x_wconf 89' lang='grc' dir='ltr'><strong><em>αναγνῶσταις,</em></strong></span> <span class='ocrx_word' id='word_1_19' title='bbox 1019 645 1199 777; x_wconf 75' lang='grc' dir='ltr'><strong><em>ψάλταις,</em></strong></span> <span class='ocrx_word' id='word_1_20' title='bbox 1233 649 1306 726; x_wconf 84' lang='grc' dir='ltr'><strong><em>σὺν</em></strong></span> <span class='ocrx_word' id='word_1_21' title='bbox 1340 681 1415 729; x_wconf 88' lang='grc' dir='ltr'><strong><em>παν</em></strong></span> 
     </span>
     <span class='ocr_line' id='line_1_5' title="bbox 178 747 1415 879; baseline 0.001 -51"><span class='ocrx_word' id='word_1_22' title='bbox 178 761 232 829; x_wconf 89' lang='grc' dir='ltr'><strong><em>τῶ</em></strong></span> <span class='ocrx_word' id='word_1_23' title='bbox 259 747 475 850; x_wconf 76' lang='grc' dir='ltr'><strong><em>πληρώματι</em></strong></span> <span class='ocrx_word' id='word_1_24' title='bbox 500 759 564 848; x_wconf 80' lang='grc' dir='ltr'><strong><em>τῆς</em></strong></span> <span class='ocrx_word' id='word_1_25' title='bbox 589 748 711 879; x_wconf 87' lang='grc' dir='ltr'><strong><em>ἁγίας,</em></strong></span> <span class='ocrx_word' id='word_1_26' title='bbox 744 753 945 879; x_wconf 66' lang='lat'>666661263</span> <span class='ocrx_word' id='word_1_27' title='bbox 967 749 1032 825; x_wconf 78' lang='grc' dir='ltr'><strong><em>καὶ</em></strong></span> <span class='ocrx_word' id='word_1_28' title='bbox 1058 750 1301 876; x_wconf 68' lang='grc' dir='ltr'><strong><em>ἀποστολικῆς</em></strong></span> <span class='ocrx_word' id='word_1_29' title='bbox 1326 755 1415 829; x_wconf 78' lang='grc' dir='ltr'><strong><em>ἐκκλ</em></strong></span> 
     </span>
     <span class='ocr_line' id='line_1_6' title="bbox 180 826 1415 982; baseline -0.002 -52"><span class='ocrx_word' id='word_1_30' title='bbox 180 826 290 948; x_wconf 80' lang='grc' dir='ltr'><strong><em>σίας]</em></strong></span> <span class='ocrx_word' id='word_1_31' title='bbox 332 852 445 937; x_wconf 87' lang='grc' dir='ltr'><strong><em>Τὰς</em></strong></span> <span class='ocrx_word' id='word_1_32' title='bbox 430 850 712 980; x_wconf 81' lang='grc' dir='ltr'><strong><em>επισυναγιογὰς</em></strong></span> <span class='ocrx_word' id='word_1_33' title='bbox 735 849 845 948; x_wconf 79' lang='grc' dir='ltr'><strong><em>ἡμῶν</em></strong></span> <span class='ocrx_word' id='word_1_34' title='bbox 869 849 971 948; x_wconf 91' lang='grc' dir='ltr'><strong><em>κύριε</em></strong></span> <span class='ocrx_word' id='word_1_35' title='bbox 996 847 1216 982; x_wconf 69' lang='grc' dir='ltr'><strong><em>εύλόγιγσον·</em></strong></span> <span class='ocrx_word' id='word_1_36' title='bbox 1243 852 1325 982; x_wconf 77' lang='grc' dir='ltr'><strong><em>δὸς</em></strong></span> <span class='ocrx_word' id='word_1_37' title='bbox 1338 855 1415 930; x_wconf 76' lang='grc' dir='ltr'><strong><em>αὐτι</em></strong></span> 
     </span>
     <span class='ocr_line' id='line_1_7' title="bbox 179 951 1415 1086; baseline -0.002 -54"><span class='ocrx_word' id='word_1_38' title='bbox 179 952 377 1039; x_wconf 87' lang='grc' dir='ltr'><strong><em>ἀκωλύτως</em></strong></span> <span class='ocrx_word' id='word_1_39' title='bbox 414 953 478 1029; x_wconf 82' lang='grc' dir='ltr'><strong><em>καὶ</em></strong></span> <span class='ocrx_word' id='word_1_40' title='bbox 512 951 792 1086; x_wconf 75' lang='grc' dir='ltr'><strong><em>ἀνεμποδίστως</em></strong></span> <span class='ocrx_word' id='word_1_41' title='bbox 823 954 1000 1082; x_wconf 78' lang='grc' dir='ltr'><strong><em>γενέσθαι</em></strong></span> <span class='ocrx_word' id='word_1_42' title='bbox 1033 953 1128 1029; x_wconf 80' lang='grc' dir='ltr'><strong><em>κατὰ</em></strong></span> <span class='ocrx_word' id='word_1_43' title='bbox 1162 952 1204 1028; x_wconf 86' lang='grc' dir='ltr'><strong><em>τὸ</em></strong></span> <span class='ocrx_word' id='word_1_44' title='bbox 1239 952 1352 1085; x_wconf 80' lang='grc' dir='ltr'><strong><em>ἅγιόν</em></strong></span> <span class='ocrx_word' id='word_1_45' title='bbox 1384 981 1415 1031; x_wconf 82' lang='grc' dir='ltr'><strong><em>σι</em></strong></span> 
     </span>
     <span class='ocr_line' id='line_1_8' title="bbox 158 1053 1415 1185; baseline 0 -52"><span class='ocrx_word' id='word_1_46' title='bbox 158 1058 337 1155; x_wconf 71' lang='grc' dir='ltr'><strong><em>θέλημα.</em></strong></span> <span class='ocrx_word' id='word_1_47' title='bbox 393 1059 527 1139; x_wconf 77' lang='grc' dir='ltr'><strong><em>Οἵκους</em></strong></span> <span class='ocrx_word' id='word_1_48' title='bbox 557 1055 693 1150; x_wconf 86' lang='grc' dir='ltr'><strong><em>εὐχῶν,</em></strong></span> <span class='ocrx_word' id='word_1_49' title='bbox 726 1059 849 1185; x_wconf 74' lang='grc' dir='ltr'><strong><em>οίκρυς</em></strong></span> <span class='ocrx_word' id='word_1_50' title='bbox 880 1053 1112 1183; x_wconf 81' lang='grc' dir='ltr'><strong><em>εύλογιῶν</em></strong></span> <span class='ocrx_word' id='word_1_51' title='bbox 1091 1060 1183 1151; x_wconf 79' lang='grc' dir='ltr'><strong><em>ημῖν</em></strong></span> <span class='ocrx_word' id='word_1_52' title='bbox 1215 1086 1254 1131; x_wconf 86' lang='grc' dir='ltr'><strong><em>τε</em></strong></span> <span class='ocrx_word' id='word_1_53' title='bbox 1286 1057 1354 1132; x_wconf 79' lang='grc' dir='ltr'><strong><em>καὶ</em></strong></span> <span class='ocrx_word' id='word_1_54' title='bbox 1377 1087 1415 1133; x_wconf 88' lang='grc' dir='ltr'><strong><em>τι</em></strong></span> 
     </span>
     <span class='ocr_line' id='line_1_9' title="bbox 179 1153 1184 1256; baseline -0.002 -23"><span class='ocrx_word' id='word_1_55' title='bbox 179 1157 319 1256; x_wconf 70' lang='grc' dir='ltr'><strong><em>μεθΗ</em></strong></span> <span class='ocrx_word' id='word_1_56' title='bbox 298 1166 397 1256; x_wconf 88' lang='grc' dir='ltr'><strong><em>ημᾶς</em></strong></span> <span class='ocrx_word' id='word_1_57' title='bbox 421 1154 568 1241; x_wconf 87' lang='grc' dir='ltr'><strong><em>δούλοις</em></strong></span> <span class='ocrx_word' id='word_1_58' title='bbox 594 1179 663 1232; x_wconf 90' lang='grc' dir='ltr'><strong><em>σου</em></strong></span> <span class='ocrx_word' id='word_1_59' title='bbox 689 1161 739 1240; x_wconf 85' lang='grc' dir='ltr'><strong><em>ελς</em></strong></span> <span class='ocrx_word' id='word_1_60' title='bbox 763 1156 831 1231; x_wconf 84' lang='grc' dir='ltr'><strong><em>τὸν</em></strong></span> <span class='ocrx_word' id='word_1_61' title='bbox 857 1161 977 1233; x_wconf 80' lang='grc' dir='ltr'><strong><em>αλῶνα</em></strong></span> <span class='ocrx_word' id='word_1_62' title='bbox 1002 1153 1106 1255; x_wconf 80' lang='grc' dir='ltr'><strong><em>διόρη</em></strong></span> <span class='ocrx_word' id='word_1_63' title='bbox 1108 1181 1184 1232; x_wconf 89' lang='grc' dir='ltr'><strong><em>σαι.</em></strong></span> 
     </span>
     <span class='ocr_line' id='line_1_10' title="bbox 248 1254 1415 1389; baseline -0.002 -53.981"><span class='ocrx_word' id='word_1_64' title='bbox 248 1260 497 1386; x_wconf 82' lang='grc' dir='ltr'><strong><em>Ἕξεγίρθητι</em></strong></span> <span class='ocrx_word' id='word_1_65' title='bbox 505 1255 607 1357; x_wconf 89' lang='grc' dir='ltr'><strong><em>κύριε</em></strong></span> <span class='ocrx_word' id='word_1_66' title='bbox 631 1287 695 1333; x_wconf 89' lang='grc' dir='ltr'><strong><em>και</em></strong></span> <span class='ocrx_word' id='word_1_67' title='bbox 682 1254 1185 1388; x_wconf 69' lang='grc' dir='ltr'><strong><em>διασκορπισθήτωσαν”</em></strong></span> <span class='ocrx_word' id='word_1_68' title='bbox 1148 1287 1184 1334; x_wconf 92' lang='grc' dir='ltr'><strong><em>οι</em></strong></span> <span class='ocrx_word' id='word_1_69' title='bbox 1208 1257 1361 1389; x_wconf 80' lang='grc' dir='ltr'><strong><em>ἐχθροί</em></strong></span> <span class='ocrx_word' id='word_1_70' title='bbox 1367 1283 1415 1333; x_wconf 91' lang='grc' dir='ltr'><strong><em>σο</em></strong></span> 
     </span>
     <span class='ocr_line' id='line_1_11' title="bbox 181 1356 1415 1490; baseline -0.002 -53"><span class='ocrx_word' id='word_1_71' title='bbox 181 1362 421 1490; x_wconf 84' lang='grc' dir='ltr'><strong><em>φυγίτωσαν</em></strong></span> <span class='ocrx_word' id='word_1_72' title='bbox 444 1356 580 1443; x_wconf 85' lang='grc' dir='ltr'><strong><em>πάντες</em></strong></span> <span class='ocrx_word' id='word_1_73' title='bbox 619 1359 654 1433; x_wconf 88' lang='lat'><strong><em>06</em></strong></span> <span class='ocrx_word' id='word_1_74' title='bbox 691 1367 887 1488; x_wconf 71' lang='grc' dir='ltr'><strong><em>μισοῦντες</em></strong></span> <span class='ocrx_word' id='word_1_75' title='bbox 920 1359 964 1435; x_wconf 88' lang='grc' dir='ltr'><strong><em>τὸ</em></strong></span> <span class='ocrx_word' id='word_1_76' title='bbox 1000 1358 1120 1456; x_wconf 88' lang='grc' dir='ltr'><strong><em>όνομύ</em></strong></span> <span class='ocrx_word' id='word_1_77' title='bbox 1153 1386 1222 1435; x_wconf 91' lang='grc' dir='ltr'><strong><em>σου</em></strong></span> <span class='ocrx_word' id='word_1_78' title='bbox 1255 1359 1299 1435; x_wconf 85' lang='grc' dir='ltr'><strong><em>τὸ</em></strong></span> <span class='ocrx_word' id='word_1_79' title='bbox 1334 1359 1415 1464; x_wconf 83' lang='grc' dir='ltr'><strong><em>ἀγιο</em></strong></span> 
     </span>
     <span class='ocr_line' id='line_1_12' title="bbox 186 1456 1415 1589; baseline -0.001 -50"><span class='ocrx_word' id='word_1_80' title='bbox 186 1463 261 1539; x_wconf 87' lang='grc' dir='ltr'><strong><em>Τὸν</em></strong></span> <span class='ocrx_word' id='word_1_81' title='bbox 287 1459 328 1538; x_wconf 83' lang='lat'><strong><em>66</em></strong></span> <span class='ocrx_word' id='word_1_82' title='bbox 354 1456 446 1588; x_wconf 74' lang='lat'>6666</span> <span class='ocrx_word' id='word_1_83' title='bbox 472 1486 540 1535; x_wconf 90' lang='grc' dir='ltr'><strong><em>σου</em></strong></span> <span class='ocrx_word' id='word_1_84' title='bbox 566 1460 634 1536; x_wconf 88' lang='grc' dir='ltr'><strong><em>τὸν</em></strong></span> <span class='ocrx_word' id='word_1_85' title='bbox 657 1459 789 1536; x_wconf 86' lang='grc' dir='ltr'><strong><em>πιστὸν</em></strong></span> <span class='ocrx_word' id='word_1_86' title='bbox 813 1490 877 1536; x_wconf 89' lang='grc' dir='ltr'><strong><em>και</em></strong></span> <span class='ocrx_word' id='word_1_87' title='bbox 865 1458 1108 1560; x_wconf 86' lang='grc' dir='ltr'><strong><em>όρθόδοξον</em></strong></span> <span class='ocrx_word' id='word_1_88' title='bbox 1120 1459 1345 1589; x_wconf 82' lang='grc' dir='ltr'><strong><em>εὐλόγησον·</em></strong></span> <span class='ocrx_word' id='word_1_89' title='bbox 1373 1491 1415 1538; x_wconf 83' lang='grc' dir='ltr'><strong><em>πι</em></strong></span> 
     </span>
    </p>
   </div>
   <div class='ocr_carea' id='block_1_3' title="bbox 57 1557 1415 1663">
    <p class='ocr_par' dir='ltr' id='par_1_3' title="bbox 57 1557 1415 1663">
     <span class='ocr_line' id='line_1_13' title="bbox 57 1557 1415 1663; baseline 0.019 -48"><span class='ocrx_word' id='word_1_90' title='bbox 57 1606 63 1615; x_wconf 97' lang='grc'><strong><em>.</em></strong></span> <span class='ocrx_word' id='word_1_91' title='bbox 148 1562 152 1567; x_wconf 88' lang='grc'><em>“</em></span> <span class='ocrx_word' id='word_1_92' title='bbox 183 1590 275 1661; x_wconf 73' lang='grc' dir='ltr'><strong><em>ησον</em></strong></span> <span class='ocrx_word' id='word_1_93' title='bbox 308 1562 425 1639; x_wconf 79' lang='grc' dir='ltr'><strong><em>αὐτὸν</em></strong></span> <span class='ocrx_word' id='word_1_94' title='bbox 456 1566 507 1645; x_wconf 74' lang='grc' dir='ltr'><strong><em>εἰς</em></strong></span> <span class='ocrx_word' id='word_1_95' title='bbox 535 1557 708 1656; x_wconf 77' lang='grc' dir='ltr'><strong><em>χιλιάδας</em></strong></span> <span class='ocrx_word' id='word_1_96' title='bbox 738 1561 801 1637; x_wconf 80' lang='grc' dir='ltr'><strong><em>καὶ</em></strong></span> <span class='ocrx_word' id='word_1_97' title='bbox 832 1561 1035 1660; x_wconf 89' lang='grc' dir='ltr'><strong><em>μυριάδας·</em></strong></span> <span class='ocrx_word' id='word_1_98' title='bbox 1070 1562 1134 1639; x_wconf 77' lang='grc' dir='ltr'><strong><em>καὶ</em></strong></span> <span class='ocrx_word' id='word_1_99' title='bbox 1164 1564 1217 1663; x_wconf 83' lang='grc' dir='ltr'><strong><em>μὴ</em></strong></span> <span class='ocrx_word' id='word_1_100' title='bbox 1249 1561 1415 1660; x_wconf 83' lang='grc' dir='ltr'><strong><em>κατισχύι</em></strong></span> 
     </span>
    </p>
   </div>
   <div class='ocr_carea' id='block_1_4' title="bbox 96 1660 1415 2072">
    <p class='ocr_par' dir='ltr' id='par_1_4' title="bbox 182 1660 1415 1970">
     <span class='ocr_line' id='line_1_14' title="bbox 182 1660 1415 1761; baseline -0.002 -21"><span class='ocrx_word' id='word_1_101' title='bbox 182 1662 398 1748; x_wconf 68' lang='grc' dir='ltr'><strong><em>θάνατος“</em></strong></span> <span class='ocrx_word' id='word_1_102' title='bbox 376 1660 560 1761; x_wconf 81' lang='grc' dir='ltr'><strong><em>ἁμαρτίας</em></strong></span> <span class='ocrx_word' id='word_1_103' title='bbox 584 1663 676 1738; x_wconf 83' lang='grc' dir='ltr'><strong><em>καθ’</em></strong></span> <span class='ocrx_word' id='word_1_104' title='bbox 704 1663 826 1760; x_wconf 82' lang='grc' dir='ltr'><strong><em>ἡμῶν,</em></strong></span> <span class='ocrx_word' id='word_1_105' title='bbox 861 1663 955 1761; x_wconf 81' lang='grc' dir='ltr'><strong><em>μηδὲ</em></strong></span> <span class='ocrx_word' id='word_1_106' title='bbox 987 1664 1084 1740; x_wconf 90' lang='grc' dir='ltr'><strong><em>κατά</em></strong></span> <span class='ocrx_word' id='word_1_107' title='bbox 1110 1666 1248 1750; x_wconf 84' lang='grc' dir='ltr'><strong><em>παντὸς</em></strong></span> <span class='ocrx_word' id='word_1_108' title='bbox 1268 1675 1338 1741; x_wconf 89' lang='grc' dir='ltr'><strong><em>τοῦ</em></strong></span> <span class='ocrx_word' id='word_1_109' title='bbox 1363 1675 1415 1741; x_wconf 74' lang='grc' dir='ltr'><strong><em>λοι</em></strong></span> 
     </span>
     <span class='ocr_line' id='line_1_15' title="bbox 184 1762 1415 1897; baseline 0.003 -59"><span class='ocrx_word' id='word_1_110' title='bbox 184 1791 266 1879; x_wconf 71' lang='grc' dir='ltr'><strong><em>σορ,</em></strong></span> <span class='ocrx_word' id='word_1_111' title='bbox 288 1762 414 1892; x_wconf 77' lang='grc' dir='ltr'><strong><em>χάριτι</em></strong></span> <span class='ocrx_word' id='word_1_112' title='bbox 438 1764 502 1839; x_wconf 81' lang='grc' dir='ltr'><strong><em>καὶ</em></strong></span> <span class='ocrx_word' id='word_1_113' title='bbox 527 1770 767 1894; x_wconf 87' lang='grc' dir='ltr'><strong><em>ολκτιρμοις</em></strong></span> <span class='ocrx_word' id='word_1_114' title='bbox 752 1764 815 1840; x_wconf 81' lang='grc' dir='ltr'><strong><em>καὶ</em></strong></span> <span class='ocrx_word' id='word_1_115' title='bbox 841 1766 1109 1896; x_wconf 78' lang='grc' dir='ltr'><strong><em>φιλανθρωπίᾳ</em></strong></span> <span class='ocrx_word' id='word_1_116' title='bbox 1133 1776 1202 1894; x_wconf 74' lang='grc' dir='ltr'><strong><em>τοῦ</em></strong></span> <span class='ocrx_word' id='word_1_117' title='bbox 1227 1795 1415 1897; x_wconf 88' lang='grc' dir='ltr'><strong><em>μονογενο</em></strong></span> 
     </span>
     <span class='ocr_line' id='line_1_16' title="bbox 185 1860 1415 1996; baseline 0 -53"><span class='ocrx_word' id='word_1_118' title='bbox 185 1895 255 1996; x_wconf 67' lang='grc' dir='ltr'><strong><em>σου</em></strong></span> <span class='ocrx_word' id='word_1_119' title='bbox 279 1867 375 1942; x_wconf 85' lang='grc' dir='ltr'><strong><em>υἱοῦ</em></strong></span> <span class='ocrx_word' id='word_1_120' title='bbox 410 1875 593 1970; x_wconf 81' lang='grc' dir='ltr'><strong><em>Ἐκφῶνως.</em></strong></span> <span class='ocrx_word' id='word_1_121' title='bbox 640 1865 691 1941; x_wconf 83' lang='grc' dir='ltr'><strong><em>δι’</em></strong></span> <span class='ocrx_word' id='word_1_122' title='bbox 722 1860 767 1941; x_wconf 85' lang='grc' dir='ltr'><strong><em>οὗ</em></strong></span> <span class='ocrx_word' id='word_1_123' title='bbox 792 1867 855 1942; x_wconf 81' lang='grc' dir='ltr'><strong><em>καὶ</em></strong></span> <span class='ocrx_word' id='word_1_124' title='bbox 879 1869 970 1964; x_wconf 78' lang='grc' dir='ltr'><strong><em>μεθ’</em></strong></span> <span class='ocrx_word' id='word_1_125' title='bbox 1001 1862 1047 1944; x_wconf 86' lang='grc' dir='ltr'><strong><em>οὗ</em></strong></span> <span class='ocrx_word' id='word_1_126' title='bbox 1073 1868 1179 1966; x_wconf 82' lang='grc' dir='ltr'><strong><em>σοὶη</em></strong></span> <span class='ocrx_word' id='word_1_127' title='bbox 1166 1866 1299 1955; x_wconf 87' lang='grc' dir='ltr'><strong><em>δόξα</em></strong></span> <span class='ocrx_word' id='word_1_128' title='bbox 1324 1869 1415 1945; x_wconf 83' lang='grc' dir='ltr'><strong><em>καὶ</em></strong></span> 
     </span>
    </p>

    <p class='ocr_par' dir='ltr' id='par_1_5' title="bbox 96 1938 1415 2072">
     <span class='ocr_line' id='line_1_17' title="bbox 96 1938 1415 2072; baseline 0.001 -28"><span class='ocrx_word' id='word_1_129' title='bbox 96 1991 98 1995; x_wconf 77' lang='grc'>’</span> <span class='ocrx_word' id='word_1_130' title='bbox 183 1966 318 2069; x_wconf 89' lang='grc' dir='ltr'><strong><em>κράτος</em></strong></span> <span class='ocrx_word' id='word_1_131' title='bbox 344 1967 415 2044; x_wconf 84' lang='grc' dir='ltr'><strong><em>σύν</em></strong></span> <span class='ocrx_word' id='word_1_132' title='bbox 440 1976 494 2066; x_wconf 78' lang='grc' dir='ltr'><strong><em>τῷ</em></strong></span> <span class='ocrx_word' id='word_1_133' title='bbox 519 1966 691 2069; x_wconf 83' lang='grc' dir='ltr'><strong><em>παναγίῳ</em></strong></span> <span class='ocrx_word' id='word_1_134' title='bbox 716 1967 780 2044; x_wconf 80' lang='grc' dir='ltr'><strong><em>καὶ</em></strong></span> <span class='ocrx_word' id='word_1_135' title='bbox 806 1938 945 2072; x_wconf 85' lang='grc' dir='ltr'><strong><em>ἀγαθῶ</em></strong></span> <span class='ocrx_word' id='word_1_136' title='bbox 971 1969 1034 2044; x_wconf 84' lang='grc' dir='ltr'><strong><em>καλ</em></strong></span> <span class='ocrx_word' id='word_1_137' title='bbox 1061 1968 1228 2070; x_wconf 81' lang='grc' dir='ltr'><strong><em>ζωοποιῷ</em></strong></span> <span class='ocrx_word' id='word_1_138' title='bbox 1256 1996 1327 2047; x_wconf 92' lang='grc' dir='ltr'><strong><em>σου</em></strong></span> <span class='ocrx_word' id='word_1_139' title='bbox 1347 1999 1415 2048; x_wconf 88' lang='grc' dir='ltr'><strong><em>πνε</em></strong></span> 
     </span>
    </p>
   </div>
   <div class='ocr_carea' id='block_1_5' title="bbox 183 2100 381 2353">
    <p class='ocr_par' dir='ltr' id='par_1_6' title="bbox 183 2100 381 2353">
     <span class='ocr_line' id='line_1_18' title="bbox 183 2100 286 2170; baseline -0.033 -23"><span class='ocrx_word' id='word_1_140' title='bbox 183 2100 286 2170; x_wconf 87' lang='grc' dir='ltr'><strong><em>ματι.</em></strong></span> 
     </span>
     <span class='ocr_line' id='line_1_19' title="bbox 254 2251 381 2353; baseline -0.016 -20"><span class='ocrx_word' id='word_1_141' title='bbox 254 2251 381 2353; x_wconf 75' lang='grc' dir='ltr'><strong><em>Ἀμήν.</em></strong></span> 
     </span>
    </p>
   </div>
   <div class='ocr_carea' id='block_1_6' title="bbox 741 2165 900 2249">
    <p class='ocr_par' dir='ltr' id='par_1_7' title="bbox 741 2165 900 2249">
     <span class='ocr_line' id='line_1_20' title="bbox 741 2165 900 2249; baseline 0.013 -12.134"><span class='ocrx_word' id='word_1_142' title='bbox 741 2165 779 2237; x_wconf 87' lang='lat' dir='ltr'><strong><em>‘O</em></strong></span> <span class='ocrx_word' id='word_1_143' title='bbox 809 2166 900 2249; x_wconf 88' lang='grc' dir='ltr'><strong><em>λαός.</em></strong></span> 
     </span>
    </p>
   </div>
   <div class='ocr_carea' id='block_1_7' title="bbox 263 2350 911 2720">
    <p class='ocr_par' dir='ltr' id='par_1_8' title="bbox 263 2350 911 2540">
     <span class='ocr_line' id='line_1_21' title="bbox 733 2350 911 2442; baseline 0.006 -21.064"><span class='ocrx_word' id='word_1_144' title='bbox 733 2350 911 2442; x_wconf 80' lang='grc' dir='ltr'><strong><em>Ὁίερεύς.</em></strong></span> 
     </span>
     <span class='ocr_line' id='line_1_22' title="bbox 263 2439 552 2540; baseline -0.011 -24"><span class='ocrx_word' id='word_1_145' title='bbox 263 2439 402 2540; x_wconf 69' lang='grc' dir='ltr'><strong><em>Εἰρήνη</em></strong></span> <span class='ocrx_word' id='word_1_146' title='bbox 428 2447 552 2513; x_wconf 86' lang='grc' dir='ltr'><strong><em>πᾶσιν.</em></strong></span> 
     </span>
    </p>

    <p class='ocr_par' dir='ltr' id='par_1_9' title="bbox 264 2489 900 2698">
     <span class='ocr_line' id='line_1_23' title="bbox 739 2489 900 2620; baseline 0.014 -15.156"><span class='ocrx_word' id='word_1_147' title='bbox 739 2533 778 2605; x_wconf 89' lang='lat'><strong><em>‘0</em></strong></span> <span class='ocrx_word' id='word_1_148' title='bbox 809 2489 900 2620; x_wconf 70' lang='grc' dir='ltr'><strong><em>λαός.</em></strong></span> 
     </span>
     <span class='ocr_line' id='line_1_24' title="bbox 264 2619 752 2720; baseline -0.002 -22"><span class='ocrx_word' id='word_1_149' title='bbox 264 2624 337 2698; x_wconf 80' lang='grc' dir='ltr'><strong><em>Καὶ</em></strong></span> <span class='ocrx_word' id='word_1_150' title='bbox 369 2632 422 2720; x_wconf 89' lang='grc' dir='ltr'><strong><em>,τῶ</em></strong></span> <span class='ocrx_word' id='word_1_151' title='bbox 458 2619 640 2718; x_wconf 87' lang='grc' dir='ltr'><strong><em>πνεύαατί</em></strong></span> <span class='ocrx_word' id='word_1_152' title='bbox 673 2647 752 2697; x_wconf 89' lang='grc' dir='ltr'><strong><em>σου.</em></strong></span> 
     </span>
    </p>
   </div>
   <div class='ocr_carea' id='block_1_8' title="bbox 264 2752 976 3086">
    <p class='ocr_par' dir='ltr' id='par_1_10' title="bbox 264 2752 976 3086">
     <span class='ocr_line' id='line_1_25' title="bbox 706 2752 930 2835; baseline 0 -12"><span class='ocrx_word' id='word_1_153' title='bbox 706 2752 744 2823; x_wconf 89' lang='lat'><strong><em>‘0</em></strong></span> <span class='ocrx_word' id='word_1_154' title='bbox 767 2752 930 2835; x_wconf 87' lang='grc' dir='ltr'><strong><em>διάκονος.</em></strong></span> 
     </span>
     <span class='ocr_line' id='line_1_26' title="bbox 264 2855 976 2955; baseline -0.001 -21"><span class='ocrx_word' id='word_1_155' title='bbox 264 2861 420 2934; x_wconf 79' lang='grc' dir='ltr'><strong><em>Βλέπετε</em></strong></span> <span class='ocrx_word' id='word_1_156' title='bbox 445 2855 552 2953; x_wconf 85' lang='grc' dir='ltr'><strong><em>μήτις</em></strong></span> <span class='ocrx_word' id='word_1_157' title='bbox 577 2866 655 2932; x_wconf 87' lang='grc' dir='ltr'><strong><em>τῶν</em></strong></span> <span class='ocrx_word' id='word_1_158' title='bbox 680 2859 976 2955; x_wconf 83' lang='grc' dir='ltr'><strong><em>κατηχοομίνων.</em></strong></span> 
     </span>
     <span class='ocr_line' id='line_1_27' title="bbox 267 2984 973 3086; baseline -0.003 -24"><span class='ocrx_word' id='word_1_159' title='bbox 267 2984 337 3062; x_wconf 80' lang='grc' dir='ltr'><strong><em>Καὶ</em></strong></span> <span class='ocrx_word' id='word_1_160' title='bbox 359 2990 546 3086; x_wconf 81' lang='grc' dir='ltr'><strong><em>ψάλλουσιν</em></strong></span> <span class='ocrx_word' id='word_1_161' title='bbox 568 2988 601 3060; x_wconf 86' lang='lat'><strong><em>06</em></strong></span> <span class='ocrx_word' id='word_1_162' title='bbox 619 2992 778 3081; x_wconf 80' lang='grc' dir='ltr'><strong><em>χεροοβὶμ</em></strong></span> <span class='ocrx_word' id='word_1_163' title='bbox 798 2999 973 3078; x_wconf 87' lang='grc' dir='ltr'><strong><em>μυστικῶς.</em></strong></span> 
     </span>
    </p>
   </div>
   <div class='ocr_carea' id='block_1_9' title="bbox 189 3134 1415 3653">
    <p class='ocr_par' dir='ltr' id='par_1_11' title="bbox 267 3134 1371 3233">
     <span class='ocr_line' id='line_1_28' title="bbox 267 3134 1371 3233; baseline 0.006 -26"><span class='ocrx_word' id='word_1_164' title='bbox 267 3134 306 3207; x_wconf 85' lang='grc' dir='ltr'><strong><em>Χ.</em></strong></span> <span class='ocrx_word' id='word_1_165' title='bbox 344 3141 382 3211; x_wconf 89' lang='lat'><strong><em>‘0</em></strong></span> <span class='ocrx_word' id='word_1_166' title='bbox 406 3142 510 3233; x_wconf 75' lang='grc' dir='ltr'><strong><em>ἱερεύς</em></strong></span> <span class='ocrx_word' id='word_1_167' title='bbox 531 3142 648 3231; x_wconf 75' lang='grc' dir='ltr'><strong><em>βάλλει</em></strong></span> <span class='ocrx_word' id='word_1_168' title='bbox 668 3141 825 3230; x_wconf 85' lang='grc' dir='ltr'><strong><em>θυμίαμα</em></strong></span> <span class='ocrx_word' id='word_1_169' title='bbox 848 3142 895 3224; x_wconf 81' lang='grc' dir='ltr'><strong><em>εἷς</em></strong></span> <span class='ocrx_word' id='word_1_170' title='bbox 916 3144 954 3213; x_wconf 86' lang='grc' dir='ltr'><strong><em>τὸ</em></strong></span> <span class='ocrx_word' id='word_1_171' title='bbox 976 3141 1131 3226; x_wconf 80' lang='grc' dir='ltr'><strong><em>Εἷςόδιον</em></strong></span> <span class='ocrx_word' id='word_1_172' title='bbox 1152 3144 1208 3212; x_wconf 84' lang='grc' dir='ltr'><strong><em>καὶ</em></strong></span> <span class='ocrx_word' id='word_1_173' title='bbox 1230 3138 1371 3228; x_wconf 77' lang='grc' dir='ltr'><strong><em>ε’όχεται.</em></strong></span> 
     </span>
    </p>

    <p class='ocr_par' dir='ltr' id='par_1_12' title="bbox 189 3244 1415 3652">
     <span class='ocr_line' id='line_1_29' title="bbox 266 3244 1415 3376; baseline 0.002 -54"><span class='ocrx_word' id='word_1_174' title='bbox 266 3247 379 3345; x_wconf 85' lang='grc' dir='ltr'><strong><em>Κύριε</em></strong></span> <span class='ocrx_word' id='word_1_175' title='bbox 406 3248 426 3322; x_wconf 90' lang='lat'><strong><em>6</em></strong></span> <span class='ocrx_word' id='word_1_176' title='bbox 452 3249 541 3376; x_wconf 73' lang='grc' dir='ltr'><strong><em>θεός</em></strong></span> <span class='ocrx_word' id='word_1_177' title='bbox 565 3246 674 3344; x_wconf 82' lang='grc' dir='ltr'><strong><em>ἡμῶν</em></strong></span> <span class='ocrx_word' id='word_1_178' title='bbox 701 3246 720 3321; x_wconf 89' lang='lat'><strong><em>6</em></strong></span> <span class='ocrx_word' id='word_1_179' title='bbox 746 3244 901 3322; x_wconf 87' lang='grc' dir='ltr'><strong><em>πάντων</em></strong></span> <span class='ocrx_word' id='word_1_180' title='bbox 926 3245 1137 3346; x_wconf 80' lang='grc' dir='ltr'><strong><em>ἀπροςδεής,</em></strong></span> <span class='ocrx_word' id='word_1_181' title='bbox 1148 3251 1169 3346; x_wconf 83' lang='lat'><strong><em>¹)</em></strong></span> <span class='ocrx_word' id='word_1_182' title='bbox 1198 3248 1298 3333; x_wconf 80' lang='grc' dir='ltr'><strong><em>δέξαι</em></strong></span> <span class='ocrx_word' id='word_1_183' title='bbox 1325 3250 1368 3324; x_wconf 90' lang='grc' dir='ltr'><strong><em>τὸ</em></strong></span> <span class='ocrx_word' id='word_1_184' title='bbox 1389 3253 1415 3324; x_wconf 90' lang='lat'><strong><em>6</em></strong></span> 
     </span>
     <span class='ocr_line' id='line_1_30' title="bbox 189 3347 1415 3477; baseline 0.002 -53"><span class='ocrx_word' id='word_1_185' title='bbox 189 3349 322 3477; x_wconf 73' lang='grc' dir='ltr'><strong><em>μίαιια</em></strong></span> <span class='ocrx_word' id='word_1_186' title='bbox 338 3358 461 3437; x_wconf 88' lang='grc' dir='ltr'><strong><em>τοῦτο,</em></strong></span> <span class='ocrx_word' id='word_1_187' title='bbox 489 3354 527 3433; x_wconf 82' lang='grc' dir='ltr'><strong><em>ἐξ</em></strong></span> <span class='ocrx_word' id='word_1_188' title='bbox 552 3348 706 3433; x_wconf 84' lang='grc' dir='ltr'><strong><em>ἀναξίου</em></strong></span> <span class='ocrx_word' id='word_1_189' title='bbox 721 3349 843 3445; x_wconf 88' lang='grc' dir='ltr'><strong><em>χειρὸς</em></strong></span> <span class='ocrx_word' id='word_1_190' title='bbox 861 3347 1171 3448; x_wconf 83' lang='grc' dir='ltr'><strong><em>προςιρερόιιενον,</em></strong></span> <span class='ocrx_word' id='word_1_191' title='bbox 1198 3352 1261 3425; x_wconf 80' lang='grc' dir='ltr'><strong><em>καὶ</em></strong></span> <span class='ocrx_word' id='word_1_192' title='bbox 1279 3360 1344 3446; x_wconf 80' lang='grc' dir='ltr'><strong><em>τῆς</em></strong></span> <span class='ocrx_word' id='word_1_193' title='bbox 1362 3381 1415 3426; x_wconf 89' lang='grc' dir='ltr'><strong><em>πα</em></strong></span> 
     </span>
     <span class='ocr_line' id='line_1_31' title="bbox 191 3450 1415 3581; baseline -0.001 -53"><span class='ocrx_word' id='word_1_194' title='bbox 191 3461 260 3581; x_wconf 84' lang='lat'><strong><em>606</em></strong></span> <span class='ocrx_word' id='word_1_195' title='bbox 286 3450 453 3552; x_wconf 75' lang='grc' dir='ltr'><strong><em>εὐλογίας</em></strong></span> <span class='ocrx_word' id='word_1_196' title='bbox 478 3452 620 3534; x_wconf 86' lang='grc' dir='ltr'><strong><em>πάντας</em></strong></span> <span class='ocrx_word' id='word_1_197' title='bbox 644 3450 742 3546; x_wconf 81' lang='grc' dir='ltr'><strong><em>ἡμᾶς</em></strong></span> <span class='ocrx_word' id='word_1_198' title='bbox 767 3451 937 3535; x_wconf 85' lang='grc' dir='ltr'><strong><em>ἀξίωσον.</em></strong></span> <span class='ocrx_word' id='word_1_199' title='bbox 990 3452 1052 3526; x_wconf 83' lang='grc' dir='ltr'><strong><em>Σὺ</em></strong></span> <span class='ocrx_word' id='word_1_200' title='bbox 1077 3452 1191 3554; x_wconf 81' lang='grc' dir='ltr'><strong><em>γὰρε</em></strong></span> <span class='ocrx_word' id='word_1_201' title='bbox 1176 3451 1415 3554; x_wconf 80' lang='grc' dir='ltr'><strong><em>εἶὸἁγιασμ</em></strong></span> 
     </span>
     <span class='ocr_line' id='line_1_32' title="bbox 189 3550 1037 3653; baseline -0.002 -25"><span class='ocrx_word' id='word_1_202' title='bbox 189 3555 316 3653; x_wconf 85' lang='grc' dir='ltr'><strong><em>ἡμῶν,</em></strong></span> <span class='ocrx_word' id='word_1_203' title='bbox 337 3553 399 3628; x_wconf 82' lang='grc' dir='ltr'><strong><em>καὶ</em></strong></span> <span class='ocrx_word' id='word_1_204' title='bbox 425 3552 483 3626; x_wconf 80' lang='grc' dir='ltr'><strong><em>σολ</em></strong></span> <span class='ocrx_word' id='word_1_205' title='bbox 508 3552 577 3649; x_wconf 81' lang='grc' dir='ltr'><strong><em>τὴν</em></strong></span> <span class='ocrx_word' id='word_1_206' title='bbox 602 3550 717 3637; x_wconf 87' lang='grc' dir='ltr'><strong><em>δόξαν</em></strong></span> <span class='ocrx_word' id='word_1_207' title='bbox 744 3552 1037 3649; x_wconf 75' lang='grc' dir='ltr'><strong><em>ἀναπίαπομεν]</em></strong></span> 
     </span>
    </p>
   </div>
   <div class='ocr_carea' id='block_1_10' title="bbox 189 3683 1415 3873">
    <p class='ocr_par' dir='ltr' id='par_1_13' title="bbox 189 3683 1415 3873">
     <span class='ocr_line' id='line_1_33' title="bbox 267 3683 1415 3801; baseline -0.001 -46"><span class='ocrx_word' id='word_1_208' title='bbox 267 3687 339 3755; x_wconf 77' lang='grc' dir='ltr'><strong><em>Καὶ</em></strong></span> <span class='ocrx_word' id='word_1_209' title='bbox 366 3684 564 3775; x_wconf 81' lang='grc' dir='ltr'><strong><em>είςέρχονται</em></strong></span> <span class='ocrx_word' id='word_1_210' title='bbox 584 3687 626 3753; x_wconf 86' lang='grc' dir='ltr'><strong><em>τὰ</em></strong></span> <span class='ocrx_word' id='word_1_211' title='bbox 649 3683 727 3772; x_wconf 78' lang='grc' dir='ltr'><strong><em>ἅγια</em></strong></span> <span class='ocrx_word' id='word_1_212' title='bbox 749 3683 797 3766; x_wconf 87' lang='grc' dir='ltr'><strong><em>είς</em></strong></span> <span class='ocrx_word' id='word_1_213' title='bbox 816 3686 855 3753; x_wconf 87' lang='grc' dir='ltr'><strong><em>τὸ</em></strong></span> <span class='ocrx_word' id='word_1_214' title='bbox 877 3685 1128 3801; x_wconf 77' lang='grc' dir='ltr'><strong><em>θυσιαστήριον,</em></strong></span> <span class='ocrx_word' id='word_1_215' title='bbox 1160 3684 1257 3756; x_wconf 86' lang='grc' dir='ltr'><strong><em>καὶὸ</em></strong></span> <span class='ocrx_word' id='word_1_216' title='bbox 1282 3685 1415 3775; x_wconf 83' lang='grc' dir='ltr'><strong><em>ίερεὰς</em></strong></span> 
     </span>
     <span class='ocr_line' id='line_1_34' title="bbox 189 3786 419 3873; baseline -0.014 -17"><span class='ocrx_word' id='word_1_217' title='bbox 189 3814 284 3873; x_wconf 84' lang='grc' dir='ltr'><strong><em>χεται</em></strong></span> <span class='ocrx_word' id='word_1_218' title='bbox 305 3786 419 3867; x_wconf 73' lang='grc' dir='ltr'><strong><em>οὕτως.</em></strong></span> 
     </span>
    </p>
   </div>
   <div class='ocr_carea' id='block_1_11' title="bbox 191 3906 1415 4314">
    <p class='ocr_par' dir='ltr' id='par_1_14' title="bbox 191 3906 1415 4314">
     <span class='ocr_line' id='line_1_35' title="bbox 261 3906 1415 4037; baseline 0.001 -54.006"><span class='ocrx_word' id='word_1_219' title='bbox 261 3909 374 4037; x_wconf 84' lang='grc' dir='ltr'><strong><em>Ἆγιε,</em></strong></span> <span class='ocrx_word' id='word_1_220' title='bbox 400 3907 546 4004; x_wconf 80' lang='grc' dir='ltr'><strong><em>ύιμιστε,</em></strong></span> <span class='ocrx_word' id='word_1_221' title='bbox 581 3906 783 4008; x_wconf 70' lang='grc' dir='ltr'><strong><em>φοβερά,</em></strong></span> <span class='ocrx_word' id='word_1_222' title='bbox 766 3911 852 3985; x_wconf 77' lang='grc' dir='ltr'><strong><em>οὲν</em></strong></span> <span class='ocrx_word' id='word_1_223' title='bbox 878 3907 996 4010; x_wconf 80' lang='grc' dir='ltr'><strong><em>ἁγίοις</em></strong></span> <span class='ocrx_word' id='word_1_224' title='bbox 1022 3907 1317 3997; x_wconf 81' lang='grc' dir='ltr'><strong><em>ἀναπαυόμενος,</em></strong></span> <span class='ocrx_word' id='word_1_225' title='bbox 1350 3907 1415 4009; x_wconf 73' lang='grc' dir='ltr'><strong><em>κύρ</em></strong></span> 
     </span>
     <span class='ocr_line' id='line_1_36' title="bbox 194 4008 1415 4136; baseline 0.002 -52"><span class='ocrx_word' id='word_1_226' title='bbox 194 4011 306 4093; x_wconf 85' lang='grc' dir='ltr'><strong><em>αὐτὸς</em></strong></span> <span class='ocrx_word' id='word_1_227' title='bbox 330 4010 429 4136; x_wconf 77' lang='grc' dir='ltr'><strong><em>ἡμᾶς</em></strong></span> <span class='ocrx_word' id='word_1_228' title='bbox 455 4009 650 4136; x_wconf 87' lang='grc' dir='ltr'><strong><em>ἁγίασον,</em></strong></span> <span class='ocrx_word' id='word_1_229' title='bbox 660 4010 722 4083; x_wconf 76' lang='grc' dir='ltr'><strong><em>καὶ</em></strong></span> <span class='ocrx_word' id='word_1_230' title='bbox 749 4008 910 4093; x_wconf 76' lang='grc' dir='ltr'><strong><em>ἀξίωσον</em></strong></span> <span class='ocrx_word' id='word_1_231' title='bbox 935 4019 999 4106; x_wconf 75' lang='grc' dir='ltr'><strong><em>τῆς</em></strong></span> <span class='ocrx_word' id='word_1_232' title='bbox 1025 4012 1190 4109; x_wconf 83' lang='grc' dir='ltr'><strong><em>φοβερᾶς</em></strong></span> <span class='ocrx_word' id='word_1_233' title='bbox 1215 4037 1284 4086; x_wconf 89' lang='grc' dir='ltr'><strong><em>σου</em></strong></span> <span class='ocrx_word' id='word_1_234' title='bbox 1310 4013 1415 4111; x_wconf 82' lang='grc' dir='ltr'><strong><em>ἱερωο</em></strong></span> 
     </span>
     <span class='ocr_line' id='line_1_37' title="bbox 191 4108 1415 4242; baseline -0.002 -53"><span class='ocrx_word' id='word_1_235' title='bbox 191 4142 270 4242; x_wconf 68' lang='lat'>669,</span> <span class='ocrx_word' id='word_1_236' title='bbox 303 4112 366 4186; x_wconf 82' lang='grc' dir='ltr'><strong><em>καὶ</em></strong></span> <span class='ocrx_word' id='word_1_237' title='bbox 398 4108 604 4235; x_wconf 86' lang='grc' dir='ltr'><strong><em>προςάγογε</em></strong></span> <span class='ocrx_word' id='word_1_238' title='bbox 630 4109 727 4206; x_wconf 80' lang='grc' dir='ltr'><strong><em>ἡμᾶς</em></strong></span> <span class='ocrx_word' id='word_1_239' title='bbox 752 4120 805 4184; x_wconf 88' lang='grc' dir='ltr'><strong><em>τῶ</em></strong></span> <span class='ocrx_word' id='word_1_240' title='bbox 832 4111 942 4209; x_wconf 87' lang='grc' dir='ltr'><strong><em>τιμίιο</em></strong></span> <span class='ocrx_word' id='word_1_241' title='bbox 970 4139 1038 4186; x_wconf 92' lang='grc' dir='ltr'><strong><em>σου</em></strong></span> <span class='ocrx_word' id='word_1_242' title='bbox 1065 4113 1338 4212; x_wconf 81' lang='grc' dir='ltr'><strong><em>θυσιαστηρίῳ,</em></strong></span> <span class='ocrx_word' id='word_1_243' title='bbox 1372 4143 1415 4210; x_wconf 86' lang='grc' dir='ltr'><strong><em>με</em></strong></span> 
     </span>
     <span class='ocr_line' id='line_1_38' title="bbox 191 4209 1415 4314; baseline 0.001 -25"><span class='ocrx_word' id='word_1_244' title='bbox 191 4214 310 4310; x_wconf 85' lang='grc' dir='ltr'><strong><em>πάσης</em></strong></span> <span class='ocrx_word' id='word_1_245' title='bbox 343 4209 586 4307; x_wconf 80' lang='grc' dir='ltr'><strong><em>συνειδήσεως</em></strong></span> <span class='ocrx_word' id='word_1_246' title='bbox 618 4215 784 4314; x_wconf 83' lang='grc' dir='ltr'><strong><em>ἀγαθῆς·</em></strong></span> <span class='ocrx_word' id='word_1_247' title='bbox 820 4214 882 4286; x_wconf 80' lang='grc' dir='ltr'><strong><em>καὶ</em></strong></span> <span class='ocrx_word' id='word_1_248' title='bbox 908 4213 1165 4311; x_wconf 87' lang='grc' dir='ltr'><strong><em>καθάρισον</em></strong></span> <span class='ocrx_word' id='word_1_249' title='bbox 1144 4224 1254 4311; x_wconf 86' lang='grc' dir='ltr'><strong><em>ημῶν</em></strong></span> <span class='ocrx_word' id='word_1_250' title='bbox 1280 4245 1348 4299; x_wconf 87' lang='grc' dir='ltr'><strong><em>τας</em></strong></span> <span class='ocrx_word' id='word_1_251' title='bbox 1376 4244 1415 4290; x_wconf 89' lang='grc' dir='ltr'><strong><em>κο</em></strong></span> 
     </span>
    </p>
   </div>
   <div class='ocr_carea' id='block_1_12' title="bbox 279 4345 602 4415">
    <p class='ocr_par' dir='ltr' id='par_1_15' title="bbox 279 4345 602 4415">
     <span class='ocr_line' id='line_1_39' title="bbox 279 4345 602 4415; baseline 0 -16"><span class='ocrx_word' id='word_1_252' title='bbox 279 4355 302 4413; x_wconf 73' lang='lat'><strong><em>1)</em></strong></span> <span class='ocrx_word' id='word_1_253' title='bbox 320 4355 406 4398; x_wconf 77' lang='lat' dir='ltr'>Fnbtic.</span> <span class='ocrx_word' id='word_1_254' title='bbox 424 4345 602 4415; x_wconf 80' lang='grc' dir='ltr'><strong><em>ἀτροςενδιής,</em></strong></span> 
     </span>
    </p>
   </div>
   <div class='ocr_carea' id='block_1_13' title="bbox 192 4461 501 4472">
    <p class='ocr_par' dir='ltr' id='par_1_16' title="bbox 192 4461 501 4472">
     <span class='ocr_line' id='line_1_40' title="bbox 192 4461 501 4472; baseline 0 -1"><span class='ocrx_word' id='word_1_255' title='bbox 192 4461 501 4472; x_wconf 75' lang='lat'>————-——-</span> 
     </span>
    </p>
   </div>
   <div class='ocr_carea' id='block_1_14' title="bbox 278 4521 524 4585">
    <p class='ocr_par' dir='ltr' id='par_1_17' title="bbox 278 4521 524 4585">
     <span class='ocr_line' id='line_1_41' title="bbox 278 4521 524 4585; baseline -0.004 -14"><span class='ocrx_word' id='word_1_256' title='bbox 278 4521 336 4585; x_wconf 79' lang='lat' dir='ltr'><strong>Cap.</strong></span> <span class='ocrx_word' id='word_1_257' title='bbox 355 4522 381 4572; x_wconf 77' lang='grc' dir='ltr'><strong><em>Χ.</em></strong></span> <span class='ocrx_word' id='word_1_258' title='bbox 419 4521 464 4572; x_wconf 73' lang='lat' dir='ltr'><strong><em>lac.</em></strong></span> <span class='ocrx_word' id='word_1_259' title='bbox 485 4521 524 4571; x_wconf 77' lang='lat'><strong><em>15.</em></strong></span> 
     </span>
    </p>
   </div>
   <div class='ocr_carea' id='block_1_15' title="bbox 0 0 1532 4912">
    <p class='ocr_par' dir='ltr' id='par_1_18' title="bbox 0 0 1532 4912">
     <span class='ocr_line' id='line_1_42' title="bbox 0 0 1532 4912; baseline 0 0"><span class='ocrx_word' id='word_1_260' title='bbox 0 0 1532 4912; x_wconf 95' lang='lat' dir='ltr'><strong><em> </em></strong></span> 
     </span>
    </p>
   </div>
  </div>
 </body>
</html>
