3044 4912
677 256 752 349 ers
833 312 839 323 ,

152 459 290 532 Gustate
316 467 350 532 et
376 460 496 552 videte,
524 461 681 557 quoniam
707 463 818 535 suavis
844 475 896 535 est
922 464 1097 561 Dominus,
1124 466 1274 542 Alleluia.

151 562 347 634 Benedicite
373 561 553 634 Dominum
581 564 615 635 iu
643 564 756 657 caelis,
784 564 933 637 Alleluia.

150 664 346 736 Benedicite
372 689 448 736 eum
475 665 509 736 iu
538 665 689 757 excelsis,
715 666 865 739 Alleluia.

151 766 347 839 Renedieite
374 790 451 838 eum
478 792 595 840 omnes
621 769 731 863 angeli
757 768 843 861 eius,
869 769 1020 841 Alleluia.

151 867 348 940 Benedicite
375 893 450 940 eum
478 894 594 941 omnes
619 871 758 943 virtutes
785 872 871 962 eius,
897 872 1046 944 Alleluia.

151 970 248 1042 later
281 979 415 1042 caretum
448 970 542 1043 chari
568 971 735 1044 Sacerdos
767 997 868 1045 mnne
893 973 1036 1047 assumit
1062 999 1183 1072 carpam
1211 989 1241 1047 et
1270 977 1351 1049 dicit

97 1073 305 1144 rerimnndn:

154 1173 242 1257 Quid
276 1174 498 1274 retribuamus
531 1174 638 1247 laudis
664 1185 698 1246 et
724 1176 905 1270 gratiarum
932 1177 1072 1249 aetionis
1099 1189 1235 1275 propter
1261 1178 1351 1252 hune

97 1300 197 1348 auem
224 1286 321 1372 atque
348 1276 505 1348 caliceml
557 1276 644 1368 lesu,
672 1287 704 1348 te
731 1278 838 1350 solum
864 1279 1037 1351 laudamus
1065 1304 1130 1352 una
1157 1304 1234 1352 cum
1254 1281 1350 1353 Patre

96 1389 109 1449 t
136 1378 355 1450 Sanctissimn
383 1378 509 1475 Spiritu
537 1402 627 1451 nune
654 1388 687 1449 et
713 1379 748 1450 in
775 1381 918 1472 saecule,
945 1380 1094 1476 Amen.¹)

153 1479 200 1550 m
221 1481 354 1575 perpit:
380 1481 452 1574 Ego
481 1480 641 1553 confiteor
668 1492 702 1551 et
728 1481 839 1572 creda,
868 1482 956 1578 quod
983 1494 1020 1555 tu
1046 1508 1083 1556 es
1103 1483 1268 1576 Christus,
1295 1483 1350 1556 Fi·

99 1606 140 1653 us
167 1580 241 1672 Dei,
270 1583 356 1679 qued
385 1583 471 1655 tellis
497 1595 632 1678 peccata
658 1581 817 1679 muudi.²)
1016 1601 1018 1605 ’

157 1682 187 1755 Τ
184 1708 249 1754 erne
282 1683 402 1756 dividit
430 1709 552 1782 panem
586 1685 622 1755 in
654 1694 799 1781 quatuor
820 1695 939 1783 partes
967 1694 998 1758 et
1019 1687 1117 1785 penit
1143 1711 1201 1760 eea
1226 1688 1263 1758 in
1288 1712 1350 1759 cu-

97 1786 152 1871 lce,
181 1785 314 1857 diceas:
1329 1786 1334 1795 ’
1451 1783 1460 1797 ‘

152 1887 308 1981 Operatio
336 1885 480 1981 Spiritus
508 1883 664 1979 sanciat)
1004 1970 1006 1975 ¹

154 1988 320 2060 Sacerdos
346 2012 414 2059 nnn
441 2012 483 2059 ec
505 1986 687 2083 particulis
714 1997 886 2086 neenmptu
912 1988 994 2061 dicit
1020 1987 1205 2084 secretum)

153 2089 251 2161 Pater
277 2089 411 2181 Sancte,
439 2090 495 2186 qui
523 2114 584 2162 nos
612 2114 652 2160 ex
678 2089 812 2161 nomine
842 2090 1003 2184 unigeniti
1021 2089 1097 2162 Filii
1125 2092 1171 2163 tui
1201 2091 1350 2163 denomi-

98 2204 172 2263 etns
206 2191 368 2287 baptisma
403 2192 584 2287 spiritualis
611 2191 731 2264 lavacri
758 2191 970 2284 collustrasti‚
1005 2191 1057 2263 lae
1084 2217 1145 2266 nos
1173 2194 1349 2289 participes

100 2294 177 2367 uius
205 2296 308 2366 sancti
337 2294 496 2388 mysterii,
524 2317 589 2391 quo
617 2295 832 2367 remittuntur
859 2305 1002 2389 peccata.
1051 2294 1224 2391 lmprimas
1252 2295 1349 2366 nabis

97 2397 217 2468 retiam
244 2396 389 2491 Spiritus
415 2396 528 2467 Sancti
564 2396 713 2467 collatam
741 2420 759 2467 a
793 2405 824 2466 te
851 2397 975 2467 sanetis
1003 2397 1174 2492 apostulis,
1205 2421 1270 2493 qua
1296 2421 1349 2469 ac·

97 2510 169 2595 epta
196 2507 300 2569 totum
320 2498 479 2570 muudum
499 2498 726 2593 purificarunt.
754 2496 796 2568 Et
813 2521 914 2588 nune,
942 2498 1097 2590 Domine,
1125 2499 1223 2570 Pater
1249 2498 1348 2591 bene,

98 2602 227 2673 iseussa
261 2611 471 2695 peccatorum
506 2613 696 2672 nestrorum
724 2599 894 2694 caligine,¹
913 2624 1004 2673 nune
1031 2625 1093 2672 nos
1120 2601 1222 2673 lecias
1249 2601 1348 2697 parti·

97 2703 200 2798 ipere,
236 2703 282 2773 uti
316 2702 449 2773 ultimae
484 2726 607 2775 coenae
642 2713 716 2774 tuae
750 2701 932 2799 discipulus
960 2714 1033 2775 tuos
1061 2703 1243 2776 adhibuisti
1270 2727 1348 2775 enn-

96 2802 208 2897 iras.⁵)

153 2905 203 2976 Na
230 2905 387 3001 respicias
414 2905 646 2999 indignitatem
672 2915 819 2977 nostram
844 2915 878 2976 et
895 2903 1057 3002 Spiritum
1076 2906 1236 2979 Sanctum
1256 2916 1348 2978 tuum
1412 2952 1415 2961 ·

98 3032 116 3080 e
145 3007 277 3078 auferas
304 3032 322 3078 a
350 3007 458 3098 nohis,
486 3008 544 3078 sed
571 3032 631 3102 pru
659 3006 846 3079 incredibili
874 3030 985 3078 amere
1013 3019 1069 3079 tun
1098 3031 1177 3102 erga
1196 3008 1348 3080 homiues

97 3109 235 3200 nueeda,
268 3120 306 3181 ut
339 3109 401 3180 hoe
435 3109 652 3202 (mysterium)
688 3109 746 3180 hat
779 3108 875 3179 nnhis
909 3108 1094 3203 purificatio
1130 3132 1168 3180 ar.
1194 3110 1347 3181 remissio

97 3224 287 3284 eeeatnrum
329 3223 539 3301 nostrarum,
581 3212 668 3281 sieut
706 3210 860 3306 permisit
892 3209 1054 3282 Dominus
1097 3220 1211 3283 noster
1254 3211 1348 3283 lesus

162 3449 188 3507 1)
212 3449 296 3498 Steel:
320 3447 418 3497 Welche
442 3445 608 3510 hebpreisung
633 3447 692 3496 oder
717 3446 807 3496 welche
832 3446 992 3510 Danleagung
1018 3446 1097 3496 eollen
1122 3448 1166 3498 wir
1191 3449 1251 3499 uber
1269 3448 1348 3498 dieses

97 3535 138 3586 red
157 3533 206 3583 und
227 3534 309 3581 diesen
329 3532 401 3582 lleleh
420 3531 590 3596 ausspreehen.

162 3617 189 3679 2)
208 3612 332 3664 Πιστεύω
350 3606 435 3678 Κύριε
453 3614 508 3664 κτλ.
528 3631 551 3679 p.
565 3614 623 3665 367.

161 3703 187 3763 3)
212 3702 296 3751 Seeck:
317 3700 368 3749 Und
387 3701 425 3749 die
444 3700 526 3749 Hostia
545 3699 665 3748 brechend
693 3698 757 3748 wirte
780 3713 807 3747 er
826 3698 901 3748 deren
920 3698 943 3747 in
963 3699 1009 3748 deu
1027 3698 1100 3748 heleb
1119 3700 1162 3749 des
1179 3698 1261 3750 Btntes
1279 3715 1349 3764 epre-

97 3788 167 3839 reud:
187 3785 337 3846 Votlenduug
355 3785 397 3833 dea
416 3785 518 3847 heiligen
538 3785 645 3833 Geistes:
667 3777 803 3851 πλήρωμα
821 3784 937 3838 πίστεως
957 3778 1115 3849 πνεύματος
1132 3776 1214 3848 ἁγίου
1232 3800 1256 3849 p.
1267 3783 1325 3835 366,

161 3870 187 3928 4)
205 3870 291 3919 Steelr:
311 3869 357 3918 her
375 3870 480 3919 Priester
498 3869 583 3918 nimmt
600 3869 646 3918 den
666 3869 734 3918 einen
754 3868 821 3918 Tbeil
841 3869 864 3917 iu
884 3869 952 3918 aeine
971 3867 1053 3917 hunde
1072 3869 1120 3917 und
1138 3870 1230 3933 epricht
1248 3871 1279 3920 im
1290 3869 1349 3919 Stil·

98 3972 114 4007 u
134 3957 179 4006 mit
196 3956 306 4003 Tbruuen
326 3954 374 4002 und
392 3954 458 4002 liant
476 3968 529 4001 zum
548 3954 618 4002 later
636 3953 683 4001 und
701 3952 776 4003 Sebn.

162 4040 187 4095 5)
205 4040 290 4089 Sicci:
309 4039 415 4100 lleiliger
432 4039 508 4094 later,
528 4038 575 4087 her
593 4039 629 4086 Du
647 4053 693 4086 uns
711 4046 815 4100 genennt
833 4039 887 4087 best
906 4040 948 4087 mit
965 4036 1008 4086 der
1027 4036 1173 4100 Benenuung
1192 4038 1278 4087 heines
1291 4038 1349 4086 Ein-

97 4127 199 4176 ebernen
219 4125 266 4172 und
286 4125 417 4172 erleucbtet
436 4124 478 4172 mit
495 4124 538 4171 der
556 4123 631 4171 Taele
650 4124 693 4171 dee
711 4123 826 4184 geistigen
844 4122 931 4182 liedes,
959 4123 1028 4171 mech
1047 4122 1114 4181 (uns)
1132 4123 1232 4184 wurdig,
1250 4137 1278 4171 zu
1297 4136 1349 4171 em·

97 4214 182 4272 langen
206 4208 285 4257 dieses
311 4208 397 4269 heilige
422 4208 573 4258 Geheimuies
596 4222 639 4256 zur
657 4208 796 4269 t'ergebeng
820 4207 864 4256 der
881 4207 987 4256 Sinden.
1024 4206 1116 4255 ureeie
1141 4209 1164 4256 in
1191 4222 1235 4255 uns
1253 4208 1291 4255 eiu
1310 4207 1349 4255 die

98 4296 176 4345 eaden
196 4295 283 4342 heines
301 4293 404 4353 heiligen
424 4293 517 4341 Geistes
535 4292 658 4353 gleiuhuie
677 4293 699 4340 in
719 4292 765 4340 den
783 4291 887 4354 heiligen
907 4291 1030 4355 Apnsteln‚
1049 4290 1169 4340 welche
1188 4305 1281 4340 essen
1300 4290 1349 4340 und

97 4383 115 4429 ie
133 4381 244 4439 heimger
262 4378 305 4426 der
323 4392 410 4439 ganzen
426 4377 486 4424 Welt
507 4378 611 4426 nrrrden.
642 4377 692 4426 Uud
712 4378 805 4435 darum,
825 4376 894 4435 llere,
913 4375 1093 4438 guibertum,
1112 4375 1189 4433 mach,
1208 4374 1349 4423 desedisse

98 4465 237 4513 ummuuion
261 4462 367 4511 dieselhe
395 4461 507 4521 Wirtmng
533 4463 593 4510 habe
619 4464 661 4511 mit
685 4462 739 4510 dem
759 4460 836 4510 llable
859 4463 929 4523 jener
947 4460 1049 4511 sruuter
1068 4460 1144 4511 durch
1163 4460 1349 4521 llinareguebme

97 4564 120 4598 er
137 4548 284 4598 Fiueteraiss
302 4548 393 4596 meiner
411 4544 517 4595 Sandan.
