3044 4912
831 223 905 297 676

231 402 280 485 εἱς
301 400 479 491 ἐπίγνωσιν
501 399 665 495 ἀληθείας
684 400 809 483 ἐλθεῖν,
831 398 850 471 6
873 398 919 471 ἀὶν
941 398 1115 494 εὐλογητὸς
1137 400 1186 484 εἱς
1206 401 1291 485 τοῦς
1304 400 1491 485 αίῶναςτῦν

232 503 372 575 αἰώνων.

314 600 400 675 Εἶτα
421 602 569 694 κουρεῦει
591 600 693 673 αὐτὸν
713 605 946 693 σταυροειδῶς,
967 602 1072 692 λέγων
1093 601 1215 685 οῦτως·

313 705 351 775 Ὁ
374 704 521 797 ἀδελφὸς
540 702 634 794 ἡμῶν
655 702 686 787 (6
708 707 812 787 δεῖνα)
833 702 979 793 κείρεται
999 704 1059 793 τὴν
1078 702 1183 796 κόμην
1202 714 1265 797 τῆς
1284 710 1432 798 κεφαλῆς
1444 704 1491 775 σί-

230 815 299 891 τοῦ,
328 805 377 889 είς
403 809 441 876 τὸ
469 802 576 892 ὄνομα
596 813 657 876 τοῦ
677 806 806 896 πατρὸς
825 806 884 874 καί
903 812 963 875 τοῦ
984 802 1059 875 υἱοῦ
1079 806 1136 875 καί
1155 814 1216 877 τοῦ
1239 804 1340 896 ἁγίου
1360 808 1491 895 πνείμα-

229 931 302 991 τος·
323 905 484 995 Ε’άτωμεν
504 906 590 997 ὑπὲρ
613 904 715 976 αὐτοῦ
735 907 785 988 τὸ,
807 904 923 995 Κῦριε,
945 907 1092 998 ἐλέησον.

315 1010 385 1078 Καί
411 1009 581 1100 ψάλλεται
607 1008 704 1094 παρὰ
729 1014 795 1075 τῶν
822 1005 976 1099 ἀδελφῶν
1002 1010 1052 1091 τὸ,
1084 1006 1199 1098 Κῦριε,
1229 1009 1380 1100 ἐλέησον.
1419 1004 1489 1079 Είτα

230 1109 402 1181 ἐνδῦει’
361 1112 462 1180 αυτὸν
482 1110 521 1178 τὸ
544 1107 687 1196 ἱμάτιον,
709 1110 829 1197 λέγων·
1514 1138 1516 1151 ·

312 1211 351 1281 ‘0
371 1208 550 1302 ἀδελφὸς(
532 1217 624 1300 ημῶν
638 1207 669 1295 (6
686 1213 790 1291 δεῖνα)
806 1207 957 1280 ἐνδύεται
968 1217 1092 1295 χιτῶνα
1106 1210 1323 1303 δικαιοσύνης
1336 1238 1392 1281 και
1383 1210 1516 1299 ἀγαλ

230 1312 372 1394 λιάσεως
398 1319 458 1382 τοῦ
487 1310 633 1400 μεγάλου
659 1338 717 1382 και
707 1308 910 1399 ἀγγελικοῦ
930 1310 1106 1402 σχήματος,
1136 1312 1172 1382 ἐν
1192 1310 1339 1400 ὀνόματι
1359 1321 1417 1381 τοῦ
1433 1339 1486 1381 πσ-
1511 1342 1516 1379 ι

228 1416 308 1502 τρὸς
333 1415 391 1484 καί
418 1420 479 1483 τοῦ
506 1411 581 1482 υἱοῦ
601 1413 659 1481 καί
679 1420 739 1481 τοῦ
762 1411 857 1501 ἁγίου
878 1412 1083 1501 πνεύματος·
1110 1410 1273 1502 Είπωμεν
1294 1412 1382 1505 ἁπέρ
1402 1412 1484 1483 αίτοῦ

229 1517 279 1600 τὸ,
302 1515 417 1601 Κύριε,
440 1516 585 1606 ἐλέησον.

312 1614 350 1684 ‘0
379 1613 526 1706 ἀδελφὸς
551 1612 644 1704 ἡμῶν
670 1612 701 1698 (6
724 1616 829 1694 δεῖνα)
857 1613 1020 1702 λαμβάνει
1046 1616 1084 1686 τὸ
1111 1613 1257 1683 παλλίον
1278 1624 1343 1686 τοῦ
1361 1612 1485 1705 μεγάλοι

228 1716 286 1787 καί
313 1713 485 1805 ἀγγελικσῦ
513 1715 688 1805 σχήματος,
722 1713 770 1796 είς
794 1716 914 1806 στολὴν
935 1714 1132 1807 ἀφθαρσίας
1151 1717 1209 1786 καί
1231 1715 1437 1807 σεμνότητος,
1460 1718 1485 1787 ἐν

230 1815 371 1904 δνόματι
390 1825 450 1887 τοῦ
470 1818 599 1906 πατρὸς
618 1818 676 1885 καὶ
696 1823 757 1885 τοῦ
777 1814 853 1885 υἱοῦ
872 1819 1011 1887 καὶτοῦ
1032 1816 1128 1907 ἁγίου
1148 1816 1354 1906 πνεύματος.
1388 1818 1486 1889 Εἴπω-

228 1945 289 2009 μεν
311 1918 395 2007 ὑπὲρ
419 1916 520 1987 αὐτοῦ
541 1920 591 2000 τὸ,
612 1917 728 2006 Κύριε,
750 1919 895 2009 ἐλέησον.

312 2018 350 2089 ‘0
373 2017 521 2111 ἀδελφὸς
540 2016 634 2109 ἡμῶν
654 2016 686 2100 (ἁ
708 2021 812 2103 δεῖνα)
834 2017 986 2089 ἐνδύεται
1009 2019 1048 2087 τὸ
1071 2018 1266 2091 κσυκοῦλιον
1287 2029 1349 2112 τῆς
1371 2020 1488 2145 ἀκοντίοις

230 2120 289 2245 είς.
305 2122 572 2213 περικεφαλαίαν
599 2119 738 2201 ἐλπίδος
766 2120 940 2213 σωτηρίου,
973 2122 1009 2190 ἒν
1035 2118 1175 2247 ἀνόμαρι
1201 2131 1262 2191 τοῦ
1286 2126 1441 2269 πατρὸςΙ
1445 2124 1487 2193 τά

230 2324 519 2514 ἐλέηὶίὶνάδελφὸς
539 2421 632 2513 ’ἱμῶν
654 2420 685 2508 (ὁ
708 2427 812 2509 δεῖνα)
835 2423 998 2512 λαμβάνει
1017 2425 1077 2494 τὸν
1098 2422 1277 2514 ἆδάέαίθνν
1307 2428 1343 2497 ἐν
1365 2426 1488 2515 ‘Mum‘
1512 2472 1516 2523 i

229 2534 289 2596 τσῦ
316 2527 445 2615 πατρὸς
471 2526 528 2593 καί
555 2533 615 2593 τοῦ
642 2524 716 2594 υἱοῦ
743 2528 799 2595 καί
827 2535 887 2594 τοῦ
916 2524 1011 2615 ἁγίου
1033 2525 1231 2613 πνεύματος,
1261 2525 1488 2616 ἀναλαμβάνω

229 2630 287 2697 τὸν
309 2630 450 2714 σταυρὸν
472 2626 574 2695 αἱτοῦ
597 2628 740 2695 ἐπὶτῶν
762 2624 860 2714 ὤμων
881 2631 937 2696 καί
960 2626 1155 2697 ἀκολουθῶν
1175 2636 1224 2718 τῷ
1247 2631 1399 2722 δεσπότῃ
1420 2639 1489 2717 Χρι-

230 2737 307 2819 στηῦ.
351 2727 511 2813 Εἴπωμεν
532 2727 617 2814 ἁπίρ
640 2725 742 2795 αὐτοῦ
763 2728 949 2816 rma-01⁶,
974 2730 1118 2819 ἐλέησον.

311 2828 348 2897 Ὁ
372 2828 518 2918 ἀδελφὸς
545 2826 637 2917 ἡμῶν
665 2826 694 2907 (6
720 2833 822 2909 δεῖνα)
844 2828 1085 2917 περιζιίννιται
1104 2832 1164 2919 τὴν
1186 2829 1298 2921 ὀσφῦν
1320 2831 1425 2902 αι’-τοῦ
1444 2830 1489 2901 δι’·-

229 2959 327 3016 ναμιν
350 2930 522 3021 ἀληθείας,
546 2932 580 2999 ἐν
601 2928 742 3016 ὀνόματι
762 2938 822 2998 τοῦ
843 2935 972 3021 πατρὸς
992 2935 1048 3001 καὶ
1069 2940 1128 3000 τοῦ
1150 2931 1223 3000 υἱοῦ
1246 2934 1305 3002 καί
1327 2944 1390 3004 τοῦ
1411 2932 1490 3022 ἁγίου

228 3032 428 3119 πνεύματος.
470 3032 629 3118 Εἴιτωμεν
654 3031 735 3119 §nep
759 3031 933 3116 αὐτοῦτὸ,
956 3034 1069 3123 Κίριε,
1093 3035 1237 3124 ἐλέησον.

311 3134 349 3203 ‘0
373 3134 518 3222 ἀδελφὸς
539 3133 631 3222 ἡμῶν
659 3133 688 3217 (ὁ
713 3138 816 3217 δεῖνα)
839 3133 1023 3203 ἀποδύεται
1044 3136 1087 3203 τά
1107 3135 1272 3204 σανδάλια
1295 3135 1348 3217 είς
1371 3135 1490 3223 ἑτοιμα-

229 3235 304 3303 σίαν
325 3245 385 3303 τοῦ
409 3236 599 3323 εὐαγγελίου
628 3244 685 3322 τῆς
707 3235 845 3325 εἰρήνης,
876 3236 924 3316 είς
944 3239 982 3304 τὸ
1005 3233 1111 3320 ὄνομα
1132 3244 1192 3304 τοῦ
1213 3240 1349 3323 πατρὸς
1370 3242 1425 3308 καί
1445 3244 1491 3305 τοί

229 3335 303 3405 υἱοῦ
331 3337 386 3403 καὶ
413 3344 473 3403 τοῦ
503 3335 597 3424 ἁγίου
625 3337 824 3423 πνείματος.
867 3337 1025 3423 Είπωμεν
1051 3337 1135 3426 ὑπὲρ
1165 3334 1266 3405 αἰτοῦ
1295 3342 1355 3421 τὸ,
1390 3340 1490 3429 Κίριε,

228 3439 372 3528 ἐλέησον.

311 3538 348 3606 Ὁ
371 3538 517 3628 ἀδελφὸς
539 3538 630 3626 ἡμῶν
652 3537 682 3623 (ὁ
707 3544 809 3620 δεῖνα)
832 3538 931 3625 ἔλαβε
953 3542 990 3608 τὸ
1013 3542 1098 3628 μέγα
1119 3542 1175 3608 καὶ
1196 3538 1374 3628 ἀγγελικὸν
1388 3552 1490 3633 σχῆμα,

228 3643 262 3709 ἐν
284 3638 423 3725 ὀνόματι
444 3649 504 3708 τοῦ
525 3644 653 3728 πατρὸς
674 3645 730 3709 καί
751 3652 809 3709 τοῦ
834 3642 907 3709 υἱοῦ
928 3643 983 3710 καί
1006 3651 1064 3710 τοῦ
1086 3640 1182 3729 ἁγίου
1204 3645 1411 3728 πνεύματος.
1444 3643 1489 3713 Εἱ-

227 3768 341 3825 πιομεν
365 3742 447 3828 ὑπὲρ
472 3742 572 3809 αι’·τοῦ
595 3752 643 3822 τὸ,
666 3743 780 3831 Κύριε,
803 3744 947 3833 ἐλέησον.

309 3842 523 3929 Ἐνδυομένου
555 3847 591 3912 δὲ
621 3843 740 3926 αὐτοῦ,
770 3845 958 3935 ψάλλουσαι
984 3847 1025 3912 τά
1053 3842 1221 3932 τροπάρια
1244 3854 1367 3917 ταῦτα.
1408 3844 1487 3931 Ἠγος

225 3945 391 4029 τέταρτος.
1513 3968 1516 4051 η

308 4044 512 4115 Ἐνδίοασθε
539 4055 662 4130 χιτῶνα
688 4054 747 4134 τῆς
768 4046 940 4137 σωτηρίας,
970 4045 1181 4129 ζώσασθε
1146 4075 1204 4137 την
1228 4048 1335 4141 ζώνην
1357 4060 1417 4142 τῆς
1435 4076 1486 4119 οω-
1512 4038 1516 4202 6

227 4146 401 4237 φρασίνης,
426 4149 625 4227 δέξασθε
591 4177 629 4217 το
652 4158 788 4240 σημεῖον
809 4157 868 4218 τοῦ
891 4157 1045 4236 σταιροῦ.
1082 4151 1168 4230 Τσυς
1188 4150 1304 4233 πόδας
1326 4157 1407 4235 τοῦς
1427 4178 1485 4240 νοη·

225 4252 302 4327 τοῦς
329 4247 491 4317 ὁπλίσατε
518 4276 576 4337 της
604 4250 792 4339 ἐγκρατείας
820 4259 891 4332 τοῖς
912 4251 1032 4330 ὅπλοις
1054 4252 1110 4320 καί
1132 4249 1286 4341 εδρηοετε
1311 4253 1483 4324 ἀνάπαυσιν
1511 4259 1516 4331 ξ

225 4356 299 4426 ταῖς
322 4364 365 4438 ψι
365 4377 444 4431 χαις
466 4350 566 4436 ἁμιῦι.
1513 4366 1516 4377 '

307 4447 421 4535 Ἀγαλί
419 4451 560 4519 ια’σεται
592 4479 610 4539 η
644 4451 731 4544 ψιχη
763 4480 828 4539 μου
861 4456 920 4523 επὶ
952 4461 998 4541 τοῦ
1031 4456 1162 4546 Κυρίω·
1195 4456 1376 4529 ἐνέδισε
1366 4458 1426 4550 γάρ
1453 4471 1516 4545 με’,
