3044 4912
676 248 749 323 687

93 426 175 520 ἰγίου
195 436 256 520 τῆς
274 435 387 518 μονῆς.
419 428 489 498 Καί
511 434 578 511 νῦν,
604 430 672 518 mv
691 430 821 522 μνήμην
841 436 908 498 τῶν
928 427 1100 517 έγκαινίων
1121 429 1352 516 ἐπιτελοῦντες

93 528 194 620 λε’·ριε.
214 524 301 601 Eira
325 530 512 618 Τριςάγιον.
536 531 585 600 Τό
610 531 805 621 Τροπάριον
825 539 886 600 τοῦ
908 528 1004 620 άγίου
1025 540 1086 621 τῆς
1098 541 1202 622 μονῆς
1214 536 1271 604 καί
1284 543 1351 605 τῶν

93 631 259 723 γιιαινίων.
285 629 344 713 Ὡς
362 640 423 702 τοῦ
444 627 513 702 άνω
533 631 771 721 στερεώματος.
806 628 892 703 Εἶτα
911 629 1058 723 Ἐκτενὴς
1079 634 1173 720 παρὰ
1193 642 1254 704 τοῦ
1275 639 1351 706 όια-

93 732 176 805 όνου
202 734 260 804 καί
279 731 300 804 ό
321 731 491 825 άρχιερεός
511 735 662 825 ίκφωνεῖ,
683 734 761 805 ’Ότι
783 734 939 824 ἐλεήμων.
983 736 1052 804 Καὶ
1074 732 1249 819 ἀπόλυσις.
1290 737 1352 821 Είς

94 835 137 927 ἢν
168 838 332 924 λτιτουργ.
364 836 449 926 ψάλ.
489 833 689 928 Ἀντίφωνα.
732 834 942 917 Ἀπόστολος
972 843 1032 905 τοῦ
1064 832 1159 925 ἁγίου
1194 846 1255 928 τῆς
1286 865 1352 926 μσ·

93 946 146 1029 η’ς.
165 936 370 1026 Βόαγγέλιον
388 944 449 1028 τῆς
469 944 625 1027 κυριακης
644 962 726 1007 κοιν.
768 935 873 1027 Κόριε
894 934 1052 1030 ἠγάπησα
1074 936 1279 1026 εὐπρέπειαν
1300 938 1352 1011 α’ί-

93 1066 139 1111 ου
159 1064 233 1110 σου.
266 1036 412 1126 Είόομεν
432 1041 470 1109 τό
494 1046 577 1131 φῶς,
597 1041 655 1110 καί
676 1036 851 1122 ἀπόλυσις.

216 1332 254 1406 G.
307 1332 541 1407 coronatio
576 1333 860 1430 Imperatoris
895 1333 1011 1406 ίεσῑε
1046 1357 1075 1406 ε.
1106 1332 1214 1407 1324.

257 1501 285 1562 (Ε
303 1502 401 1554 Ιειοοίι
419 1503 578 1555 (Στοιιιττιοί
597 1503 756 1555 Historiarum
774 1504 828 1554 Lib.
839 1503 857 1554 Ι.
876 1502 1004 1570 ρ,196ιη.
1024 1502 1062 1553 τό.
1080 1502 1166 1564 Bona.)

166 1686 208 1699 -
228 1649 328 1718 Κατὰ
349 1649 388 1719 όί
406 1649 487 1730 τοὺς
507 1646 628 1731 αὐτοὺς
647 1648 793 1738 καιροός,
815 1649 955 1740 όευτέρςι
977 1646 1153 1734 ἱσταμένου
1179 1618 1352 1739 Φεβρουα-

93 1744 154 1821 Ιίοτν
174 1756 233 1839 τῆς
254 1746 356 1839 αὐτῆς
377 1745 497 1841 όγόόης
518 1748 730 1830 ίνόικτιῶνος,
750 1747 771 1818 ό
793 1751 867 1831 νέος
886 1750 1044 1835 βασιλεὺς
1065 1752 1159 1837 παρά
1180 1760 1241 1821 τοῦ
1254 1752 1353 1826 πάπ-

93 1874 149 1923 τσιι
169 1855 227 1920 καὶ
247 1853 414 1937 βασιλέως
434 1851 470 1921 έν
482 1857 530 1940 τῷ
547 1858 606 1941 τῆς
619 1858 679 1921 τοῦ
696 1856 784 1920 Θεοῦ
797 1850 929 1942 Σοφίας
942 1852 1094 1943 έστίφθη
1109 1857 1188 1941 ναῷ,
1211 1849 1352 1923 Ἡσαΐου

93 1960 373 2041 τατριαρχοῦντος.
414 1951 460 2021 Ἡ
476 1952 615 2039 τοιαύτη
637 1954 675 2021 δὲ
695 1954 849 2042 βασιλικὴ
872 1954 986 2042 τελετὴ
1008 1959 1127 2023 τοῦτον
1148 1952 1275 2041 γίνεται
1293 1956 1353 2024 τόν

93 2054 216 2144 τρόπον.
263 2062 331 2143 Τῆς
351 2054 566 2143 προθεσμίας
586 2052 754 2144 ἐνστάσης,
775 2053 852 2124 καθ’
875 2049 916 2143 ἣν
937 2048 1000 2143 ἤδη
1021 2054 1177 2124 τέτακται
1197 2060 1244 2144 τῷ
1264 2056 1353 2145 θείῳ

93 2156 173 2247 κόρην
194 2156 297 2244 χρίειν
317 2157 376 2226 τόν
394 2158 548 2243 βασιλέα,
569 2156 647 2236 τοίς
668 2156 703 2225 έν
724 2152 892 2240 ἀξιώμασι
913 2155 1120 2237 πάνταςκαὶ
1141 2156 1220 2238 τοὺς
1241 2158 1276 2227 έν
1296 2159 1353 2227 τέ-

93 2266 134 2328 λει
152 2261 212 2328 καὶ
231 2258 291 2347 τὴν
312 2259 481 2346 στρατιὰν,
504 2255 542 2325 οό
563 2258 630 2346 μὴν
651 2253 737 2326 άλλὰ
757 2257 814 2325 καί
834 2256 893 2325 τόν
912 2261 978 2323 τῶν
993 2254 1090 2346 ίερυλν
1106 2264 1166 2346 τῆς
1180 2257 1353 2349 ἐκκλησίας

93 2368 141 2452 ῇς
161 2360 237 2441 νέας
257 2361 396 2451 ταυτησί
413 2356 537 2448 Ῥώμης
557 2357 679 2429 οίάκων
700 2357 953 2448 ἐπειλημμένον,
976 2355 1028 2427 ἔτι
1048 2359 1087 2429 de*
1107 2359 1164 2427 καί
1184 2362 1353 2452 πανδημεί

93 2462 141 2552 ἠν
170 2460 271 2530 πόλιν
296 2467 369 2542 τοῖς
393 2459 580 2548 βασιλείοις
606 2459 677 2546 άμα
703 2461 749 2550 ίῳ
770 2457 900 2540 πάντας
920 2464 1080 2546 παρεῖναι
1100 2462 1162 2529 δεῖ.
1204 2464 1292 2547 Περί
1313 2462 1352 2532 όέ

93 2564 238 2652 λευτέραν
260 2562 348 2648 ὥραν
368 2560 515 2648 μάλιστα
534 2568 594 2651 τῆς
615 2559 717 2649 αὐτῆς
737 2558 872 2652 ἡμέρας,
894 2566 954 2629 τοῦ
973 2562 1154 2647 μέλλοντας
1172 2562 1353 2653 γρισθησε-

93 2672 169 2734 ιθαι
189 2665 354 2751 βασιλέως
374 2664 435 2733 ἐπὶ
455 2660 600 2743 ἀσπίδος
620 2662 859 2744 καθεσθέντος,
881 2659 901 2732 ό
921 2663 1080 2748 βασιλείς
1095 2665 1152 2731 καί
1166 2664 1278 2753 πατὴρ
1292 2671 1352 2735 τοῦ

93 2763 374 2855 ίναγορευσμένου,
402 2763 469 2854 εἴγε
496 2763 647 2853 περίεστι
673 2764 731 2834 καί
756 2761 776 2833 ό
803 2761 1009 2854 πατριάρχης
1039 2770 1106 2833 τῶν
1133 2764 1353 2852 ἐμπροσθίων

93 2876 191 2956 ιερῶν
211 2866 518 2955 ἐπιλαμβανόμενοι
537 2874 599 2958 τῆς
617 2863 773 2949 άσπίόος,
791 2874 859 2935 τῶν
881 2864 916 2935 δ’
940 2864 1129 2935 ἐπιλοίπων
1150 2863 1183 2935 σί
1202 2864 1237 2935 έν
1252 2864 1353 2950 άξιιά-

93 2992 168 3039 ιασι
192 2966 408 3057 ὑπερέχοντες
434 2966 599 3038 δεσπόται
618 2993 657 3037 τε
676 2968 733 3037 καί
753 2966 1063 3054 οεβαστοκράτορες,
1092 2964 1186 3055 είπερ
1209 2966 1302 3051 είσίν,
1329 2966 1353 3058 ἢ

93 3068 118 3142 τί
144 3070 409 3161 ίπιφανέστατοι
435 3069 582 3155 μάλιστα
608 3076 674 3138 τῶν
702 3071 919 3158 συγκλητικῶν
943 3067 1001 3136 καί
1027 3066 1286 3152 μετεωρίσαντες
1306 3065 1353 3150 ιός

93 3170 136 3245 ίτι
155 3170 302 3258 μάλιστα
323 3168 423 3241 αὐτόν
445 3171 516 3257 άμα
537 3176 578 3262 τῇ
598 3165 729 3247 άστιίόι,
749 3176 823 3250 τοῖς
842 3167 1012 3258 πλήθεσιν
1032 3166 1279 3238 έπιόεικνέουσι
1294 3169 1353 3239 τόν

93 3274 226 3344 λασιλέα
245 3273 419 3343 πάντοθεν
439 3271 721 3358 περιΐσταμένοις.
749 3267 1072 3361 Ἐπευφημησόντων
1093 3269 1132 3340 δέ
1153 3267 1272 3352 αὐτῶν,
1292 3297 1353 3341 κα-

93 3376 243 3457 ταθέντες
263 3370 401 3465 άγουσιν
421 3373 470 3455 εἷς
489 3374 549 3442 τόν
569 3374 658 3456 ναόν,
680 3371 768 3443 ἔνθα
789 3375 841 3441 δεῖ
861 3372 920 3460 τὴν
940 3372 1073 3461 τελετὴν
1093 3372 1263 3460 γενέσθαι.
1292 3372 1353 3443 Οἰ-

93 3479 195 3551 donov
218 3477 251 3547 δ’
275 3479 310 3547 έν
332 3475 422 3567 αὐτῷ
443 3474 574 3559 ξυλίνου
594 3483 654 3565 τῆς
673 3472 830 3565 τοιαότης
850 3473 944 3543 ἕνεκα
964 3471 1076 3561 χρείας
1088 3497 1354 3560 προκατεσκευα-

93 3581 215 3669 ιμένου,
242 3580 300 3648 τὸν
327 3580 401 3649 νέον
428 3576 596 3667 είςάγσυσι
620 3577 764 3664 βασιλέα
783 3576 840 3645 καί
860 3576 920 3665 τὴν
941 3572 1120 3663 πορφύραν
1139 3574 1196 3643 καί
1215 3574 1255 3644 τό
1278 3572 1354 3643 όιά-

93 3682 175 3773 λημα
194 3679 433 3763 ένόιόίσκοτσι,
454 3678 619 3769 πρότερον
637 3686 704 3748 τῶν
724 3676 901 3768 ἀρχιερέων
920 3674 1141 3764 εὐλογοόντων
1162 3673 1258 3745 αὐτά.
1275 3672 1354 3745 Ἐπί

93 3784 123 3852 λε’
149 3789 209 3870 τῆς
233 3784 381 3874 κεφαλῆς
407 3780 447 3851 ου’
474 3781 706 3871 νενομισμένον
731 3776 947 3866 περιτίθεταί
966 3804 1011 3860 τι,
1041 3774 1111 3846 ἀλλ’
1135 3774 1155 3867 ἢ
1177 3778 1353 3866 στέφανος,

93 3881 158 3974 βό,
172 3909 207 3951 τι
228 3880 268 3952 άν
289 3877 372 3952 ἄλλο
395 3885 486 3975 όοκῇ.
531 3880 666 3952 Τοότιυν
688 3883 726 3951 δέ
746 3881 935 3970 γινομένων,
962 3876 983 3968 ἦ
1012 3877 1095 3948 θεία
1120 3880 1266 3948 τελεῖται
1289 3905 1353 3966 μυ-

93 3983 261 4074 τταγωγία.
291 3980 449 4070 Ἐχόμενα
470 3985 509 4054 δέ
528 3991 589 4053 τοῦ
609 3982 782 4074 εἰρημένου
803 3979 949 4051 οίκίσκου
969 3980 1026 4049 καί
1046 3977 1227 4066 άναβάθρα
1248 3980 1284 4049 έν
1297 3978 1354 4064 ξό-

93 4088 152 4155 λονν
179 4084 528 4173 προσκατασκευάζεται
554 4087 611 4155 καί
632 4082 714 4174 αότὴ
736 4084 793 4154 καί
813 4084 1039 4172 περιειλσῖσιν
1059 4077 1161 4171 αὐτὴν
1182 4078 1354 4151 πάντοθεν

93 4189 233 4268 τίπλαις
257 4192 405 4275 σηρικαῖς
432 4187 604 4277 ίρυθροῖς·
632 4183 788 4275 ὑπεράνω
815 4185 853 4254 δὲ
881 4181 983 4273 αὐτῆς
1009 4182 1094 4252 κατὰ
1120 4183 1178 4250 τὸν
1206 4179 1354 4271 ἀριθμόν

93 4295 152 4358 τῶν
170 4289 337 4375 βασιλέων
362 4286 516 4358 τίθενται
536 4285 656 4376 θρόνοι
675 4293 791 4376 χρυσοῖ
812 4283 851 4355 σό
871 4287 957 4355 κατὰ
976 4285 1056 4365 τοὺς
1076 4280 1255 4365 εἰωθότας,
1282 4278 1353 4352 ἀλλ’

93 4390 268 4482 ίντηρμένοι
293 4388 441 4477 μάλιστα
466 4398 515 4480 τῷ
536 4389 628 4480 ὕψει,
656 4391 818 4476 τέτταρας
837 4384 860 4476 ἢ
879 4388 938 4457 καὶ
957 4386 1058 4456 πέντε
1079 4383 1208 4471 ἔχοντες
1227 4380 1355 4470 άναβα-

93 4491 201 4580 τμοός,
227 4488 282 4581 λη’
304 4486 374 4576 οὓς,
401 4489 545 4576 ἐξιόντες
569 4499 629 4563 τοῦ
655 4490 814 4571 σίκίσκου,
841 4487 1075 4577 ἀναβαίνοντες
1101 4486 1299 4572 καθίζουσα
1319 4480 1356 4555 οἱ
