3044 4912
550 210 557 223 ’
657 261 734 337 ιιι

145 442 560 526 Censtituimus
603 447 993 512 missusneroratio.
1036 448 1229 513 EGermani
1260 468 1332 515 ses·

56 548 153 612 tentis
176 537 344 629 exportatio
366 547 554 611 residuarum
583 549 761 611 sacramenti
791 547 985 629 reliquiarum
1007 551 1215 615 ascensione·
1245 552 1333 616 Chri·

55 651 98 714 sti
126 648 289 730 significat,
317 648 419 711 ultime
447 668 517 712 vero
547 650 750 728 sunumtgsrm
772 651 869 712 sancti
891 650 1016 730 spiritus
1038 653 1162 730 gratiam
1185 655 1333 736 spostolus

55 760 130 834 post
148 749 363 814 ascensionum
384 767 572 813 concessam.
609 752 759 814 Disronus
781 770 862 826 vero,
885 752 1106 816 communionis
1128 754 1274 837 reliquias
1294 760 1333 819 sd
1422 816 1426 823 ,

55 847 260 936 προθέσεως
279 870 414 914 mensam
436 862 652 933 asportaturus,
682 853 807 916 intentis
830 852 926 916 oeulis
948 854 1092 934 populum
1115 857 1213 936 primo
1234 862 1333 940 respi-

56 955 110 1030 cit,
137 954 226 1035 qussi
248 953 377 1016 diceret:
407 954 462 1015 llic
482 954 579 1029 lesus,
602 953 653 1035 qui
675 974 693 1017 ι
715 952 802 1017 rolris
823 965 996 1035 assumptus
1017 966 1064 1017 est
1084 955 1115 1017 in
1138 957 1265 1033 coelum,
1286 960 1333 1023 sic

56 1056 170 1128 reniet,
193 1055 443 1136 quemadmodum
465 1055 583 1118 uidistis
605 1074 671 1118 eum
695 1066 815 1121 euntem
837 1057 868 1118 in
891 1056 1017 1119 coelum.

144 1157 279 1238 Populus
300 1156 383 1218 hreri
406 1166 478 1237 post
497 1157 662 1220 slliscono
684 1157 828 1220 dimissus
844 1158 1037 1220 Sacerdotem
1061 1177 1119 1221 noo
1136 1159 1260 1224 dimittit
1273 1160 1333 1225 nisi

57 1260 146 1342 prius
176 1258 242 1340 ipss
264 1258 415 1320 Christum
444 1259 476 1319 in
507 1259 609 1321 coelos
631 1246 842 1323 escendentem
864 1259 1082 1341 discipulisque
1103 1260 1333 1326 benedicentem
1373 1294 1379 1307 ι

58 1361 206 1434 imitatus,
232 1362 311 1423 tacta
338 1359 475 1422 oratione
503 1359 562 1421 sibi
591 1360 789 1424 benedixerit.
832 1361 937 1441 ltaque
965 1362 1143 1435 celebrans,
1173 1372 1334 1444 postquam

59 1462 284 1542 evangeliorum
307 1462 412 1523 codice
435 1478 552 1523 erucem
574 1463 647 1524 tecit
666 1481 759 1544 snper
781 1462 875 1524 altune
896 1480 932 1524 ιε
954 1464 1130 1544 complicuit
1142 1459 1182 1528 od
1197 1457 1334 1551 ιίίλητσν

59 1584 127 1629 eam
149 1564 328 1627 recitaturus
350 1583 368 1624 e
389 1562 532 1625 cancellis
554 1564 708 1642 egreditur
729 1575 760 1627 et
787 1574 846 1626 stat
877 1565 907 1626 iu
939 1564 1038 1627 medio
1068 1564 1181 1646 populo
1210 1566 1241 1628 io
1271 1584 1333 1630 sm·

59 1667 152 1728 hone.
179 1665 252 1727 hlira
275 1674 321 1728 est
343 1664 446 1745 opinio
475 1663 604 1743 llingii
627 1664 647 1726 l.
662 1684 689 1727 c.
711 1665 1006 1746 p..165:‚,h'ssott
1031 1671 1080 1729 eis
1095 1667 1336 1752 lolepriffollcr

61 1769 169 1832 delete
190 1771 264 1839 ιιίιι,
294 1767 340 1828 dir
361 1785 397 1829 er
417 1766 542 1840 uerior,
571 1767 648 1829 olom
671 1784 731 1830 αοιι
754 1769 817 1830 dem
842 1767 932 1830 l'ollte
951 1768 1060 1847 pelort
1079 1788 1123 1830 zo
1143 1770 1272 1840 neodem
1295 1775 1335 1833 titt

60 1869 221 1932 deiecissem
241 1878 343 1949 pesopt
365 1868 450 1929 hot.“

147 1988 202 2048 llis
230 1986 377 2048 conlectis
406 1986 544 2048 fidelihus
571 1986 700 2067 porrigit
721 1986 871 2049 Sacerdos
899 1981 937 2049 τὸ
960 1975 1142 2068 ἇντίδωραν
1164 1987 1185 2049 i.
1200 2007 1228 2049 e.
1251 1987 1335 2050 obis·-

60 2091 163 2151 tioncs
192 2089 221 2150 in
250 2087 386 2167 prothesi
415 2087 577 2150 collocatas
605 2099 636 2150 et
664 2088 695 2148 in
723 2088 868 2150 honorem
899 2097 930 2149 et
958 2088 1133 2149 memorium
1156 2089 1335 2151 Sanctorum

61 2189 240 2260 dissecatus,
269 2189 390 2250 minime
420 2208 489 2250 vero
528 2198 721 2251 consecratas
752 2186 858 2250 dividit
890 2188 970 2250 inter
1000 2189 1105 2250 laicos.
1148 2189 1226 2253 llic.
1247 2189 1335 2252 Bul·

61 2291 145 2370 gari
169 2290 190 2352 l.
215 2307 241 2350 c.
265 2278 372 2370 plutis
388 2309 451 2369 sq:
483 2284 534 2351 Τὰ
555 2283 728 2370 συνώνυμα
748 2292 808 2352 τοῦ
827 2281 1037 2371 ³Aerrdoipoo,
1059 2285 1115 2352 καί
1135 2284 1197 2374 τὴν
1217 2284 1338 2371 έτυμο-

61 2385 189 2476 λογίαν,
215 2386 332 2466 καθώς
359 2385 467 2476 ἂκόμιγ
492 2386 551 2455 καὶ
578 2387 617 2454 τὸ
644 2387 750 2467 τέλος,
779 2386 838 2454 διὰ
867 2385 907 2454 τὸ
938 2382 1059 2454 ὁποῖον
1086 2384 1267 2478 ἐπενοήθη,
1296 2387 1336 2456 τὸ

61 2486 184 2574 ’ίιλαμεν
202 2489 246 2574 μὲ
265 2489 324 2557 τὸν
344 2491 557 2573 Βαλσαμῶνα
578 2485 628 2568 είς
647 2488 686 2556 τὸ
708 2486 750 2557 α’.
772 2487 883 2576 μέρος.
911 2487 984 2556 Καὶ
1004 2485 1074 2555 ἀπὸ
1095 2488 1153 2556 τὸν
1172 2486 1338 2576 μακάριον

62 2590 234 2676 Γερμανὸν
260 2585 447 2678 ἠκούσαμεν
473 2589 530 2657 τὸν
559 2586 732 2676 ἆγιασμόν,
760 2590 817 2658 καὶ
844 2589 904 2676 τὴν
931 2586 1093 2677 εὐλογίαν,
1121 2586 1211 2658 ὀποῦ
1238 2588 1335 2672 didas,

64 2689 110 2771 ὡς
132 2692 169 2759 ἐκ
195 2697 255 2758 τοῦ
276 2689 438 2776 Σιίματσς
459 2688 560 2779 αὐτῆς
579 2696 639 2778 τῆς
657 2687 857 2778 Ὑπεραγίας
877 2690 934 2759 καὶ
954 2689 1188 2776 παναχριίντου
1211 2691 1337 2762 Θεοτέ-

60 2818 134 2861 κοε.
168 2790 303 2881 Ἐπειδὴ
330 2791 437 2859 τύπον
463 2789 605 2877 εἴπαμεν
630 2798 690 2881 τῆς
713 2791 844 2872 κοιλίας
864 2800 923 2882 τῆς
942 2793 1182 2879 Παρθένου
1146 2818 1206 2882 την
1225 2800 1338 2878 Προς-

64 2892 185 2984 φοράν.
217 2891 520 2983 ὉΘεσσαλονίκης
534 2894 669 2979 Σιμιών
690 2894 893 2984 περιγράφει
912 2892 952 2961 τὸ
970 2891 1226 2981 Ἀντίδωρον
1188 2921 1230 2962 να
1251 2890 1339 2964 εἶναι
1458 2944 1462 2951 ,

57 2991 227 3081 lpsog‘
208 2995 407 3084 ηγιασμὲνος
429 2995 463 3062 έν
483 3001 523 3085 τῇ
544 2996 719 3080 Προθέσει
739 2994 968 3080 προςευχθείς,
997 2987 1094 3074 έξ
1055 3020 1093 3062 ou
1116 2995 1154 3061 τὸ
1175 2995 1337 3079 μεσαίτα-

63 3122 123 3165 τον
150 3097 321 3188 έκβληθεν,
349 3098 405 3165 καὶ
435 3093 633 3186 λεροιργήθη
661 3096 877 3185 προςευχθέν.
918 3086 1064 3174 Οὗτος
1051 3094 1188 3183 ὕστερον
1215 3093 1261 3176 ὡς
1281 3097 1339 3166 καὶ

62 3206 104 3289 τῇ
125 3197 242 3288 Λόγχῃ
272 3199 505 3287 σφραγισθεὶς,
527 3197 585 3264 καὶ
604 3203 687 3265 θεῖα
709 3194 887 3281 δεξάμενος
908 3192 1097 3284 ρήματα,’
1077 3196 1152 3264 αντὶ
1172 3205 1238 3265 τῶν
1259 3197 1338 3266 Διί-

64 3325 141 3386 ρων,
170 3307 235 3366 τῶν
264 3307 409 3389 φρικτῶν
431 3299 556 3388 δηλαδὴ
579 3296 793 3389 Μιστηρίων,
821 3303 893 3376 τοῖς
912 3297 957 3387 μὴ
979 3305 1180 3384 μετασχοῦσι
1201 3307 1337 3382 τοῦτων,

64 3401 258 3486 παρέχεται.
278 3398 460 3488 Ἁγιασμοῦ
481 3400 543 3488 γὰρ
563 3398 658 3485 χρεία
677 3405 852 3484 μετασχεῖν
872 3399 1008 3468 καὶτὸν
1028 3400 1139 3470 Λαόν.
1152 3399 1256 3482 Ὅσας
1276 3402 1338 3487 μὲν

63 3503 127 3589 γὰρ
155 3498 224 3569 ἀπὸ
255 3510 319 3569 τῶν
341 3509 537 3588 Προςειχῶν
564 3499 582 3569 ὁ
612 3499 776 3587 ἁγιασμὸς
801 3501 857 3569 καί
884 3507 944 3588 τῆς
971 3508 1110 3590 φρικτῆς
1128 3500 1337 3589 Ἱερουργίας,

64 3611 192 3693 νοητῶς
212 3611 284 3684 τοῖς
296 3609 439 3682 Πιστοῖς
459 3601 637 3694 μετεδόθη.
659 3600 751 3670 Ἐπεὶ
774 3602 889 3670 δὲκαὶ
912 3598 954 3670 δι’
978 3600 1148 3692 αἰσθητῶν
1162 3610 1270 3685 τινῶν,
1294 3601 1340 3685 ὦς

64 3711 164 3790 σῶμα
192 3705 441 3791 περικειμένους
466 3705 524 3771 τὸν
555 3701 718 3791 ἁγιασμὸν
739 3703 809 3773 ἔδει
830 3707 953 3789 λαβεῖν,
982 3703 1039 3771 διὰ
1059 3711 1119 3771 τοῦ
1137 3701 1338 3794 Ἀντιδώροσ

64 3804 295 3891 γίνεται.Καὶ
316 3802 563 3892 ὁΚαβάσιλας·
587 3801 672 3874 Εἶτα
693 3807 749 3874 καὶ
770 3806 828 3874 τὸν
848 3807 1095 3893 προςεσχθέντα
1117 3800 1226 3894 ίίρτον,
1249 3806 1288 3889 ἐξ
1301 3799 1340 3876 οὗ

65 3907 124 3974 τὸν
147 3902 236 3991 ἱερὸν
257 3904 276 3972 ὁ
297 3903 416 3992 ‘tepetis
437 3904 601 3994 ἀπέτεμεν
614 3903 746 3995 Ἄρτον,
775 3905 823 3988 εἰς
844 3907 956 3975 πολλὰ
978 3908 1105 3986 διελὼν,
1133 3906 1339 3993 μεταδίδωσι

64 4014 138 4088 τοῖς
151 4013 304 4089 Πιστοίς,
323 4006 368 4089 ὡς
382 4009 476 4096 ἅγιον
490 4009 663 4097 γενόμενον
677 4005 767 4099 αὐτῷ
781 4015 828 4098 τῷ
843 4006 1058 4098 ἀνατεθῆναι,
1074 4010 1129 4077 καί
1145 4007 1339 4100 ίεριιθῆναι.

66 4285 122 4320 uem
142 4271 194 4319 eius
213 4284 265 4318 eum
285 4269 331 4318 tte
350 4277 372 4318 et
391 4271 466 4319 canite
485 4270 594 4331 gloriam.
631 4271 673 4319 llic
692 4279 728 4319 est
747 4269 815 4329 calix,
835 4284 905 4333 quem
925 4271 1019 4319 miscuit
1033 4270 1148 4320 hominos
1166 4279 1248 4319 noster
1265 4285 1340 4335 super

66 4357 159 4418 lignum
185 4356 278 4403 crucis:
302 4355 406 4403 accedite
425 4355 548 4415 mortales,
574 4355 647 4404 bibite
672 4370 700 4404 ex
724 4371 750 4404 eo
771 4357 792 4403 in
812 4355 980 4404 remissionem
1000 4364 1161 4418 peccatorum.
1197 4355 1298 4404 lllelnis
1316 4366 1341 4407 et

67 4442 118 4504 ipsi
136 4439 200 4498 loos,
219 4439 248 4487 de
267 4454 314 4502 quo
333 4440 392 4488 hihit
409 4453 465 4500 gres
482 4440 534 4488 eius
551 4447 574 4488 et
592 4441 719 4502 puritatem
739 4441 902 4504 consequitur.
922 4440 1340 4503 formulasllestorisnorom‚

67 4525 228 4590 Coptitarum,
246 4524 387 4588 Aethiopum
407 4538 509 4588 quserss
527 4522 761 4589 plasmaret.
