3044 4912
520 276 737 359 4297

95 450 170 525 ῦτοῦ
195 450 336 525 ἐντολῶν
364 451 503 545 ἐργάτην
523 452 660 542 δόκιμον
680 454 836 549 ἀναδείξη
854 482 908 545 με.
950 456 1022 527 Καὶ
1048 455 1177 548 πάρεσό
1197 484 1259 546 μοι
1279 456 1334 531 ἀεί

95 555 285 647 ςόλεήμων
313 556 371 624 καὶ
395 558 581 646 συμπαθὴς
606 559 663 627 καὶ
692 557 895 650 φιλάγαθος.
945 554 999 626 Ἐν
1024 559 1086 644 μὲν
1111 567 1159 650 τῷ
1189 559 1335 650 παρόντι

95 656 132 749 ίηε
151 658 262 748 θερμὴ
285 654 468 746 προστάτις
487 658 545 726 καί
565 660 704 751 βοηθός,
736 661 797 741 τάς
817 667 883 728 τῶν
903 659 1059 729 ἐναντίων
1080 660 1226 751 ἐφόδους
1246 659 1335 732 άπο-

95 758 264 845 ιιχίζουσα,
290 759 347 828 καὶ
374 760 460 849 πρὸς
487 758 652 852 σωτηρίαν
677 758 916 852 καθοδηγοῦσά
941 782 1001 847 με·
1028 762 1085 831 καί
1106 762 1142 832 ἐν
1161 771 1210 855 τῷ
1229 771 1334 857 καιρῷ

95 869 125 952 ξς
144 859 262 943 ἐξόδου
282 887 348 947 μου
369 861 429 950 τὴν
450 858 574 930 ἀθλίαν
593 887 659 948 μου
681 862 790 953 ψυχὴν
810 861 1031 951 περιέπουσα,
1052 862 1109 932 καί
1129 864 1190 945 τάς
1206 890 1335 936 σκοτει-

95 963 123 1043 ίς
152 958 254 1053 ὄψοις
279 968 344 1030 τῶν
370 969 524 1053 πονηρῶν
552 962 719 1049 δαιμόνων
738 961 854 1054 πόρρω
876 960 978 1053 αῦτῆς
998 960 1241 1036 άπελαόνουσα.
1281 966 1335 1037 Ἐν

95 1064 104 1135 i
129 1070 171 1155 τῇ
199 1060 376 1156 φοβερᾷ“
356 1091 401 1154 ημ
404 1064 464 1155 έρᾳ
491 1071 550 1153 τῆς
570 1064 730 1152 Κρίσεως,
756 1072 817 1155 τῆς
838 1062 974 1134 αἰωνίου
995 1090 1038 1151 με
1059 1070 1199 1159 ῥυομένη
1221 1069 1336 1138 Κολά-

95 1190 160 1249 ιως,
176 1166 236 1233 καὶ
255 1171 314 1254 τῆς
335 1163 444 1256 άπορρ
407 1163 526 1256 ρρητοο
549 1164 646 1258 δόξης
672 1173 732 1234 τοῦ
752 1174 814 1234 σοῦ
838 1164 929 1248 Υἶοῦ,
957 1166 1014 1234 καί
1038 1166 1166 1236 Θεοῦί
1145 1176 1238 1256 ημῶν
1251 1173 1336 1262 ·-κλη

95 1266 209 1353 »νόμον
221 1293 265 1354 με
279 1263 555 1336 ἀποδεικνύουσα.
574 1259 637 1348 Ἧς
650 1268 708 1337 καί
720 1265 862 1355 τῦχοιμι,
877 1265 1053 1338 Δέσποινά
1066 1292 1141 1354 μου,
1155 1267 1336 1360 Ὑπεραγία

96 1366 223 1451 εοτόκε,
247 1369 304 1437 διά
324 1394 386 1459 της
404 1376 465 1459 σῆς
484 1368 654 1456 μεσιτείας
673 1396 731 1439 και
721 1366 971 1461 ἀντιλήψεως,
994 1367 1116 1458 χάριτι,
1136 1371 1194 1440 καί
1215 1374 1337 1462 φιλαν-

95 1467 210 1561 ρωπίᾳ
236 1477 297 1538 τοῦ
322 1477 518 1558 μονογενοῦς
538 1496 598 1539 σου
624 1468 715 1553 Υιοῦ,
737 1478 798 1539 τοῦ
817 1470 956 1558 Κυρίου,
977 1471 1035 1540 καὶ
1058 1474 1156 1554 Θεοῦ,
1185 1474 1243 1543 καί
1263 1480 1318 1541 Σω

95 1580 167 1691 η’ρος
186 1568 280 1661 ἡμῶν
291 1568 399 1662 Ἰησοῦ
413 1579 574 1659 Χριστοῦ.
596 1564 651 1641 Ὧι
670 1574 798 1662 πρέπει
818 1580 913 1641 πᾶσα
933 1571 1029 1655 δόξα,
1049 1599 1140 1663 τιμη,
1161 1574 1218 1643 καὶ
1232 1598 1337 1664 προς-

95 1674 208 1764 ἷκησις,
230 1672 289 1741 σὺν
310 1679 358 1762 τῷ
379 1670 507 1762 άνάρχῳ
530 1671 632 1744 αὐτοῦ
652 1672 774 1763 Πατρί,
795 1674 852 1743 καὶ
872 1700 920 1764 τῳ
904 1673 1104 1765 Παναγίῳ,
1126 1674 1184 1743 καὶ
1204 1673 1335 1766 ἀγαθῷ,

95 1802 121 1844 ιι
110 1774 303 1863 ζωοποιῷ
325 1771 426 1841 αὐτου
411 1773 622 1861 ’Πνεῦματη
645 1782 716 1857 νῦν,Ι
732 1775 790 1845 καί
810 1772 874 1857 ἀεί,
895 1776 953 1843 καί
974 1775 1023 1856 είς
1041 1777 1119 1856 τοῦς
1133 1774 1258 1858 αἰῶνας
1271 1787 1337 1847 τῶν
1391 1822 1394 1827 -

95 1874 207 1943 ίιόνων.
246 1872 360 1965 Ἀμήν.

151 1982 247 2043 Porro
269 1981 326 2043 alia
348 1980 491 2043 recitatur
512 1982 607 2045 oratio
629 1975 814 2058 ἕπικοίτιος
833 1981 974 2045 Antiochi
997 1983 1152 2044 monachi:
1184 1978 1256 2046 Καὶ
1279 1980 1338 2060 δὸς

95 2084 147 2149 νῦν
166 2078 318 2147 δέσποτα
339 2078 427 2162 πρὸς
445 2076 550 2146 {imos
571 2075 731 2147 ἀπιοῦσιν
752 2075 941 2147 ἀνάπαυσιν
965 2076 1120 2163 σώματος
1141 2078 1199 2147 καὶ
1211 2085 1336 2169 ψυχῆς·

95 2178 124 2249 ιδ
150 2177 359 2270 διαφῦλαξον
382 2176 471 2267 ἡμᾶς
498 2177 568 2248 ἀπὸ
595 2186 655 2247 τοῦ
684 2180 827 2269 ζοφεροῦ
853 2177 962 2247 ῦπνον
988 2186 1048 2267 τῆς
1075 2175 1253 2268 ἁμαρτίας,
1280 2181 1340 2250 καὶ

95 2282 140 2351 πδ
160 2278 272 2372 πόσης
293 2288 462 2370 σκοτεινῆς
488 2281 545 2349 καὶ
566 2287 751 2370 νικτερινῆς
771 2275 998 2370 ἡδυπαθείας.
1040 2286 1180 2348 Παῦσον
1199 2281 1261 2361 τάς
1281 2278 1339 2371 ὁρ-

95 2380 221 2463 δςτῶν
241 2389 374 2459 παθῶν,
398 2383 518 2469 σβέσον
539 2382 582 2449 τά
604 2384 830 2469 πεπυρωμένα
849 2382 931 2473 βέλη
947 2388 1008 2449 τοῦ
1022 2387 1180 2473 πονηροῦ,
1202 2383 1245 2450 τά
1259 2380 1337 2453 καθ’

95 2488 161 2567 μῶν
181 2481 303 2562 δολίως
323 2481 509 2568 κινούμενα.
548 2483 618 2565 Τὰς
637 2491 696 2573 τῆς
717 2483 838 2569 σαρκός
857 2479 951 2573 ἡμῶν
972 2481 1217 2564 ἐπαναστάσεις
1236 2482 1339 2553 κατά-

95 2586 206 2662 τειλον,
233 2585 292 2653 καί
317 2591 387 2653 πᾶν
408 2587 538 2672 γεῶδες,
565 2584 622 2653 καί
643 2583 755 2653 ὑλικὸν
774 2582 868 2672 ἡμῶν
888 2580 1043 2677 φρόνημα
1063 2581 1226 2671 κοίμισον.
1269 2585 1340 2654 Καὶ

95 2684 218 2776 ῶρησαι
238 2683 317 2773 ἡμῖν
338 2683 356 2754 ὁ
374 2686 460 2766 Θεὸς
480 2684 639 2776 γρήγορον
659 2693 745 2768 νοῦν,
768 2684 927 2776 σώφρονα
941 2686 1108 2774 λογισμὸν,
1129 2685 1269 2775 καρδίαν
1281 2684 1340 2777 ιη’-

95 2810 210 2869 ιουοαν,
238 2786 341 2855 ῦπνον
368 2787 525 2877 ἐλαφρὸν,
552 2787 609 2854 καὶ
635 2784 747 2878 πάσης
774 2793 952 2877 σατανικῆς
979 2785 1166 2877 φαντασίας
1187 2786 1340 2878 ἀπηλλα-

95 2888 197 2974 μόνον.
239 2886 472 2979 Διανάστησον
493 2888 531 2956 δὲ
551 2886 639 2978 ἡμᾶς
661 2887 696 2955 ἐν
716 2894 765 2976 τῷ
784 2894 889 2977 καιρῷ
910 2896 969 2977 τῆς
989 2896 1180 2979 προςευχῆς,
1209 2890 1341 2981 ἐστηρι-

95 2989 208 3074 μίνους
229 2989 265 3058 ἐν
284 2994 360 3069 ταῖς
381 2988 533 3070 ἐντολαῖς
552 3012 623 3071 σου,
645 2989 702 3058 καί
721 2989 781 3076 τὴν
800 2987 930 3077 μνήμην
950 2995 1015 3055 τῶν
1037 2996 1103 3057 σῶν
1123 2989 1292 3077 κριμάτων
1304 2992 1340 3061 ἀν

95 3097 203 3172 αυτοῖς
230 3088 517 3179 ἀπαράθραυστον
544 3086 689 3174 ἔχοντας.
731 3087 917 3173 Παννόχιον
944 3086 1022 3178 ἡμῖν
1041 3088 1101 3179 τὴν
1121 3090 1182 3179 σὴν
1203 3092 1341 3173 δοξολο-

95 3188 144 3261 ίαν
162 3190 310 3280 χάρισαι,
334 3190 382 3272 είς
402 3192 442 3260 τό
464 3189 586 3278 ὖμνεῖν,
608 3192 664 3261 καί
686 3188 841 3279 εόλογεῖν,
864 3190 923 3257 καί
945 3188 1095 3273 δοξάζειν
1110 3190 1149 3258 τό
1163 3189 1340 3280 πάντιμον,

95 3294 126 3362 αλ
149 3294 407 3382 μεγαλοπρεπὲς
433 3287 540 3380 όνομά
568 3316 639 3374 σου,
667 3299 727 3360 τοῦ
746 3291 893 3381 Πατρός,
921 3292 1060 3360 καὶτοῦ
1084 3288 1175 3375 Υίοῦ,
1203 3294 1342 3363 καὶτοῦ

95 3392 182 3482 tylon
203 3393 409 3480 Πνεῦματος,
438 3402 503 3475 νῦν,
531 3395 588 3462 καί
616 3390 679 3473 άεὶ,
707 3394 765 3461 καί
791 3391 839 3473 είς
868 3392 947 3473 τοῦς
972 3391 1095 3474 αίῶνοις
1114 3401 1181 3462 τῶν
1202 3394 1341 3465 αἰώνων.

95 3495 182 3581 ἀμ’ν.

132 3522 268 3665 virerum
290 3601 444 3682 suspirant
464 3602 572 3664 Beatae
586 3601 715 3679 Virginis
738 3611 767 3663 et
782 3601 995 3663 Sanctissimae
1011 3599 1167 3663 Trinitatis
1183 3600 1339 3665 auxilium:

95 3699 296 3789 Υπερένδοξε,
315 3696 546 3788 Ἀιιπάρθενε,
569 3694 767 3788 είλογημένη
791 3694 944 3779 Θεοτόκε,
972 3695 1161 3785 προςάγαγε
1181 3698 1241 3787 τὴν
1259 3694 1342 3786 ἧμι-

95 3800 170 3889 ῑίραν
191 3802 374 3891 προςιυχην
394 3808 442 3890 τῷ
462 3798 529 3890 Υίηῦ
551 3823 623 3879 σου,
644 3800 701 3867 καί
718 3804 794 3886 Θεῷ
814 3795 915 3891 ἡμῶν,
937 3797 994 3865 καί
1015 3794 1160 3889 αίτησαι,
1181 3800 1237 3866 ἵνα
1250 3796 1341 3891 σοίση

95 3901 134 3969 λιά
159 3910 221 3970 σοῦ
247 3903 309 3984 τὰς
337 3904 447 3994 ψυχὰς
474 3898 576 3990 ἡμῶν.
617 3897 663 3968 Ἡ
681 3898 778 3980 ἐλπίς
797 3925 863 3986 μου
885 3897 903 3967 ὁ
925 3898 1055 3989 Πατὴρ,
1082 3899 1254 3991 καταφυγή
1276 3927 1342 3986 μον

95 4000 166 4086 ίίός,
186 4003 294 4094 σκέπη
315 4029 381 4091 μου
401 4005 440 4073 τὸ
462 4009 602 4089 Πνεῦμα
623 3998 663 4070 τά
675 4000 800 4091 ’Ἀγιοη
827 4001 931 4091 Τριάς
947 3998 1053 4088 Ἀγία,
1076 3998 1243 4083 δόξασαι.
1282 4007 1342 4069 Αδ-

95 4107 184 4173 inntur·
206 4111 368 4190 Doxoiogia
391 4113 490 4175 minor
512 4118 541 4172 et
561 4109 650 4190 Kyrie
674 4109 798 4171 eleison.

159 4213 220 4275 lam
248 4224 366 4274 rentum
396 4224 442 4275 est
470 4213 506 4273 ad
536 4211 747 4273 caerimoniam
774 4209 963 4290 perpulcram
993 4202 1235 4294 σογχωρῆσεως,
1264 4208 1343 4288 apud

95 4316 239 4375 nonaclros
269 4316 341 4375 satis
370 4313 526 4395 prolixam.
570 4314 604 4374 ln
633 4312 771 4374 ecclesiis
808 4310 893 4372 laicis
923 4310 1087 4383 Sacerdos,
1114 4310 1263 4392 profunde
1296 4311 1343 4371 in·

95 4411 202 4476 clinatus
224 4416 341 4477 reniam
363 4416 556 4477 delictorum:
581 4406 745 4497 εὐλογεῖτε
759 4406 902 4496 πατέρες
917 4403 1078 4495 άγιοικαί
1091 4404 1243 4498 ἀδελφοί,
1266 4430 1345 4497 συγ-

95 4510 244 4600 γωρηοατό
270 4537 331 4600 μοι
359 4519 407 4603 τῷ
434 4510 620 4601 άμαρτωληῦ
639 4513 707 4580 κτλ
750 4513 884 4596 Populus
905 4514 1022 4578 reniam
1044 4513 1099 4578 dat·
1117 4535 1150 4579 se
1172 4513 1345 4579 inclinando
