3044 4912
641 253 715 327 493
760 298 767 305 -

105 464 252 565 φρανον
287 436 402 510 αὐτὸν
435 439 475 509 ἐν
510 443 583 518 τοῖς
616 437 734 535 ἔργοις
759 442 836 510 τῶν
858 443 996 533 χειρῶν
1021 439 1151 526 αὐτοῦ,
1184 437 1312 512 καὶέν

105 539 159 611 ντί
192 545 246 632 τῶ
278 538 374 637 γένει
407 538 535 610 αὐτοῦ.
573 536 652 611 '1777
679 535 986 665 ἐξομολογήσηται
1012 564 1069 613 σοι
1095 567 1313 668 7709777777

105 609 312 729 δοξάζων
347 638 389 712 τὸ
423 637 542 733 ὄνομά
577 664 645 712 σου
677 639 720 713 τὸ
717 638 847 765 μέγα
872 639 935 713 7773
959 638 1132 735 ύφιστον,
1166 639 1229 716 καί
1255 645 1314 715 773-

105 767 139 836 ιη
177 763 216 814 σε
244 739 446 824 διαπαντὸς
471 737 592 824 πάσας
616 739 683 824 τάς
691 739 844 869 ἡμέρας
869 748 933 866 της
959 740 1052 836 ζωῆς
1078 742 1204 818 αὑτοῦ.
1258 740 1313 817 Σέ

105 872 119 935 7
154 840 265 934 ίμνεῖ
296 849 397 916 πᾶσα
422 872 444 938 η
432 840 631 935 δύναμις
655 849 733 915 τῶν
758 843 977 968 οὐρανῶν,
980 843 1042 916 καί
1070 851 1139 919 σοῦ
1165 842 1311 919 ἐστιν
1288 874 1312 940 η

105 954 138 1024 {a
165 952 233 1017 τοῦ
258 944 408 1039 πατρὸς,
444 943 599 1018 καὶτοῦ
624 944 722 1031 υἱοῦ,
756 943 819 1017 7773
851 952 919 1018 τοῦ
955 943 1064 1045 ἁγίου
1089 941 1310 1039 πνεύματος,

105 1045 206 1119 ικαὶ
232 1044 302 1133 ἀεὶ,
329 1045 391 1119 καὶ
417 1049 467 1128 ελς
491 1043 577 1127 τοῦς
603 1051 742 1132 αἰῶνας
765 1053 844 1120 τῶν
870 1041 1030 1121 αἶιύνων.
1076 1043 1202 1142 Ἀμήν.

217 1207 443 1300 Ἀφορκισμὸς
463 1217 607 1299 πρῶτος.
663 1202 757 1271 Τοῦ
751 1195 906 1291 Κυρίου
931 1194 1141 1292 δεηθῶμεν.

120 1332 291 1428 Ἐπιτιμᾷ
319 1355 388 1418 σοι,
423 1328 570 1425 Κύριος,
605 1327 821 1427 διάβολε,
803 1329 1146 1458 οπαραγενόμενος
1171 1336 1221 1416 εἷς
1246 1332 1313 1407 τὸν

105 1457 200 1527 ιμον,
233 1433 295 1507 καὶ
329 1430 616 1528 κατασκηνάσας
641 1435 682 1506 ἐν
707 1429 937 1561 ἀνθρώποις,
970 1436 1033 1507 ἵνοι
1058 1433 1127 1529 τὴν
1153 1433 1222 1529 σὴν
1246 1463 1314 1508 κα-

105 1546 138 1629 η
163 1532 385 1628 τυραννιδα,
411 1536 473 1608 7773
499 1531 586 1617 τοῦς
611 1530 839 1629 ἀνθρώπους
864 1538 1033 1630 ἐξελῆται.
1073 1535 1181 1619 ‘07
1165 1535 1223 1609 επὶ
1250 1533 1314 1620 ξύ-

105 1666 112 1703 ι
147 1635 212 1719 τὰς
246 1635 500 1722 ἀντικειμένας
531 1632 708 1729 δυνάμεις
740 1633 1028 1763 ἐθριάμβευσεν,
1060 1635 1165 1732 ἦλιου
1192 1664 1314 1711 σκοτι-

105 1737 215 1826 ε’ντος,
250 1736 312 1812 7773
346 1744 413 1864 γῆς
438 1735 693 1832 σαλευομένης,
726 1737 789 1810 καὶ
814 1736 1020 1832 μνήματων
1046 1739 1313 1865 370770737777,

134 1835 322 1934 σωμάτων
349 1836 467 1967 ἀγίων
493 1838 763 1931 ἀνισταμένων,
791 1837 830 1921 ὃς
854 1840 958 1911 ἔλυσε
977 1836 1136 1936 θανάτῳ
1153 1840 1221 1914 τὸν
1238 1837 1314 1915 θά-

105 1969 175 2066 707,
213 1941 275 2014 καὶ
311 1939 426 2036 κατήρ
476 1966 514 2013 σε
550 1938 617 2013 τὸν
651 1938 694 2013 τὸ
719 1937 853 2034 κράτος
877 1941 1009 2033 ἔχοντα
1033 1946 1101 2013 τοῦ
1129 1942 1313 2029 θανάτου,

105 2043 211 2116 πέστι
245 2040 283 2114 σέ
316 2042 383 2114 τὸν
442 2040 607 2136 ιάβολον.
645 2039 801 2138 Οριιίζω
828 2067 866 2114 σε
892 2040 986 2115 κατὰ
1012 2049 1080 2114 703
1109 2045 1213 2130 Θεοῦ,
1246 2050 1314 2116 τοῦ

105 2147 235 2228 ξαντος
266 2143 309 2218 τὸ
342 2140 452 2227 ξύλον
485 2151 549 2239 τῆς
582 2141 687 2237 ζωῆς,
720 2141 783 2216 καὶ
815 2139 994 2268 τάξαντος
1024 2141 1071 2215 τά
1104 2142 1313 2271 Χερουβὶμ,

105 2244 204 2341 τὴν
229 2244 411 2346 φλογίνην
436 2242 629 2420 ῥομφαίαν
652 2243 721 2369 την
742 2242 995 2341 στρεφομένην
1013 2249 1192 2342 φρουρεῖν
1210 2242 1313 2319 αῦτύ.

107 2342 311 2442 ιτιμήθητι,
344 2347 426 2420 κατ’
457 2345 599 2435 ἐκείνου
626 2352 723 2471 γοῦν
757 2371 797 2419 σε
829 2343 983 2442 ὁρκίζω,
1016 2352 1084 2419 τοῦ
1117 2342 1315 2441 περιπατή-

105 2474 185 2531 ιτος
210 2446 260 2530 ιάς
285 2447 343 2520 ἐπὶ
370 2450 520 2575 37737‘
505 2446 563 2521 επὶ
587 2455 691 2521 νῶτα
718 2444 921 2542 θαλάσσης,
947 2475 1010 2520 και
998 2445 1315 2542 ἐπιτιμήσαντος

120 2549 268 2623 λαίλαπι
302 2557 380 2623 τῶν
394 2550 576 2677 ἀνέμων,
614 2541 658 2623 οῦ
683 2547 725 2623 τὸ
749 2549 899 2645 βλέμμα
910 2547 1085 2678 ξηραίνει
1111 2546 1313 2676 ἀβύσσους,

105 2649 167 2746 3
201 2650 327 2745 ἀπειλὴ
360 2646 458 2745 τήκει
484 2652 561 2747 377.
613 2649 737 2733 Αὐτὸς
760 2649 834 2777 γὰρ
859 2649 922 2724 καὶ
948 2658 1021 2779 737
1045 2648 1230 2725 ἐπιτάσσει
1256 2677 1315 2724 σοι

128 2751 261 2848 ἡμῶν,
303 2750 523 2879 φοβήθητι,
555 2753 678 2835 ἔξελθε
716 2752 779 2828 7773
811 2749 1110 2849 ῦπαῦμχιύρησον
1142 2750 1216 2826 ἀπὸ
1246 2761 1315 2826 τοῦ

105 2850 265 2948 ιίσματος
288 2852 436 2940 τούτου,
462 2853 525 2980 7773
550 2853 601 2949 μὴ
627 2853 872 2984 υποστρέφης,
907 2853 1000 2949 μηδὲ
1027 2853 1242 2983 ύπρκρυβῇς
1266 2858 1317 2937 εἰς

105 2956 158 3043 τὸ,
192 2953 286 3080 μηδὲ
320 2953 552 3084 συγαντήσης
583 2953 716 3050 τούτιο,
750 2954 774 3050 3
806 2953 1012 3082 ενεργήσης,
1045 2953 1097 3050 μὴ
1130 2958 1170 3029 ἐν
1196 2955 1314 3042 νυκτὶ,

126 3056 214 3132 37‘
195 3055 324 3184 ημέρᾳ,
350 3055 373 3151 3
399 3055 491 3183 μίρηι,
517 3057 540 3150 3
566 3059 606 3128 37
630 3055 856 3153 μεσημβρίᾳ,
891 3055 982 3129 ἀλλὰ
1009 3057 1148 3128 ἀπελθε
1174 3061 1224 3137 εἰς
1248 3054 1316 3131 τὸν

105 3186 150 3234 ον
183 3155 382 3254 τάρταρον,
417 3158 483 3240 ἓως
515 3164 579 3239 τῆς
609 3156 878 3251 ἡτοιμασμενης
905 3153 1113 3281 μεγάλης“
1092 3155 1229 3284 ημέρας
1252 3163 1317 3250 τῆς

105 3285 214 3341 σεως
256 3259 455 3353 Φοβήθητι
489 3257 556 3330 τὸν
585 3255 687 3345 Θεὸν,
721 3257 788 3332 τὸν
812 3254 1071 3352 καθήμενονέ
1072 3259 1113 3330 773
1138 3265 1216 3332 τῶν
1240 3261 1316 3331 Χε-

105 3360 206 3457 νβιμ,
239 3360 301 3434 7773
337 3359 578 3453 ἐπιβλέποντα
597 3355 872 3487 ἀβύσσους(
854 3387 899 3433 07
930 3359 1151 3535 τρέδμουσιν
1155 3360 1314 3486 ἄγγελοι,

105 3460 286 3589 χάγγελρι,
319 3460 467 3557 θρόνοι,
501 3458 727 3556 κυριότητες,
762 3460 886 3555 ἀρχαὶ,
919 3459 1151 3549 ἐξουσίαι,δ
1151 3459 1315 3590 7737777,

105 3561 396 3691 πολυόμματα
408 3563 605 3688 Χερουβὶμ
639 3562 702 3636 καί
726 3561 773 3636 τά
798 3561 1023 3663 ἑξαπτέρυγα
1045 3560 1282 3688 Σεραφίμ,“
1273 3562 1318 3636 37

105 3665 175 3761 έμει
209 3664 228 3738 3
263 3664 421 3758 οὐρανὸς
459 3664 521 3738 καὶ
554 3663 576 3760 ἡ
610 3671 678 3764 γῆ,
718 3660 895 3738 θάλασσα
935 3664 998 3737 καί
1041 3659 1165 3737 πάντα
1195 3662 1243 3736 τά
1276 3666 1316 3737 ἐν

105 3772 196 3849 τοῖς
225 3768 348 3852 ἐξελθε
373 3765 436 3840 καὶ
462 3762 706 3862 ἀναχώρησον
732 3764 805 3839 ἀπὸ
834 3794 903 3841 του
884 3763 1247 3893 σφραγισθέντος
1235 3792 1316 3839 νισ-

104 3897 181 3970 που
214 3865 443 3961 στρατιώτου
469 3873 636 3964 Χριστοῦ
668 3874 737 3939 τοῦ
765 3866 901 3941 θεοῦ
881 3873 999 3995 ημῶν
1051 3867 1144 3940 Κατ’
1176 3864 1316 3941 ἐκείνου

105 3999 125 4065 ρ
164 3991 204 4042 σε
239 3968 386 4094 ὁρκίζω,
424 3977 492 4043 τοῦ
528 3975 820 4094 περιπατοῦντος
850 3969 909 4041 3773
934 3966 1127 4092 πτερύγοιν
1153 3967 1315 4062 ἀνέμων,

105 4103 118 4146 ι
152 4079 346 4198 ποιοῦγτος
378 4070 464 4153 τοὺς
497 4071 673 4171 ἀγγέλους
705 4069 822 4144 αὑτοῦ
854 4076 927 4163 πῦρ
965 4070 1111 4196 φλέγογ.
1154 4071 1315 4157 Ἔξελθε,

105 4170 400 4299 ίάναγιύρησον
427 4172 499 4244 ἀπὸ
530 4179 598 4244 τοῦ
631 4167 844 4265 πλάσματος
876 4168 1011 4245 τούτου
1044 4170 1115 4245 σὺν
1147 4168 1245 4300 7337
1271 4178 1316 4266 τῇ

104 4270 214 4368 νάμει
246 4274 308 4347 7773
340 4279 416 4356 τὀῖς
449 4273 614 4397 ἀγγέλοις
653 4297 733 4397 σου.
775 4271 857 4348 Ὅτι
884 4271 1165 4357 δεδόξασται
1127 4301 1170 4345 το
1197 4274 1316 4345 ὄνομα

105 4375 303 4504 371777737‚
333 4375 488 4449 καὶτοῦ
514 4375 612 4462 υἱοῦ,
648 4373 710 4448 7773
744 4382 812 4447 τοῦ
838 4372 948 4499 37307
981 4371 1208 4467 πνεύματος,
1245 4382 1317 4448 νῦν

105 4476 115 4552 3
140 4476 216 4565 ἀεὶ,
242 4476 304 4552 7773
329 4482 380 4561 εἰς
403 4474 490 4560 τοῦς
516 4481 655 4560 αἰῶνας
680 4481 757 4550 τῶν
780 4471 940 4551 αλιύνων.
986 4472 1114 4573 Ἀμήν.
