3044 4912
718 255 792 329 426

665 433 674 461 ‘
752 460 771 504 ο
793 432 841 505 6.

195 541 335 619 Ἑλαιον
360 538 515 642 εἰρήνης,
541 438 703 618 θυσίαά)
712 461 895 624 αίνίσίως.

576 688 743 820 Ὁίερεὺς
764 686 932 781 ίκφοίνως.
1422 740 1437 779 :

198 796 249 872 Ἡ
265 794 375 896 χάρις
398 805 466 871 τοῦ
491 794 682 893 Κυρίου
651 803 769 922 ημῶν
787 795 909 890 Ιησοῦ
923 796 1104 890 Χριστοῦ,
1129 790 1196 868 καὶ
1219 790 1245 888 ἡ
1256 786 1378 919 άγάπη
1425 842 1437 884 =

120 907 190 974 τοῦ
211 902 304 974 θεοῦ
328 897 392 1027 καὶ
416 897 574 1025 πατρὸς,
599 896 664 972 καὶ
688 896 711 994 ἡ
736 895 915 973 κοινωνία
940 903 1008 971 τοῦ
1034 892 1145 996 ἁγίου
1170 889 1379 989 πνεύματος,
1426 944 1437 986 1

120 1004 175 1097 ειή
200 1001 293 1091 μετὰ
318 997 472 1077 πάντων
495 999 616 1097 ἡμῶν.

669 1128 708 1198 ‘0
736 1127 845 1219 χορός.

199 1237 273 1311 Καὶ
304 1235 398 1336 μετὰ
432 1232 643 1333 πνεύματός
675 1260 756 1311 σου.

669 1365 708 1435 ‘0
730 1363 847 1458 ίερεάς.

198 1474 297 1549 ’Άνω
325 1481 474 1569 σχῶμεν
498 1474 565 1558 τὰς
589 1470 756 1571 καρδίας.

251 1698 254 1703 Ι
672 1599 710 1670 ‘0
737 1601 846 1692 χορός.

203 1709 359 1806 Ἔχομεν
385 1707 476 1808 πρὸς
500 1708 567 1785 τὸν
592 1704 746 1807 Κύριον.

673 1854 711 1925 ‘O
734 1853 851 1943 ἱερεύς.

210 1958 547 2060 Εῦχαριστήσωμεν
572 1970 626 2061 τῷ
651 1960 793 2058 Κυρίῳ.

682 2091 719 2161 Ὁ
739 2089 847 2182 χορός.

202 2199 325 2285 ’Ἁξιον
360 2199 423 2274 καὶ
458 2195 606 2274 δίκαιόν
640 2201 717 2273 ἐστι
749 2200 968 2292 προςκυνεῖν
999 2192 1160 2289 πατέρα,
1196 2193 1304 2284 υἱὸν,
1338 2192 1393 2269 καὶ

127 2297 237 2403 ίίριον
262 2309 421 2396 πνεῦμα,
447 2298 584 2399 τριάδα
609 2297 811 2398 δμοούσιον
835 2297 898 2373 καὶ
924 2293 1144 2394 ἀχώριστον.

383 2447 421 2517 ‘0
444 2448 550 2538 ίερεῦς
569 2446 759 2536 κλινάμενος
780 2445 955 2532 ἐπεύχεται
974 2453 1149 2534 μυστικῶς.

210 2553 252 2629 Ὁ
279 2552 334 2628 ὢν
360 2553 520 2628 δέσποτα
547 2551 672 2651 Κύριε,
705 2553 771 2628 θεὲ
804 2553 931 2650 πατέρ,
966 2547 1223 2677 παντρκράτορ
1247 2577 1397 2646 προςκυ

131 2653 229 2749 νητὲ,
256 2657 360 2736 ἄξιον
386 2654 437 2737 ὥς
463 2656 627 2783 άληθῶς,
661 2685 723 2729 και
712 2654 896 2730 δίκαιον
921 2653 983 2732 καὶ
1009 2654 1148 2750 πρέπον
1172 2660 1218 2747 τῇ
1246 2659 1399 2752 μεγαλα

131 2755 282 2884 πρεπείᾳ
303 2765 367 2850 τῆς
350 2756 586 2856 ςάνιοσάνης
608 2782 689 2845 σου,
713 2756 751 2830 σὲ
776 2763 906 2845 αλνεῖι,
933 2754 972 2830 σὲ
994 2754 1140 2850 ὑμνεῖν,
1168 2753 1207 2826 σὲ
1227 2754 1398 2881 εῦλρμεῖι,

133 2857 172 2929 σε
198 2864 427 2953 προςκυνεῖν,
456 2858 513 2932 σοὶ
531 2860 773 2955 εὐχαριστεῖν,
801 2886 839 2932 σε
833 2855 1080 2947 δοξάζειν
1043 2887 1111 2930 τον
1127 2852 1261 2950 μόνον,
1289 2857 1401 2935 ὄντως

133 2960 223 3032 ὄντα
254 2959 356 3047 Θεὸν,
382 2960 445 3034 καὶ
472 2959 530 3088 σρὶ
555 2989 773 3086 προςιρερειν
799 2991 839 3036 εν
864 2959 1000 3056 καρδίᾳ
1027 2957 1322 3083 συντετριμμένης
1343 2953 1400 3030 καί

132 3057 339 3192 πνεάμρτι
347 3061 601 3146 ταπεινώσεως
636 3062 705 3159 τὴν
738 3063 887 3190 λογικὴν
912 3059 1052 3157 ταύτην
1078 3059 1252 3157 λατρείαν
1277 3059 1398 3155 ἡμῶν·

134 3162 189 3235 ὅτι
227 3161 273 3237 σὺ
310 3163 339 3235 εἶ
375 3164 393 3238 6
395 3163 722 3291 χριρισάαενοςη
700 3164 791 3261 ι’,ιιῖν
816 3165 884 3260 τὴν
910 3163 1110 3288 ἐπίμιωσιν
1134 3170 1199 3256 τῆς
1226 3169 1293 3256 σῆς
1319 3161 1400 3283 ἄλη

133 3264 253 3350 θείας,
280 3265 342 3337 καὶ
367 3266 422 3348 τίς
447 3268 574 3350 ἱκανὸς
599 3198 752 3362 λαλῆσάι
779 3267 845 3348 τάς
871 3263 1091 3347 δυναστείας
1108 3288 1189 3350 σου,
1218 3260 1400 3341 άκουστὰς

134 3391 327 3460 ποιησαι
317 3363 438 3449 πάσας
470 3368 536 3451 τὰς
570 3369 723 3451 αλνεσεις
757 3393 845 3455 σου;
878 3369 901 3463 ἡ
894 3365 1186 3490 διηγήσασθαι
1207 3361 1336 3437 πάντα
1359 3360 1400 3434 τὰ

134 3465 335 3562 θαυμάσιά
362 3494 430 3542 σου
456 3500 497 3544 εν
523 3472 634 3543 παντί
660 3480 792 3567 καιρῷ,
819 3469 979 3544 δεσποτα
1005 3495 1083 3542 των
1110 3462 1304 3554 ἁπάντων,
1331 3460 1400 3537 Κά

136 3599 189 3663 ριε
225 3570 389 3666 οὐρανοῦ
422 3572 485 3645 καὶ
480 3581 597 3698 γῆς,
633 3572 695 3646 καὶ
729 3570 848 3701 πάσης
880 3571 1033 3652 κτίσεως
1066 3568 1256 3696 ὁρωμὲνρςι
1238 3597 1321 3651 ςτε
1347 3562 1401 3640 καὶ

136 3671 206 3765 οὐχ
240 3672 439 3768 ὁρωμένης,
473 3673 493 3749 6
515 3670 779 3801 καθήαενρς’
764 3674 822 3747 επὶ
847 3670 994 3797 θρόνορ
1021 3669 1141 3767 δόξης,
1175 3670 1239 3744 καὶ
1266 3666 1401 3766 emm&-

135 3802 218 3846 πων
253 3771 521 3867 ἀβάσσους,’
497 3804 654 3873 αναρχε,
688 3773 834 3873 άόρατε,
869 3771 1112 3871 άκατάληπτε,
1147 3771 1402 3873 άπερίγραπτε,

137 3876 418 3964 άναλλοίωτε,
402 3909 421 3949 ο
448 3907 567 3974 πατηρ
594 3886 661 3951 τοῦ
688 3877 875 4002 Κυρίου
855 3886 964 3973 ηαῶν
983 3877 1105 3971 Ἰησοῦ
1131 3879 1316 3971 Χριστοῦ,
1343 3875 1401 3944 τοῦ

136 3974 299 4078 ιιεμάλου
329 3983 421 4051 θεοῦ
447 3979 509 4052 καὶ
535 3988 698 4076 σωτῆρος
723 4010 787 4075 της
808 3978 989 4062 ἒλπίδος’
969 4008 1007 4106 ηρ
993 3985 1094 4071 μῶν·
1124 3975 1163 4059 69
1179 3979 1282 4050 ἐστιν
1301 3972 1402 4048 εῑκώι

136 4108 201 4206 της
227 4088 291 4173 σῆς
317 4077 563 4208 άγαθότητος,
591 4080 751 4182 σφραγὶς
776 4079 997 4177 ῑσότητος,’
982 4110 1023 4154 εν
1048 4081 1169 4173 ἑαυτῷ
1197 4074 1346 4159 δεικνύς
1373 4095 1401 4145 σε

136 4178 205 4254 τὸν
230 4188 382 4276 πατέρα,
408 4179 565 4311 λάγος”
543 4193 630 4272 ςῶν,
661 4183 748 4267 θεὸς
773 4184 953 4281 ἀληθινὸς
979 4180 1049 4279 πρὸ
1077 4177 1242 4266 αἰώνων,
1281 4175 1401 4272 σοφία,

139 4279 282 4376 ζωὴ,
261 4283 455 4380 ιιγιασμὸς,
490 4282 662 4381 δύναμις,
699 4284 742 4359 τὸ
769 4295 849 4384 φῶς
875 4285 918 4359 τὸ
945 4279 1144 4380 ἀληθινόν·
1180 4309 1258 4377 παρ
1298 4274 1344 4407 (96
1368 4273 1405 4349 τά

139 4408 244 4472 τνευ
243 4411 285 4455 ια
317 4385 360 4459 τὸ
386 4385 495 4515 ἅγιον
521 4385 690 4515 ἐξεφάνη,
724 4386 766 4461 τὸ
792 4395 856 4483 τῆς
882 4386 1059 4482 ἀληθείας
1084 4392 1245 4477 πνεῦμα,
1279 4381 1323 4454 τὸ
1349 4403 1404 4473 της

140 4482 332 4569 υιοθεσίας
360 4486 541 4585 χάρισμα,
580 4489 599 4562 6
634 4494 679 4586 αῤ
642 4486 811 4586 ’ρραβών
836 4498 901 4587 τῆς
925 4485 1127 4586 μελλούσης
1150 4482 1406 4584 κληρονομίας,
