<?xml version="1.0" encoding="UTF-8"?>
<!DOCTYPE html PUBLIC "-//W3C//DTD XHTML 1.0 Transitional//EN"
    "http://www.w3.org/TR/xhtml1/DTD/xhtml1-transitional.dtd">
<html xmlns="http://www.w3.org/1999/xhtml" xml:lang="en" lang="en">
 <head>
  <title>
</title>
<meta http-equiv="Content-Type" content="text/html;charset=utf-8" />
  <meta name='ocr-system' content='tesseract 3.04.00' />
  <meta name='ocr-capabilities' content='ocr_page ocr_carea ocr_par ocr_line ocrx_word'/>
</head>
<body>
  <div class='ocr_page' id='page_1' title='image "./codexliturgicus05danigoog_0106.png"; bbox 0 0 3044 4912; ppageno 0'>
   <div class='ocr_carea' id='block_1_1' title="bbox 664 246 716 322">
    <p class='ocr_par' dir='ltr' id='par_1_1' title="bbox 664 246 716 322">
     <span class='ocr_line' id='line_1_1' title="bbox 664 246 716 322; baseline 0.038 -2"><span class='ocrx_word' id='word_1_1' title='bbox 664 246 716 322; x_wconf 81' lang='lat'><strong><em>9⁵</em></strong></span> 
     </span>
    </p>
   </div>
   <div class='ocr_carea' id='block_1_2' title="bbox 70 425 1327 627">
    <p class='ocr_par' dir='ltr' id='par_1_2' title="bbox 70 425 1327 627">
     <span class='ocr_line' id='line_1_2' title="bbox 127 425 1327 556; baseline 0.009 -55.12"><span class='ocrx_word' id='word_1_2' title='bbox 127 426 227 527; x_wconf 76' lang='grc' dir='ltr'><strong><em>Ὑπὲρ</em></strong></span> <span class='ocrx_word' id='word_1_3' title='bbox 262 425 447 556; x_wconf 79' lang='grc' dir='ltr'><strong><em>σωτηρίας</em></strong></span> <span class='ocrx_word' id='word_1_4' title='bbox 477 426 541 504; x_wconf 81' lang='grc' dir='ltr'><strong><em>καὶ</em></strong></span> <span class='ocrx_word' id='word_1_5' title='bbox 575 427 804 529; x_wconf 73' lang='grc' dir='ltr'><strong><em>ἀντιλήψεως</em></strong></span> <span class='ocrx_word' id='word_1_6' title='bbox 828 429 968 517; x_wconf 83' lang='grc' dir='ltr'><strong><em>παντὸς</em></strong></span> <span class='ocrx_word' id='word_1_7' title='bbox 991 440 1060 509; x_wconf 84' lang='grc' dir='ltr'><strong><em>τοῦ</em></strong></span> <span class='ocrx_word' id='word_1_8' title='bbox 1085 433 1327 534; x_wconf 86' lang='grc' dir='ltr'><strong><em>φιλοχρίστου</em></strong></span> 
     </span>
     <span class='ocr_line' id='line_1_3' title="bbox 70 525 694 627; baseline 0.003 -23"><span class='ocrx_word' id='word_1_9' title='bbox 70 537 162 618; x_wconf 83' lang='grc' dir='ltr'><strong><em>λαοῦ,</em></strong></span> <span class='ocrx_word' id='word_1_10' title='bbox 185 526 353 627; x_wconf 75' lang='grc' dir='ltr'><strong><em>δεόμεθά</em></strong></span> <span class='ocrx_word' id='word_1_11' title='bbox 379 552 449 605; x_wconf 93' lang='grc' dir='ltr'><strong><em>σου</em></strong></span> <span class='ocrx_word' id='word_1_12' title='bbox 474 525 694 607; x_wconf 79' lang='grc' dir='ltr'><strong><em>ἐπάκουσον.</em></strong></span> 
     </span>
    </p>
   </div>
   <div class='ocr_carea' id='block_1_3' title="bbox 67 630 1338 1948">
    <p class='ocr_par' dir='ltr' id='par_1_3' title="bbox 71 630 1338 932">
     <span class='ocr_line' id='line_1_4' title="bbox 129 630 1338 766; baseline 0.008 -62"><span class='ocrx_word' id='word_1_13' title='bbox 129 630 258 760; x_wconf 77' lang='grc' dir='ltr'><strong><em>Ὑπίρ</em></strong></span> <span class='ocrx_word' id='word_1_14' title='bbox 252 639 322 706; x_wconf 83' lang='grc' dir='ltr'><strong><em>τοῦ</em></strong></span> <span class='ocrx_word' id='word_1_15' title='bbox 347 631 572 729; x_wconf 74' lang='grc' dir='ltr'><strong><em>ῥυσθῆναι</em></strong></span> <span class='ocrx_word' id='word_1_16' title='bbox 552 640 649 729; x_wconf 83' lang='grc' dir='ltr'><strong><em>ημᾶς</em></strong></span> <span class='ocrx_word' id='word_1_17' title='bbox 665 632 739 708; x_wconf 83' lang='grc' dir='ltr'><strong><em>άπὸ</em></strong></span> <span class='ocrx_word' id='word_1_18' title='bbox 756 630 875 732; x_wconf 89' lang='grc' dir='ltr'><strong><em>πάσης</em></strong></span> <span class='ocrx_word' id='word_1_19' title='bbox 890 634 1071 732; x_wconf 89' lang='grc' dir='ltr'><strong><em>θλίψεως,</em></strong></span> <span class='ocrx_word' id='word_1_20' title='bbox 1096 636 1222 766; x_wconf 77' lang='grc' dir='ltr'><strong><em>ὀργῆς,</em></strong></span> <span class='ocrx_word' id='word_1_21' title='bbox 1245 662 1338 714; x_wconf 57' lang='lat' dir='ltr'><strong><em>mr*</em></strong></span> 
     </span>
     <span class='ocr_line' id='line_1_5' title="bbox 71 731 1328 863; baseline 0.006 -55"><span class='ocrx_word' id='word_1_22' title='bbox 71 731 174 809; x_wconf 83' lang='grc' dir='ltr'><strong><em>δίνου</em></strong></span> <span class='ocrx_word' id='word_1_23' title='bbox 195 732 261 808; x_wconf 78' lang='grc' dir='ltr'><strong><em>καὶ</em></strong></span> <span class='ocrx_word' id='word_1_24' title='bbox 257 732 463 863; x_wconf 83' lang='grc' dir='ltr'><strong><em>ἀνάγκης,</em></strong></span> <span class='ocrx_word' id='word_1_25' title='bbox 490 733 756 864; x_wconf 78' lang='grc' dir='ltr'><strong><em>αἰχμαλωσίας,</em></strong></span> <span class='ocrx_word' id='word_1_26' title='bbox 781 744 915 833; x_wconf 86' lang='grc' dir='ltr'><strong><em>πικροῦ</em></strong></span> <span class='ocrx_word' id='word_1_27' title='bbox 940 734 1127 827; x_wconf 91' lang='grc' dir='ltr'><strong><em>θανάτου,</em></strong></span> <span class='ocrx_word' id='word_1_28' title='bbox 1159 739 1328 818; x_wconf 77' lang='grc' dir='ltr'><strong><em>καὶτῶν</em></strong></span> 
     </span>
     <span class='ocr_line' id='line_1_6' title="bbox 72 832 906 932; baseline 0.005 -23"><span class='ocrx_word' id='word_1_29' title='bbox 72 835 223 927; x_wconf 77' lang='grc' dir='ltr'><strong><em>ἀνομιῶν</em></strong></span> <span class='ocrx_word' id='word_1_30' title='bbox 247 833 370 932; x_wconf 81' lang='grc' dir='ltr'><strong><em>ἡμῶν,</em></strong></span> <span class='ocrx_word' id='word_1_31' title='bbox 397 832 565 931; x_wconf 78' lang='grc' dir='ltr'><strong><em>δεόμεθά</em></strong></span> <span class='ocrx_word' id='word_1_32' title='bbox 592 859 661 911; x_wconf 92' lang='grc' dir='ltr'><strong><em>σου</em></strong></span> <span class='ocrx_word' id='word_1_33' title='bbox 685 833 906 913; x_wconf 66' lang='grc' dir='ltr'><strong><em>ἐπάκουσον.</em></strong></span> 
     </span>
    </p>

    <p class='ocr_par' dir='ltr' id='par_1_4' title="bbox 70 935 1326 1236">
     <span class='ocr_line' id='line_1_7' title="bbox 129 935 1325 1066; baseline 0.008 -58"><span class='ocrx_word' id='word_1_34' title='bbox 129 935 227 1033; x_wconf 78' lang='grc' dir='ltr'><strong><em>Ὑπὲρ</em></strong></span> <span class='ocrx_word' id='word_1_35' title='bbox 262 943 332 1012; x_wconf 87' lang='grc' dir='ltr'><strong><em>τοῦ</em></strong></span> <span class='ocrx_word' id='word_1_36' title='bbox 364 944 604 1066; x_wconf 77' lang='grc' dir='ltr'><strong><em>περιεστῶτος</em></strong></span> <span class='ocrx_word' id='word_1_37' title='bbox 628 945 721 1013; x_wconf 84' lang='grc' dir='ltr'><strong><em>λαοῦ</em></strong></span> <span class='ocrx_word' id='word_1_38' title='bbox 745 966 810 1013; x_wconf 84' lang='grc' dir='ltr'><strong><em>και</em></strong></span> <span class='ocrx_word' id='word_1_39' title='bbox 797 938 1129 1035; x_wconf 77' lang='grc' dir='ltr'><strong><em>ἀπεκδεχομένου</em></strong></span> <span class='ocrx_word' id='word_1_40' title='bbox 1153 939 1197 1016; x_wconf 80' lang='grc' dir='ltr'><strong><em>τὸ</em></strong></span> <span class='ocrx_word' id='word_1_41' title='bbox 1222 940 1325 1042; x_wconf 83' lang='grc' dir='ltr'><strong><em>παρὰ</em></strong></span> 
     </span>
     <span class='ocr_line' id='line_1_8' title="bbox 73 1034 1326 1214; baseline 0.006 -103"><span class='ocrx_word' id='word_1_42' title='bbox 73 1047 127 1112; x_wconf 87' lang='grc' dir='ltr'><strong><em>σοῦ</em></strong></span> <span class='ocrx_word' id='word_1_43' title='bbox 111 1034 332 1214; x_wconf 73' lang='grc' dir='ltr'><strong><em>ἐπλούσιον</em></strong></span> <span class='ocrx_word' id='word_1_44' title='bbox 362 1068 426 1114; x_wconf 93' lang='grc' dir='ltr'><strong><em>και</em></strong></span> <span class='ocrx_word' id='word_1_45' title='bbox 413 1037 547 1142; x_wconf 72' lang='grc' dir='ltr'><strong><em>μέγα</em></strong></span> <span class='ocrx_word' id='word_1_46' title='bbox 571 1040 727 1129; x_wconf 50' lang='grc' dir='ltr'><strong><em>ε’(λεος,</em></strong></span> <span class='ocrx_word' id='word_1_47' title='bbox 712 1036 922 1138; x_wconf 81' lang='grc' dir='ltr'><strong><em>ικετεύομίν</em></strong></span> <span class='ocrx_word' id='word_1_48' title='bbox 948 1067 1000 1130; x_wconf 89' lang='grc' dir='ltr'><strong><em>σε,</em></strong></span> <span class='ocrx_word' id='word_1_49' title='bbox 1027 1042 1326 1145; x_wconf 84' lang='grc' dir='ltr'><strong><em>σπλαγχνίσθητι</em></strong></span> 
     </span>
     <span class='ocr_line' id='line_1_9' title="bbox 70 1138 288 1236; baseline 0.005 -22"><span class='ocrx_word' id='word_1_50' title='bbox 70 1138 121 1214; x_wconf 78' lang='grc' dir='ltr'><strong><em>καὶ</em></strong></span> <span class='ocrx_word' id='word_1_51' title='bbox 159 1139 288 1236; x_wconf 66' lang='grc' dir='ltr'><strong><em>ἰίησον</em></strong></span> 
     </span>
    </p>

    <p class='ocr_par' dir='ltr' id='par_1_5' title="bbox 70 1238 1326 1418">
     <span class='ocr_line' id='line_1_10' title="bbox 133 1238 1326 1346; baseline 0.006 -32"><span class='ocrx_word' id='word_1_52' title='bbox 133 1240 314 1317; x_wconf 61' lang='grc' dir='ltr'><strong><em>Σῶσον*</em></strong></span> <span class='ocrx_word' id='word_1_53' title='bbox 296 1270 316 1315; x_wconf 94' lang='grc' dir='ltr'><strong><em>ο</em></strong></span> <span class='ocrx_word' id='word_1_54' title='bbox 345 1240 433 1325; x_wconf 82' lang='grc' dir='ltr'><strong><em>θεὸς</em></strong></span> <span class='ocrx_word' id='word_1_55' title='bbox 457 1240 525 1317; x_wconf 80' lang='grc' dir='ltr'><strong><em>τὸν</em></strong></span> <span class='ocrx_word' id='word_1_56' title='bbox 550 1238 642 1318; x_wconf 88' lang='grc' dir='ltr'><strong><em>λαόν</em></strong></span> <span class='ocrx_word' id='word_1_57' title='bbox 668 1265 751 1332; x_wconf 90' lang='grc' dir='ltr'><strong><em>σου,</em></strong></span> <span class='ocrx_word' id='word_1_58' title='bbox 784 1271 849 1317; x_wconf 87' lang='grc' dir='ltr'><strong><em>και</em></strong></span> <span class='ocrx_word' id='word_1_59' title='bbox 836 1238 1077 1344; x_wconf 76' lang='grc' dir='ltr'><strong><em>εὐλόγησεν</em></strong></span> <span class='ocrx_word' id='word_1_60' title='bbox 1098 1243 1168 1341; x_wconf 77' lang='grc' dir='ltr'><strong><em>τὴν</em></strong></span> <span class='ocrx_word' id='word_1_61' title='bbox 1193 1252 1326 1346; x_wconf 86' lang='grc' dir='ltr'><strong><em>κληρο-</em></strong></span> 
     </span>
     <span class='ocr_line' id='line_1_11' title="bbox 70 1366 297 1418; baseline 0.009 -3"><span class='ocrx_word' id='word_1_62' title='bbox 70 1369 106 1416; x_wconf 90' lang='grc' dir='ltr'><strong><em>νο</em></strong></span> <span class='ocrx_word' id='word_1_63' title='bbox 215 1366 297 1418; x_wconf 93' lang='grc' dir='ltr'><strong><em>σου.</em></strong></span> 
     </span>
    </p>

    <p class='ocr_par' dir='ltr' id='par_1_6' title="bbox 104 1342 1306 1544">
     <span class='ocr_line' id='line_1_12' title="bbox 104 1342 1306 1544; baseline 0.001 -25"><span class='ocrx_word' id='word_1_64' title='bbox 104 1342 401 1544; x_wconf 44' lang='lat' dir='ltr'><strong><em>affatum</em></strong></span> <span class='ocrx_word' id='word_1_65' title='bbox 362 1470 429 1519; x_wconf 91' lang='grc' dir='ltr'><strong><em>τον</em></strong></span> <span class='ocrx_word' id='word_1_66' title='bbox 454 1440 598 1541; x_wconf 85' lang='grc' dir='ltr'><strong><em>κόσμον</em></strong></span> <span class='ocrx_word' id='word_1_67' title='bbox 625 1469 761 1520; x_wconf 91' lang='grc' dir='ltr'><strong><em>σου</em></strong></span> <span class='ocrx_word' id='word_1_68' title='bbox 718 1445 761 1520; x_wconf 75' lang='grc' dir='ltr'><strong>ἐ</strong></span> <span class='ocrx_word' id='word_1_69' title='bbox 785 1444 871 1519; x_wconf 77' lang='grc' dir='ltr'><strong><em>ἐλίει</em></strong></span> <span class='ocrx_word' id='word_1_70' title='bbox 896 1443 960 1521; x_wconf 80' lang='grc' dir='ltr'><strong><em>καὶ</em></strong></span> <span class='ocrx_word' id='word_1_71' title='bbox 985 1446 1196 1544; x_wconf 66' lang='grc' dir='ltr'><strong><em>οἰκτιρμοῖς.</em></strong></span> <span class='ocrx_word' id='word_1_72' title='bbox 1304 1502 1306 1507; x_wconf 59' lang='grc'><strong><em>«</em></strong></span> 
     </span>
    </p>

    <p class='ocr_par' dir='ltr' id='par_1_7' title="bbox 69 1543 1326 1746">
     <span class='ocr_line' id='line_1_13' title="bbox 121 1543 1326 1645; baseline 0.005 -26"><span class='ocrx_word' id='word_1_73' title='bbox 121 1545 293 1645; x_wconf 88' lang='grc' dir='ltr'><strong><em>Ὑψωσυν</em></strong></span> <span class='ocrx_word' id='word_1_74' title='bbox 323 1546 432 1645; x_wconf 81' lang='grc' dir='ltr'><strong><em>κέρας</em></strong></span> <span class='ocrx_word' id='word_1_75' title='bbox 455 1551 699 1644; x_wconf 80' lang='grc' dir='ltr'><strong><em>Χριστιανῶν</em></strong></span> <span class='ocrx_word' id='word_1_76' title='bbox 733 1553 779 1643; x_wconf 83' lang='grc' dir='ltr'><strong><em>τῇ</em></strong></span> <span class='ocrx_word' id='word_1_77' title='bbox 816 1543 977 1644; x_wconf 75' lang='grc' dir='ltr'><strong><em>δυνάμει</em></strong></span> <span class='ocrx_word' id='word_1_78' title='bbox 1008 1553 1077 1622; x_wconf 82' lang='grc' dir='ltr'><strong><em>τοῦ</em></strong></span> <span class='ocrx_word' id='word_1_79' title='bbox 1109 1547 1236 1644; x_wconf 83' lang='grc' dir='ltr'><strong><em>τιμίου</em></strong></span> <span class='ocrx_word' id='word_1_80' title='bbox 1261 1548 1326 1624; x_wconf 89' lang='grc' dir='ltr'><strong><em>και</em></strong></span> 
     </span>
     <span class='ocr_line' id='line_1_14' title="bbox 69 1645 438 1776; baseline 0.008 -56"><span class='ocrx_word' id='word_1_81' title='bbox 69 1645 235 1736; x_wconf 86' lang='grc' dir='ltr'><strong><em>ζωοποιοῦ</em></strong></span> <span class='ocrx_word' id='word_1_82' title='bbox 241 1654 438 1776; x_wconf 85' lang='grc' dir='ltr'><strong><em>σταυροῦ.</em></strong></span> 
     </span>
    </p>

    <p class='ocr_par' dir='ltr' id='par_1_8' title="bbox 67 1743 1327 1948">
     <span class='ocr_line' id='line_1_15' title="bbox 126 1743 1327 1849; baseline 0.003 -25.013"><span class='ocrx_word' id='word_1_83' title='bbox 126 1745 343 1845; x_wconf 82' lang='grc' dir='ltr'><strong><em>Ἱκετεύομίν</em></strong></span> <span class='ocrx_word' id='word_1_84' title='bbox 369 1773 409 1824; x_wconf 87' lang='grc' dir='ltr'><strong><em>σε</em></strong></span> <span class='ocrx_word' id='word_1_85' title='bbox 435 1748 602 1824; x_wconf 85' lang='grc' dir='ltr'><strong><em>πολυίλεε</em></strong></span> <span class='ocrx_word' id='word_1_86' title='bbox 616 1744 742 1849; x_wconf 83' lang='grc' dir='ltr'><strong><em>Κύριε,</em></strong></span> <span class='ocrx_word' id='word_1_87' title='bbox 768 1743 1022 1826; x_wconf 80' lang='grc' dir='ltr'><strong><em>ἐπάκουσον</em></strong></span> <span class='ocrx_word' id='word_1_88' title='bbox 1001 1754 1112 1847; x_wconf 79' lang='grc' dir='ltr'><strong><em>ημῶν</em></strong></span> <span class='ocrx_word' id='word_1_89' title='bbox 1136 1748 1327 1848; x_wconf 71' lang='grc' dir='ltr'><strong><em>δεομένων</em></strong></span> 
     </span>
     <span class='ocr_line' id='line_1_16' title="bbox 67 1850 410 1948; baseline 0.009 -25"><span class='ocrx_word' id='word_1_90' title='bbox 67 1873 137 1941; x_wconf 88' lang='grc' dir='ltr'><strong><em>σου,</em></strong></span> <span class='ocrx_word' id='word_1_91' title='bbox 160 1850 223 1928; x_wconf 79' lang='grc' dir='ltr'><strong><em>καὶ</em></strong></span> <span class='ocrx_word' id='word_1_92' title='bbox 251 1850 410 1948; x_wconf 82' lang='grc' dir='ltr'><strong><em>ελέησον.</em></strong></span> 
     </span>
    </p>
   </div>
   <div class='ocr_carea' id='block_1_4' title="bbox 46 1979 1404 3913">
    <p class='ocr_par' dir='ltr' id='par_1_9' title="bbox 512 1979 855 2070">
     <span class='ocr_line' id='line_1_17' title="bbox 512 1979 855 2070; baseline -0.003 -20"><span class='ocrx_word' id='word_1_93' title='bbox 512 1979 552 2050; x_wconf 88' lang='lat'><strong><em>‘0</em></strong></span> <span class='ocrx_word' id='word_1_94' title='bbox 573 1983 656 2064; x_wconf 82' lang='grc' dir='ltr'><strong><em>λαὸς</em></strong></span> <span class='ocrx_word' id='word_1_95' title='bbox 676 1979 713 2052; x_wconf 72' lang='grc' dir='ltr'><strong><em>ἐκ</em></strong></span> <span class='ocrx_word' id='word_1_96' title='bbox 732 1981 855 2070; x_wconf 84' lang='grc' dir='ltr'><strong><em>τρίτου.</em></strong></span> 
     </span>
    </p>

    <p class='ocr_par' dir='ltr' id='par_1_10' title="bbox 129 2067 426 2170">
     <span class='ocr_line' id='line_1_18' title="bbox 129 2067 426 2170; baseline -0.01 -24"><span class='ocrx_word' id='word_1_97' title='bbox 129 2067 241 2170; x_wconf 80' lang='grc' dir='ltr'><strong><em>Κύριε</em></strong></span> <span class='ocrx_word' id='word_1_98' title='bbox 268 2068 426 2166; x_wconf 77' lang='grc' dir='ltr'><strong><em>ἐλέησον.</em></strong></span> 
     </span>
    </p>

    <p class='ocr_par' dir='ltr' id='par_1_11' title="bbox 573 2181 797 2263">
     <span class='ocr_line' id='line_1_19' title="bbox 573 2181 797 2263; baseline -0.005 -10.946"><span class='ocrx_word' id='word_1_99' title='bbox 573 2181 797 2263; x_wconf 83' lang='grc' dir='ltr'><strong><em>Οδιάκονος.</em></strong></span> 
     </span>
    </p>

    <p class='ocr_par' dir='ltr' id='par_1_12' title="bbox 66 2282 1328 2594">
     <span class='ocr_line' id='line_1_20' title="bbox 124 2282 1327 2419; baseline 0.001 -57"><span class='ocrx_word' id='word_1_100' title='bbox 124 2287 276 2419; x_wconf 90' lang='grc' dir='ltr'><strong><em>Ὑπερ</em></strong></span> <span class='ocrx_word' id='word_1_101' title='bbox 255 2288 421 2417; x_wconf 84' lang='grc' dir='ltr'><strong><em>αψίσεως</em></strong></span> <span class='ocrx_word' id='word_1_102' title='bbox 446 2287 641 2386; x_wconf 82' lang='grc' dir='ltr'><strong><em>άμαρτιων</em></strong></span> <span class='ocrx_word' id='word_1_103' title='bbox 666 2287 787 2384; x_wconf 77' lang='grc' dir='ltr'><strong><em>ἡμῶν,</em></strong></span> <span class='ocrx_word' id='word_1_104' title='bbox 823 2284 887 2361; x_wconf 86' lang='grc' dir='ltr'><strong><em>καὶ</em></strong></span> <span class='ocrx_word' id='word_1_105' title='bbox 889 2282 1180 2416; x_wconf 79' lang='grc' dir='ltr'><strong><em>συγχωρήσεως</em></strong></span> <span class='ocrx_word' id='word_1_106' title='bbox 1204 2295 1327 2418; x_wconf 65' lang='lat'>⁷666-</span> 
     </span>
     <span class='ocr_line' id='line_1_21' title="bbox 67 2385 1328 2519; baseline 0.002 -55"><span class='ocrx_word' id='word_1_107' title='bbox 67 2388 288 2488; x_wconf 84' lang='grc' dir='ltr'><strong><em>μιίημάτων,</em></strong></span> <span class='ocrx_word' id='word_1_108' title='bbox 313 2388 378 2465; x_wconf 85' lang='grc' dir='ltr'><strong><em>καὶ</em></strong></span> <span class='ocrx_word' id='word_1_109' title='bbox 400 2395 470 2519; x_wconf 72' lang='grc' dir='ltr'><strong><em>τοῦ</em></strong></span> <span class='ocrx_word' id='word_1_110' title='bbox 492 2388 729 2486; x_wconf 66' lang='grc' dir='ltr'><strong><em>ῥυσθῆναι“</em></strong></span> <span class='ocrx_word' id='word_1_111' title='bbox 705 2392 820 2511; x_wconf 81' lang='grc' dir='ltr'><strong><em>ημᾶς</em></strong></span> <span class='ocrx_word' id='word_1_112' title='bbox 829 2386 904 2463; x_wconf 87' lang='grc' dir='ltr'><strong><em>ἀπὸ</em></strong></span> <span class='ocrx_word' id='word_1_113' title='bbox 920 2385 1040 2485; x_wconf 90' lang='grc' dir='ltr'><strong><em>πάσης</em></strong></span> <span class='ocrx_word' id='word_1_114' title='bbox 1055 2386 1279 2485; x_wconf 76' lang='grc' dir='ltr'><strong><em>θλίψεως,’</em></strong></span> <span class='ocrx_word' id='word_1_115' title='bbox 1262 2420 1328 2491; x_wconf 90' lang='grc' dir='ltr'><strong><em>ορ-</em></strong></span> 
     </span>
     <span class='ocr_line' id='line_1_22' title="bbox 66 2488 1141 2619; baseline -0.004 -50"><span class='ocrx_word' id='word_1_116' title='bbox 66 2502 133 2591; x_wconf 76' lang='grc' dir='ltr'><strong><em>γῆς,</em></strong></span> <span class='ocrx_word' id='word_1_117' title='bbox 157 2489 352 2582; x_wconf 77' lang='grc' dir='ltr'><strong><em>κινδύνου,</em></strong></span> <span class='ocrx_word' id='word_1_118' title='bbox 377 2520 442 2566; x_wconf 89' lang='grc' dir='ltr'><strong><em>και</em></strong></span> <span class='ocrx_word' id='word_1_119' title='bbox 428 2488 653 2619; x_wconf 80' lang='grc' dir='ltr'><strong><em>ἀνάγκης,</em></strong></span> <span class='ocrx_word' id='word_1_120' title='bbox 668 2520 737 2566; x_wconf 86' lang='grc' dir='ltr'><strong><em>του</em></strong></span> <span class='ocrx_word' id='word_1_121' title='bbox 721 2488 906 2618; x_wconf 80' lang='grc' dir='ltr'><strong><em>Κηρίου</em></strong></span> <span class='ocrx_word' id='word_1_122' title='bbox 931 2488 1141 2587; x_wconf 81' lang='grc' dir='ltr'><strong><em>δεηθῶμεν.</em></strong></span> 
     </span>
    </p>

    <p class='ocr_par' dir='ltr' id='par_1_13' title="bbox 66 2590 1326 2794">
     <span class='ocr_line' id='line_1_23' title="bbox 134 2590 1326 2720; baseline -0.002 -51"><span class='ocrx_word' id='word_1_123' title='bbox 134 2594 210 2691; x_wconf 82' lang='grc' dir='ltr'><strong><em>Τὴν</em></strong></span> <span class='ocrx_word' id='word_1_124' title='bbox 240 2593 384 2720; x_wconf 76' lang='grc' dir='ltr'><strong><em>ἡμέραν</em></strong></span> <span class='ocrx_word' id='word_1_125' title='bbox 409 2601 536 2668; x_wconf 85' lang='grc' dir='ltr'><strong><em>πᾶσαν</em></strong></span> <span class='ocrx_word' id='word_1_126' title='bbox 560 2591 715 2682; x_wconf 88' lang='grc' dir='ltr'><strong><em>τελείαν,</em></strong></span> <span class='ocrx_word' id='word_1_127' title='bbox 749 2590 875 2719; x_wconf 86' lang='grc' dir='ltr'><strong><em>ἁγίαν,</em></strong></span> <span class='ocrx_word' id='word_1_128' title='bbox 911 2593 1110 2689; x_wconf 84' lang='grc' dir='ltr'><strong><em>εἰρηνικὴν,</em></strong></span> <span class='ocrx_word' id='word_1_129' title='bbox 1142 2592 1205 2666; x_wconf 82' lang='grc' dir='ltr'><strong><em>καὶ</em></strong></span> <span class='ocrx_word' id='word_1_130' title='bbox 1231 2593 1326 2669; x_wconf 82' lang='grc' dir='ltr'><strong><em>ἀνα-</em></strong></span> 
     </span>
     <span class='ocr_line' id='line_1_24' title="bbox 66 2690 1326 2826; baseline 0 -55"><span class='ocrx_word' id='word_1_131' title='bbox 66 2692 243 2794; x_wconf 86' lang='grc' dir='ltr'><strong><em>μάρτητον</em></strong></span> <span class='ocrx_word' id='word_1_132' title='bbox 269 2694 305 2769; x_wconf 80' lang='grc' dir='ltr'><strong><em>οἱ</em></strong></span> <span class='ocrx_word' id='word_1_133' title='bbox 329 2690 463 2779; x_wconf 89' lang='grc' dir='ltr'><strong><em>πάντες</em></strong></span> <span class='ocrx_word' id='word_1_134' title='bbox 488 2694 590 2789; x_wconf 81' lang='grc' dir='ltr'><strong><em>παρὰ</em></strong></span> <span class='ocrx_word' id='word_1_135' title='bbox 614 2699 684 2770; x_wconf 84' lang='grc' dir='ltr'><strong><em>τοῦ</em></strong></span> <span class='ocrx_word' id='word_1_136' title='bbox 709 2692 851 2793; x_wconf 87' lang='grc' dir='ltr'><strong><em>Κυρίου</em></strong></span> <span class='ocrx_word' id='word_1_137' title='bbox 880 2692 1045 2769; x_wconf 75' lang='grc' dir='ltr'><strong><em>διελθεῖν</em></strong></span> <span class='ocrx_word' id='word_1_138' title='bbox 1052 2692 1326 2826; x_wconf 80' lang='grc' dir='ltr'><strong><em>αἰτησαίμεθα</em></strong></span> 
     </span>
    </p>

    <p class='ocr_par' dir='ltr' id='par_1_14' title="bbox 64 2791 1328 2996">
     <span class='ocr_line' id='line_1_25' title="bbox 122 2791 1328 2925; baseline 0.001 -53.002"><span class='ocrx_word' id='word_1_139' title='bbox 122 2799 297 2925; x_wconf 79' lang='grc' dir='ltr'><strong><em>Αγγελον</em></strong></span> <span class='ocrx_word' id='word_1_140' title='bbox 322 2793 477 2923; x_wconf 84' lang='grc' dir='ltr'><strong><em>εἰρηνης,</em></strong></span> <span class='ocrx_word' id='word_1_141' title='bbox 503 2794 636 2925; x_wconf 71' lang='grc' dir='ltr'><strong><em>πιστὸγ</em></strong></span> <span class='ocrx_word' id='word_1_142' title='bbox 663 2794 813 2897; x_wconf 79' lang='grc' dir='ltr'><strong><em>ὁδηγὸν,</em></strong></span> <span class='ocrx_word' id='word_1_143' title='bbox 828 2791 989 2923; x_wconf 85' lang='grc' dir='ltr'><strong><em>φύλακα</em></strong></span> <span class='ocrx_word' id='word_1_144' title='bbox 1014 2799 1093 2870; x_wconf 82' lang='grc' dir='ltr'><strong><em>τῶν</em></strong></span> <span class='ocrx_word' id='word_1_145' title='bbox 1109 2801 1248 2894; x_wconf 86' lang='grc' dir='ltr'><strong><em>ψυχων</em></strong></span> <span class='ocrx_word' id='word_1_146' title='bbox 1263 2796 1328 2873; x_wconf 82' lang='grc' dir='ltr'><strong><em>καί</em></strong></span> 
     </span>
     <span class='ocr_line' id='line_1_26' title="bbox 64 2892 1164 3024; baseline 0.001 -54"><span class='ocrx_word' id='word_1_147' title='bbox 64 2905 132 2975; x_wconf 81' lang='grc' dir='ltr'><strong><em>τάν</em></strong></span> <span class='ocrx_word' id='word_1_148' title='bbox 157 2895 346 3024; x_wconf 88' lang='grc' dir='ltr'><strong><em>σωμάτων</em></strong></span> <span class='ocrx_word' id='word_1_149' title='bbox 369 2897 491 2995; x_wconf 83' lang='grc' dir='ltr'><strong><em>ἡμων,</em></strong></span> <span class='ocrx_word' id='word_1_150' title='bbox 518 2897 620 2995; x_wconf 83' lang='grc' dir='ltr'><strong><em>παρὰ</em></strong></span> <span class='ocrx_word' id='word_1_151' title='bbox 645 2907 716 2973; x_wconf 81' lang='grc' dir='ltr'><strong><em>τοῦ</em></strong></span> <span class='ocrx_word' id='word_1_152' title='bbox 740 2895 884 3018; x_wconf 80' lang='grc' dir='ltr'><strong><em>Κυρίου</em></strong></span> <span class='ocrx_word' id='word_1_153' title='bbox 910 2892 1164 2993; x_wconf 76' lang='grc' dir='ltr'><strong><em>αἰτησαίμεθα.</em></strong></span> 
     </span>
    </p>

    <p class='ocr_par' dir='ltr' id='par_1_15' title="bbox 62 2996 1328 3200">
     <span class='ocr_line' id='line_1_27' title="bbox 130 2996 1328 3129; baseline 0 -55"><span class='ocrx_word' id='word_1_154' title='bbox 130 2996 399 3129; x_wconf 80' lang='grc' dir='ltr'><strong><em>Συγγνώμην</em></strong></span> <span class='ocrx_word' id='word_1_155' title='bbox 399 2998 463 3074; x_wconf 77' lang='grc' dir='ltr'><strong><em>καὶ</em></strong></span> <span class='ocrx_word' id='word_1_156' title='bbox 488 2999 624 3097; x_wconf 83' lang='grc' dir='ltr'><strong><em>ἄφεσιν</em></strong></span> <span class='ocrx_word' id='word_1_157' title='bbox 649 2998 846 3126; x_wconf 73' lang='grc' dir='ltr'><strong><em>άμαρτιαῖγ</em></strong></span> <span class='ocrx_word' id='word_1_158' title='bbox 870 2998 934 3072; x_wconf 80' lang='grc' dir='ltr'><strong><em>καί</em></strong></span> <span class='ocrx_word' id='word_1_159' title='bbox 958 3026 1037 3073; x_wconf 92' lang='grc' dir='ltr'><strong><em>των</em></strong></span> <span class='ocrx_word' id='word_1_160' title='bbox 1061 2996 1328 3097; x_wconf 87' lang='grc' dir='ltr'><strong><em>πλημμελημά-</em></strong></span> 
     </span>
     <span class='ocr_line' id='line_1_28' title="bbox 62 3096 944 3231; baseline -0.002 -57"><span class='ocrx_word' id='word_1_161' title='bbox 62 3130 130 3178; x_wconf 86' lang='grc' dir='ltr'><strong><em>των</em></strong></span> <span class='ocrx_word' id='word_1_162' title='bbox 154 3102 277 3231; x_wconf 80' lang='grc' dir='ltr'><strong><em>ἡμῶν,</em></strong></span> <span class='ocrx_word' id='word_1_163' title='bbox 296 3101 404 3229; x_wconf 78' lang='grc' dir='ltr'><strong><em>παρρί</em></strong></span> <span class='ocrx_word' id='word_1_164' title='bbox 428 3104 498 3175; x_wconf 82' lang='grc' dir='ltr'><strong><em>τοῦ</em></strong></span> <span class='ocrx_word' id='word_1_165' title='bbox 499 3098 664 3226; x_wconf 84' lang='grc' dir='ltr'><strong><em>Κυρίου</em></strong></span> <span class='ocrx_word' id='word_1_166' title='bbox 690 3096 944 3196; x_wconf 89' lang='grc' dir='ltr'><strong><em>αἰτησαίμεθα.</em></strong></span> 
     </span>
    </p>

    <p class='ocr_par' dir='ltr' id='par_1_16' title="bbox 58 3198 1327 3404">
     <span class='ocr_line' id='line_1_29' title="bbox 134 3198 1327 3329; baseline 0.003 -51"><span class='ocrx_word' id='word_1_167' title='bbox 134 3204 189 3278; x_wconf 85' lang='grc' dir='ltr'><strong><em>Τὰ</em></strong></span> <span class='ocrx_word' id='word_1_168' title='bbox 215 3202 311 3279; x_wconf 84' lang='grc' dir='ltr'><strong><em>καλά</em></strong></span> <span class='ocrx_word' id='word_1_169' title='bbox 336 3201 399 3277; x_wconf 81' lang='grc' dir='ltr'><strong><em>καὶ</em></strong></span> <span class='ocrx_word' id='word_1_170' title='bbox 425 3204 665 3329; x_wconf 75' lang='grc' dir='ltr'><strong><em>συμφέροντα</em></strong></span> <span class='ocrx_word' id='word_1_171' title='bbox 688 3207 771 3286; x_wconf 88' lang='grc' dir='ltr'><strong><em>ταῖς</em></strong></span> <span class='ocrx_word' id='word_1_172' title='bbox 795 3207 934 3329; x_wconf 82' lang='grc' dir='ltr'><strong><em>ψυχαῖς</em></strong></span> <span class='ocrx_word' id='word_1_173' title='bbox 950 3199 1072 3299; x_wconf 78' lang='grc' dir='ltr'><strong><em>ἡμῶν,</em></strong></span> <span class='ocrx_word' id='word_1_174' title='bbox 1097 3199 1162 3276; x_wconf 82' lang='grc' dir='ltr'><strong><em>καὶ</em></strong></span> <span class='ocrx_word' id='word_1_175' title='bbox 1178 3198 1327 3305; x_wconf 79' lang='grc' dir='ltr'><strong><em>εἰρήνην</em></strong></span> 
     </span>
     <span class='ocr_line' id='line_1_30' title="bbox 58 3300 944 3404; baseline -0.001 -26"><span class='ocrx_word' id='word_1_176' title='bbox 58 3311 107 3404; x_wconf 74' lang='grc' dir='ltr'><strong><em>τῷ</em></strong></span> <span class='ocrx_word' id='word_1_177' title='bbox 131 3302 275 3402; x_wconf 80' lang='grc' dir='ltr'><strong><em>κόσμῳ,</em></strong></span> <span class='ocrx_word' id='word_1_178' title='bbox 301 3302 403 3402; x_wconf 81' lang='grc' dir='ltr'><strong><em>παρὰ</em></strong></span> <span class='ocrx_word' id='word_1_179' title='bbox 428 3306 497 3379; x_wconf 81' lang='grc' dir='ltr'><strong><em>τοῦ</em></strong></span> <span class='ocrx_word' id='word_1_180' title='bbox 522 3302 665 3401; x_wconf 90' lang='grc' dir='ltr'><strong><em>Κυρίου</em></strong></span> <span class='ocrx_word' id='word_1_181' title='bbox 691 3300 944 3401; x_wconf 82' lang='grc' dir='ltr'><strong><em>αἰτησαίμεθα.</em></strong></span> 
     </span>
    </p>

    <p class='ocr_par' dir='ltr' id='par_1_17' title="bbox 55 3401 1329 3611">
     <span class='ocr_line' id='line_1_31' title="bbox 133 3401 1329 3505; baseline -0.001 -24"><span class='ocrx_word' id='word_1_182' title='bbox 133 3407 210 3482; x_wconf 82' lang='grc' dir='ltr'><strong><em>Τὸν</em></strong></span> <span class='ocrx_word' id='word_1_183' title='bbox 248 3403 453 3482; x_wconf 82' lang='grc' dir='ltr'><strong><em>ὑπόλοιπον</em></strong></span> <span class='ocrx_word' id='word_1_184' title='bbox 488 3402 629 3504; x_wconf 81' lang='grc' dir='ltr'><strong><em>χρόνον</em></strong></span> <span class='ocrx_word' id='word_1_185' title='bbox 668 3409 733 3502; x_wconf 82' lang='grc' dir='ltr'><strong><em>τῆς</em></strong></span> <span class='ocrx_word' id='word_1_186' title='bbox 766 3404 912 3501; x_wconf 83' lang='grc' dir='ltr'><strong><em>ζωῆς</em></strong></span> <span class='ocrx_word' id='word_1_187' title='bbox 891 3432 1001 3502; x_wconf 89' lang='grc' dir='ltr'><strong><em>ημων</em></strong></span> <span class='ocrx_word' id='word_1_188' title='bbox 1032 3407 1074 3480; x_wconf 81' lang='grc' dir='ltr'><strong><em>ἐν</em></strong></span> <span class='ocrx_word' id='word_1_189' title='bbox 1106 3401 1231 3505; x_wconf 82' lang='grc' dir='ltr'><strong><em>εἰρήνη</em></strong></span> <span class='ocrx_word' id='word_1_190' title='bbox 1264 3435 1329 3481; x_wconf 91' lang='grc' dir='ltr'><strong><em>και</em></strong></span> 
     </span>
     <span class='ocr_line' id='line_1_32' title="bbox 55 3505 1066 3636; baseline -0.003 -53"><span class='ocrx_word' id='word_1_191' title='bbox 55 3507 175 3611; x_wconf 74' lang='grc' dir='ltr'><strong><em>ὑγιείᾳ</em></strong></span> <span class='ocrx_word' id='word_1_192' title='bbox 200 3508 394 3596; x_wconf 78' lang='grc' dir='ltr'><strong><em>ἐκτελέσαι,</em></strong></span> <span class='ocrx_word' id='word_1_193' title='bbox 406 3507 522 3636; x_wconf 82' lang='grc' dir='ltr'><strong><em>παρὰ</em></strong></span> <span class='ocrx_word' id='word_1_194' title='bbox 547 3512 617 3582; x_wconf 83' lang='grc' dir='ltr'><strong><em>τοῦ</em></strong></span> <span class='ocrx_word' id='word_1_195' title='bbox 641 3506 784 3606; x_wconf 91' lang='grc' dir='ltr'><strong><em>Κυρίου</em></strong></span> <span class='ocrx_word' id='word_1_196' title='bbox 811 3505 1066 3603; x_wconf 86' lang='grc' dir='ltr'><strong><em>αἰτησαίμεθα.</em></strong></span> 
     </span>
    </p>

    <p class='ocr_par' dir='ltr' id='par_1_18' title="bbox 46 3604 1404 3913">
     <span class='ocr_line' id='line_1_33' title="bbox 127 3604 1404 3735; baseline -0.002 -51"><span class='ocrx_word' id='word_1_197' title='bbox 127 3609 342 3709; x_wconf 73' lang='grc' dir='ltr'><strong><em>Χριστιανοὶ</em></strong></span> <span class='ocrx_word' id='word_1_198' title='bbox 373 3608 420 3682; x_wconf 82' lang='grc' dir='ltr'><strong><em>τὰ</em></strong></span> <span class='ocrx_word' id='word_1_199' title='bbox 451 3609 534 3705; x_wconf 89' lang='grc' dir='ltr'><strong><em>τελη</em></strong></span> <span class='ocrx_word' id='word_1_200' title='bbox 566 3610 631 3706; x_wconf 74' lang='grc' dir='ltr'><strong><em>τῆς</em></strong></span> <span class='ocrx_word' id='word_1_201' title='bbox 663 3606 811 3735; x_wconf 69' lang='grc' dir='ltr'><strong><em>ζωης“</em></strong></span> <span class='ocrx_word' id='word_1_202' title='bbox 789 3635 911 3704; x_wconf 90' lang='grc' dir='ltr'><strong><em>ημων,</em></strong></span> <span class='ocrx_word' id='word_1_203' title='bbox 947 3604 1194 3696; x_wconf 78' lang='grc' dir='ltr'><strong><em>άναίιίυνα,’</em></strong></span> <span class='ocrx_word' id='word_1_204' title='bbox 1173 3605 1328 3683; x_wconf 86' lang='grc' dir='ltr'><strong><em>ανεπαί-</em></strong></span> <span class='ocrx_word' id='word_1_205' title='bbox 1399 3658 1404 3665; x_wconf 90' lang='grc'>-</span> 
     </span>
     <span class='ocr_line' id='line_1_34' title="bbox 51 3707 1329 3836; baseline -0.003 -50"><span class='ocrx_word' id='word_1_206' title='bbox 51 3736 221 3836; x_wconf 83' lang='grc' dir='ltr'><strong><em>σχυντα,</em></strong></span> <span class='ocrx_word' id='word_1_207' title='bbox 236 3710 300 3785; x_wconf 83' lang='grc' dir='ltr'><strong><em>καὶ</em></strong></span> <span class='ocrx_word' id='word_1_208' title='bbox 324 3709 442 3807; x_wconf 84' lang='grc' dir='ltr'><strong><em>καλὴν</em></strong></span> <span class='ocrx_word' id='word_1_209' title='bbox 467 3710 672 3814; x_wconf 86' lang='grc' dir='ltr'><strong><em>ἀπολογίαν</em></strong></span> <span class='ocrx_word' id='word_1_210' title='bbox 696 3708 764 3806; x_wconf 83' lang='grc' dir='ltr'><strong><em>τὴν</em></strong></span> <span class='ocrx_word' id='word_1_211' title='bbox 789 3707 848 3784; x_wconf 77' lang='grc' dir='ltr'><strong><em>ἐπὶ</em></strong></span> <span class='ocrx_word' id='word_1_212' title='bbox 872 3715 942 3785; x_wconf 82' lang='grc' dir='ltr'><strong><em>τοῦ</em></strong></span> <span class='ocrx_word' id='word_1_213' title='bbox 967 3711 1134 3810; x_wconf 79' lang='grc' dir='ltr'><strong><em>φοβεροῦ</em></strong></span> <span class='ocrx_word' id='word_1_214' title='bbox 1159 3707 1222 3785; x_wconf 81' lang='grc' dir='ltr'><strong><em>καί</em></strong></span> <span class='ocrx_word' id='word_1_215' title='bbox 1238 3707 1329 3811; x_wconf 84' lang='grc' dir='ltr'><strong><em>φρί-</em></strong></span> 
     </span>
     <span class='ocr_line' id='line_1_35' title="bbox 46 3806 920 3913; baseline -0.003 -23"><span class='ocrx_word' id='word_1_216' title='bbox 46 3820 145 3890; x_wconf 84' lang='grc' dir='ltr'><strong><em>κτοῦ</em></strong></span> <span class='ocrx_word' id='word_1_217' title='bbox 168 3808 339 3913; x_wconf 79' lang='grc' dir='ltr'><strong><em>βήματος</em></strong></span> <span class='ocrx_word' id='word_1_218' title='bbox 364 3816 433 3886; x_wconf 86' lang='grc' dir='ltr'><strong><em>τοῦ</em></strong></span> <span class='ocrx_word' id='word_1_219' title='bbox 456 3817 638 3910; x_wconf 81' lang='grc' dir='ltr'><strong><em>Χριστοῦ,</em></strong></span> <span class='ocrx_word' id='word_1_220' title='bbox 666 3806 920 3909; x_wconf 84' lang='grc' dir='ltr'><strong><em>αἰτησαίμεθα.</em></strong></span> 
     </span>
    </p>
   </div>
   <div class='ocr_carea' id='block_1_5' title="bbox 45 4085 1337 4564">
    <p class='ocr_par' dir='ltr' id='par_1_19' title="bbox 45 4085 1337 4395">
     <span class='ocr_line' id='line_1_36' title="bbox 119 4085 1327 4151; baseline -0.003 -11"><span class='ocrx_word' id='word_1_221' title='bbox 119 4085 422 4140; x_wconf 76' lang='grc' dir='ltr'><strong><em>Β.Ροοι1·“.ι.1)ἰιοοααο</em></strong></span> <span class='ocrx_word' id='word_1_222' title='bbox 447 4086 511 4137; x_wconf 64' lang='lat' dir='ltr'><strong>dicit</strong></span> <span class='ocrx_word' id='word_1_223' title='bbox 547 4088 663 4137; x_wconf 81' lang='lat' dir='ltr'><strong>vocemus</strong></span> <span class='ocrx_word' id='word_1_224' title='bbox 682 4086 779 4137; x_wconf 73' lang='lat' dir='ltr'><strong><em>intente.</em></strong></span> <span class='ocrx_word' id='word_1_225' title='bbox 814 4087 840 4136; x_wconf 81' lang='lat' dir='ltr'><strong><em>In</em></strong></span> <span class='ocrx_word' id='word_1_226' title='bbox 857 4100 917 4150; x_wconf 78' lang='grc' dir='ltr'><strong><em>ριοε</em></strong></span> <span class='ocrx_word' id='word_1_227' title='bbox 936 4085 1062 4136; x_wconf 82' lang='lat' dir='ltr'><strong>nominum</strong></span> <span class='ocrx_word' id='word_1_228' title='bbox 1082 4099 1188 4136; x_wconf 81' lang='lat' dir='ltr'><strong>oremus.</strong></span> <span class='ocrx_word' id='word_1_229' title='bbox 1214 4085 1327 4151; x_wconf 73' lang='lat' dir='ltr'>Sequun-</span> 
     </span>
     <span class='ocr_line' id='line_1_37' title="bbox 46 4157 1337 4239; baseline -0.007 -13"><span class='ocrx_word' id='word_1_230' title='bbox 46 4186 89 4226; x_wconf 82' lang='grc' dir='ltr'><strong><em>ιυτ</em></strong></span> <span class='ocrx_word' id='word_1_231' title='bbox 105 4173 257 4239; x_wconf 75' lang='lat' dir='ltr'><strong>petitiones:</strong></span> <span class='ocrx_word' id='word_1_232' title='bbox 275 4161 347 4236; x_wconf 74' lang='grc' dir='ltr'><strong><em>ὑπὲρ</em></strong></span> <span class='ocrx_word' id='word_1_233' title='bbox 365 4169 410 4232; x_wconf 83' lang='grc' dir='ltr'><strong><em>τῆς</em></strong></span> <span class='ocrx_word' id='word_1_234' title='bbox 426 4162 538 4220; x_wconf 75' lang='grc' dir='ltr'><strong><em>ἄνωθεν</em></strong></span> <span class='ocrx_word' id='word_1_235' title='bbox 554 4163 662 4237; x_wconf 81' lang='grc' dir='ltr'><strong><em>εἰρήνης</em></strong></span> <span class='ocrx_word' id='word_1_236' title='bbox 680 4178 704 4220; x_wconf 84' lang='grc' dir='ltr'><strong><em>ει</em></strong></span> <span class='ocrx_word' id='word_1_237' title='bbox 718 4161 788 4235; x_wconf 71' lang='grc' dir='ltr'><strong><em>ὑπὲρ</em></strong></span> <span class='ocrx_word' id='word_1_238' title='bbox 806 4166 851 4234; x_wconf 81' lang='grc' dir='ltr'><strong><em>τῆς</em></strong></span> <span class='ocrx_word' id='word_1_239' title='bbox 868 4157 976 4235; x_wconf 74' lang='grc' dir='ltr'><strong><em>εἰρήνης</em></strong></span> <span class='ocrx_word' id='word_1_240' title='bbox 984 4165 1033 4219; x_wconf 83' lang='grc' dir='ltr'><strong><em>τοῦ</em></strong></span> <span class='ocrx_word' id='word_1_241' title='bbox 1041 4157 1337 4238; x_wconf 81' lang='grc' dir='ltr'><strong><em>σάμπαντοςκίσμου,.</em></strong></span> 
     </span>
     <span class='ocr_line' id='line_1_38' title="bbox 45 4254 1328 4326; baseline -0.002 -17"><span class='ocrx_word' id='word_1_242' title='bbox 45 4274 112 4326; x_wconf 67' lang='lat' dir='ltr'><strong><em>quw</em></strong></span> <span class='ocrx_word' id='word_1_243' title='bbox 139 4258 248 4308; x_wconf 79' lang='lat' dir='ltr'><strong>occurrit</strong></span> <span class='ocrx_word' id='word_1_244' title='bbox 270 4256 376 4306; x_wconf 75' lang='lat' dir='ltr'><strong>inedito</strong></span> <span class='ocrx_word' id='word_1_245' title='bbox 401 4254 464 4306; x_wconf 60' lang='lat'><strong><em>612</em></strong></span> <span class='ocrx_word' id='word_1_246' title='bbox 482 4263 504 4306; x_wconf 77' lang='grc' dir='ltr'><strong><em>οι</em></strong></span> <span class='ocrx_word' id='word_1_247' title='bbox 522 4255 577 4306; x_wconf 87' lang='lat' dir='ltr'>dein</span> <span class='ocrx_word' id='word_1_248' title='bbox 596 4256 619 4305; x_wconf 88' lang='lat' dir='ltr'><strong><em>in</em></strong></span> <span class='ocrx_word' id='word_1_249' title='bbox 638 4255 709 4306; x_wconf 73' lang='grc' dir='ltr'><strong><em>Κίοιο</em></strong></span> <span class='ocrx_word' id='word_1_250' title='bbox 728 4254 844 4306; x_wconf 76' lang='lat' dir='ltr'>Fidelium</span> <span class='ocrx_word' id='word_1_251' title='bbox 862 4254 939 4306; x_wconf 74' lang='grc' dir='ltr'><strong><em>αλλ.</em></strong></span> <span class='ocrx_word' id='word_1_252' title='bbox 974 4255 1083 4305; x_wconf 79' lang='grc' dir='ltr'><strong><em>λάοιοιίι</em></strong></span> <span class='ocrx_word' id='word_1_253' title='bbox 1106 4269 1191 4319; x_wconf 75' lang='lat' dir='ltr'><strong>preces</strong></span> <span class='ocrx_word' id='word_1_254' title='bbox 1210 4255 1279 4317; x_wconf 72' lang='lat' dir='ltr'>alins,</span> <span class='ocrx_word' id='word_1_255' title='bbox 1302 4256 1328 4306; x_wconf 83' lang='lat' dir='ltr'><strong><em>in</em></strong></span> 
     </span>
     <span class='ocr_line' id='line_1_39' title="bbox 45 4340 295 4395; baseline -0.02 -1"><span class='ocrx_word' id='word_1_256' title='bbox 45 4345 116 4395; x_wconf 74' lang='lat' dir='ltr'>edito</span> <span class='ocrx_word' id='word_1_257' title='bbox 135 4356 185 4392; x_wconf 83' lang='lat' dir='ltr'><strong><em>non</em></strong></span> <span class='ocrx_word' id='word_1_258' title='bbox 205 4340 295 4394; x_wconf 78' lang='grc' dir='ltr'><strong><em>οἰιιλιε.</em></strong></span> 
     </span>
    </p>

    <p class='ocr_par' dir='ltr' id='par_1_20' title="bbox 46 4416 1329 4564">
     <span class='ocr_line' id='line_1_40' title="bbox 136 4416 1329 4491; baseline 0.001 -16"><span class='ocrx_word' id='word_1_259' title='bbox 136 4425 218 4478; x_wconf 72' lang='lat' dir='ltr'>Voce:</span> <span class='ocrx_word' id='word_1_260' title='bbox 238 4422 287 4477; x_wconf 81' lang='grc' dir='ltr'><strong><em>καί</em></strong></span> <span class='ocrx_word' id='word_1_261' title='bbox 304 4416 414 4483; x_wconf 81' lang='grc' dir='ltr'><strong><em>διδάξαι</em></strong></span> <span class='ocrx_word' id='word_1_262' title='bbox 430 4425 535 4490; x_wconf 72' lang='grc' dir='ltr'><strong><em>ιίιοιςίι</em></strong></span> <span class='ocrx_word' id='word_1_263' title='bbox 553 4438 691 4477; x_wconf 69' lang='lat' dir='ltr'><strong><em>sermonem</em></strong></span> <span class='ocrx_word' id='word_1_264' title='bbox 709 4425 795 4490; x_wconf 79' lang='lat' dir='ltr'>innuit,</span> <span class='ocrx_word' id='word_1_265' title='bbox 819 4425 888 4477; x_wconf 78' lang='grc' dir='ltr'><strong><em>τοῖοι</em></strong></span> <span class='ocrx_word' id='word_1_266' title='bbox 904 4424 929 4475; x_wconf 82' lang='lat' dir='ltr'><strong><em>in</em></strong></span> <span class='ocrx_word' id='word_1_267' title='bbox 947 4424 1002 4476; x_wconf 71' lang='lat' dir='ltr'>aliis</span> <span class='ocrx_word' id='word_1_268' title='bbox 1025 4425 1111 4476; x_wconf 76' lang='lat' dir='ltr'><strong>officiis</strong></span> <span class='ocrx_word' id='word_1_269' title='bbox 1134 4424 1202 4478; x_wconf 72' lang='lat' dir='ltr'><strong>nullu</strong></span> <span class='ocrx_word' id='word_1_270' title='bbox 1220 4425 1329 4491; x_wconf 75' lang='grc' dir='ltr'><strong><em>οοορπίι</em></strong></span> 
     </span>
     <span class='ocr_line' id='line_1_41' title="bbox 46 4513 152 4564; baseline -0.019 0"><span class='ocrx_word' id='word_1_271' title='bbox 46 4513 152 4564; x_wconf 75' lang='lat' dir='ltr'>mentio.</span> 
     </span>
    </p>
   </div>
   <div class='ocr_carea' id='block_1_6' title="bbox 0 0 1526 4912">
    <p class='ocr_par' dir='ltr' id='par_1_21' title="bbox 0 0 1526 4912">
     <span class='ocr_line' id='line_1_42' title="bbox 0 0 1526 4912; baseline 0 0"><span class='ocrx_word' id='word_1_272' title='bbox 0 0 1526 4912; x_wconf 95' lang='lat' dir='ltr'><strong><em> </em></strong></span> 
     </span>
    </p>
   </div>
  </div>
 </body>
</html>
