3044 4912
667 199 742 275 465

150 383 325 458 Oblatioae
349 387 387 458 ia
411 395 529 459 saneta
552 410 666 459 measa
687 388 801 485 posita
826 388 908 463 dicit
934 386 1029 461 claro
1052 410 1152 461 acce:
1211 466 1220 478 ,

148 486 218 559 Tua
251 512 291 560 er
326 488 391 561 tuis
423 487 483 560 tibi
517 488 687 562 otierimus
721 490 755 562 in
791 490 946 563 omnibus
978 499 1013 562 et
1043 513 1104 589 per
1137 489 1248 563 omnia
1273 502 1337 565 etc.

95 583 129 658 'ir
157 585 206 660 σὰ
232 590 272 661 ia
296 594 375 662 τῶν
401 594 481 662 σῶν
505 590 636 686 pass.

151 689 290 765 Chorus.
341 691 543 773 Benedictus
571 715 608 764 es
634 692 669 763 in
696 691 863 785 omnibus,
897 691 1048 765 Domine.
1100 690 1147 765 Te
1174 694 1338 787 canimus,

95 793 225 885 amine,
253 803 286 865 te
310 816 496 889 precamur,
523 794 613 866 neus
639 805 755 867 noster
781 803 844 867 etc.
872 790 927 865 Σὲ
952 790 1148 886 ripuariam
1172 819 1204 894 p.
1216 795 1300 869 359.
1311 793 1335 891 ¹)

146 894 236 966 Diam
260 895 341 967 baec
366 905 543 982 aaaaatar,
571 894 737 969 Sacerdos
753 895 905 968 mnibus
921 896 1079 993 maaria
1098 907 1173 970 orat
1189 907 1338 970 secreto:

148 995 300 1069 Profecto
327 1007 360 1067 te
387 997 548 1089 canimus,
575 997 716 1071 Domine
734 997 824 1071 Deus
850 1008 976 1089 noster,
1003 1008 1037 1070 et
1062 998 1185 1093 gratim
1208 999 1339 1094 agimus

96 1097 130 1170 bi
159 1101 390 1194 sempiternas,
416 1098 505 1194 quod
530 1098 617 1171 hand
644 1099 798 1196 despecta
824 1099 1021 1196 indignitate
1044 1108 1169 1192 nostra,
1196 1123 1258 1173 uos
1277 1100 1338 1172 mi·

95 1199 197 1275 istros
221 1200 329 1271 iecisti
357 1200 518 1272 tremendi
546 1201 595 1273 tui
622 1211 656 1273 et
681 1201 856 1275 iuetiabiiis
882 1200 1042 1297 mysterii.
1092 1200 1167 1274 Non
1193 1226 1234 1275 ex
1259 1225 1338 1299 ope·

95 1301 164 1375 bus
191 1301 349 1393 iustitiae,
375 1323 460 1398 quae
485 1300 625 1375 fecimus
651 1327 713 1376 nos
740 1302 806 1396 (bis
830 1303 921 1375 enim
938 1326 1071 1402 semper
1089 1307 1251 1400 egemus),
1278 1304 1339 1377 sed

95 1403 191 1475 tntisi
223 1426 342 1498 magna
376 1414 430 1475 tua
465 1403 693 1477 misericordia
726 1405 990 1503 appropinquare
1024 1428 1183 1479 conamur
1208 1406 1250 1479 ad
1276 1405 1337 1478 mi·

95 1504 246 1577 isterium
281 1505 430 1601 corporis
457 1516 492 1577 et
515 1506 688 1602 sanguinis
724 1507 886 1603 unigeniti
914 1506 989 1580 Fiiii
1023 1508 1071 1580 tui
1097 1506 1173 1580 iesu
1200 1508 1336 1601 Christi,

96 1606 205 1679 amini
239 1630 277 1680 ac
309 1606 529 1702 redemptoris
562 1609 680 1701 nostri,
715 1610 768 1682 cui
802 1608 907 1704 gioria
941 1619 975 1682 et
998 1619 1147 1706 potestas
1173 1622 1207 1683 et
1232 1609 1340 1682 bonor

95 1732 161 1781 auc
189 1720 222 1780 et
246 1732 378 1805 semper
403 1719 438 1780 et
462 1708 496 1780 in
523 1710 664 1782 saecuta.
716 1709 863 1806 Amans)

146 1809 329 1883 iiiaeoaas.
381 1810 536 1902 Domine,
564 1811 715 1884 benedic.

146 1911 325 1984 Sacerdos.
378 1910 444 1984 Pax
469 1911 563 1984 robis
589 1912 755 1985 omnibus.

148 2012 289 2086 Cbarus.
341 2012 485 2086 Etcum
513 2014 631 2110 spiritu
659 2025 728 2087 tuo.

147 2114 329 2187 diiacoaaa.
382 2114 561 2188 Precemnr
585 2115 703 2188 Deum.
777 2120 782 2129 '

149 2215 289 2289 Gborus.
341 2215 388 2288 Te
406 2240 590 2314 precemur,
608 2217 761 2309 Domine,
787 2216 849 2290 Fiii
867 2217 941 2309 Dei,
967 2216 1024 2313 qui
1047 2215 1177 2288 oblatus
1195 2238 1232 2288 es
1249 2213 1337 2287 Patri

95 2319 203 2391 ictima
236 2318 526 2410 reconciliationis,
560 2320 656 2416 panis
689 2318 784 2391 ritae.
837 2319 900 2404 Oui
936 2330 967 2390 te
1000 2342 1061 2414 pro
1095 2318 1191 2390 nobis
1218 2316 1338 2390 dedisti

95 2418 272 2493 dundendo
291 2420 473 2516 pretiosum
491 2421 687 2515 sanguinem
708 2431 815 2513 tuum,
840 2444 1016 2519 precemur
1032 2429 1077 2511 te,
1096 2430 1133 2492 ut
1148 2419 1340 2493 miserearis

95 2522 153 2595 uic
179 2531 255 2594 tuae
281 2522 452 2614 ecclesiae,
479 2547 576 2619 quam
604 2519 818 2618 redemisti.³)

149 2621 317 2696 Sacerdos
338 2625 507 2723 profunde
532 2623 714 2698 iactiaatas
742 2624 843 2699 dicit:

148 2724 196 2797 Te
223 2725 449 2823 deprecamur,
483 2726 570 2799 bone
596 2727 699 2819 Deus,
726 2726 949 2824 supplicamus
975 2735 1009 2796 et
1034 2725 1188 2821 petimus,
1221 2723 1338 2795 demit·

95 2851 143 2901 rra
178 2827 260 2899 veiis
287 2827 447 2923 Spiritum
482 2839 573 2902 tuum
601 2828 761 2902 Sanctum
795 2827 1110 2900 consubstantialem
1143 2850 1244 2922 super
1277 2848 1340 2898 nas

95 2939 107 3003 t
131 2952 233 3025 super
259 2928 342 3002 baec
369 2952 515 3002 munera.

149 3030 270 3126 Saroit
295 3041 328 3102 et
353 3034 464 3126 moriat
485 3056 617 3127 ponem,
645 3032 758 3103 diceas
784 3038 837 3101 ter
853 3052 932 3103 aare
953 3028 1137 3101 submisso:

147 3133 296 3205 benedic
327 3157 446 3229 panem
480 3143 513 3204 et
545 3132 598 3205 iac
630 3155 706 3204 eum
741 3154 861 3227 corpus
887 3129 1019 3203 Domini
1054 3138 1089 3200 et
1120 3127 1340 3224 redemptoris

95 3235 178 3308 ostri
205 3232 279 3306 lesu
307 3234 441 3307 Christi.
945 3236 948 3251 '

148 3335 316 3409 Iiiocoaas
342 3347 394 3408 ter
422 3345 571 3408 secreto:
597 3333 714 3406 dmen.

150 3436 316 3511 Sacerdos
342 3438 446 3510 simili
470 3436 600 3509 rotioae
627 3434 791 3508 benedicit
816 3433 929 3507 vinam
955 3445 1007 3505 ter
1033 3433 1165 3504 diceas:

95 3710 185 3769 strang,
205 3721 234 3756 en
253 3706 291 3757 die
310 3708 333 3757 in
353 3707 499 3759 Gottestrstt
516 3706 662 3757 roilbrecbta
681 3703 856 3763 tiimmettahrt,
874 3717 903 3751 an
922 3702 965 3753 das
983 3701 1062 3751 Siteea
1080 3715 1109 3750 sn
1127 3700 1215 3752 beiner
1226 3700 1341 3762 nemaeo,

95 3802 150 3844 iter.
185 3793 228 3843 Dia
247 3792 384 3860 tarcbtbere
407 3792 456 3842 and
480 3792 599 3841 berrticbe
622 3791 703 3840 rweite
720 3788 827 3840 dnkanit
842 3788 966 3838 himera
985 3787 1032 3836 aad
1050 3786 1147 3851 preiren
1165 3785 1215 3834 air.
1250 3782 1341 3834 conr·-

95 3892 114 3927 ιι
131 3874 227 3942 pies.

159 3960 182 4019 lt
201 3962 285 4011 Stect:
303 3962 329 4012 ia
348 3963 422 4012 ditem
441 3962 489 4013 bist
507 3964 541 4013 [ta
560 3964 695 4027 gepriesem
714 3961 791 4023 iterr3
809 3959 853 4008 rrir
870 3957 941 4008 laben
959 3957 1027 4018 ssiab,
1045 3955 1089 4006 air
1106 3952 1280 4020 preireniiicb,
1298 3954 1342 4003 srir

95 4044 168 4095 anien
187 4043 238 4105 dir,
253 4046 295 4094 wir
313 4046 386 4096 bittan
406 4047 472 4106 utcu,
492 4047 551 4096 tterr
568 4061 642 4095 anser
660 4048 722 4096 Gatt.

159 4128 186 4189 2)
205 4129 320 4178 Conteris
337 4131 468 4179 cretionem
488 4129 582 4178 Brettii:
600 4122 654 4175 Διὰ
671 4125 749 4176 τοῦτο
768 4123 889 4175 δέσποτα
906 4117 1026 4190 narre'yre
1044 4122 1137 4190 pibo.

158 4213 186 4273 31
203 4214 287 4263 sicet:
306 4213 348 4262 {tie
366 4213 495 4262 Lectores:
513 4213 560 4262 tior
577 4214 628 4274 nn,
647 4214 714 4263 tierr.
750 4211 816 4261 Saba
836 4212 927 4269 Gottes,
945 4210 992 4261 tter
1010 4211 1044 4260 un
1062 4212 1117 4260 dem
1137 4209 1205 4258 teter
1222 4221 1265 4256 rar
1282 4204 1340 4254 tter·
1377 4217 1381 4226 ·

95 4290 187 4360 ἢκ
204 4299 315 4361 geaptert
331 4298 405 4359 wirnt,
423 4297 496 4347 theite
513 4298 556 4347 das
569 4296 632 4347 Brod
650 4300 692 4348 dee
705 4299 798 4348 babeas
816 4304 885 4345 anter
903 4309 947 4345 ans
966 4309 1023 4345 sas:
1042 4295 1117 4345 durctr
1136 4291 1341 4352 caesaraeum

96 4386 163 4433 eines
188 4383 291 4446 heiligen
310 4383 390 4434 Btutes
414 4384 486 4433 bitten
512 4383 554 4433 wir
572 4383 640 4444 Dicb,
660 4383 769 4432 erbarrae
787 4380 846 4431 nien
863 4381 907 4430 der
925 4381 999 4431 daret
1018 4378 1077 4429 Dein
1098 4378 1150 4427 Btut
1167 4374 1273 4426 astarten
1292 4374 1341 4426 Ge-
