3044 4912
742 253 787 325 lo

128 450 188 505 orat
211 441 429 523 opportunitas.
478 440 518 502 lis
546 438 650 520 igitur,
682 438 732 518 qui
761 456 795 500 ea
818 443 994 517 tempestate
1014 435 1193 517 reipublicae
1214 435 1402 501 Christianae

126 553 284 625 praeerant
298 577 337 590 -
354 542 432 604 inter
452 560 527 621 quos
548 539 714 620 complures
729 559 767 601 ex
780 538 935 618 apostolis,
957 538 1003 600 rel
1017 545 1135 619 praeter
1149 538 1291 601 loannem
1305 538 1403 602 luisse

58 694 66 719 ,
125 663 188 707 non
210 654 433 707 controversum
455 652 501 705 est
521 675 564 689 -·
584 642 643 704 boc
664 641 821 704 manilesto
843 640 1017 721 impositum
1039 647 1102 713 est,
1130 649 1164 703 ut
1190 640 1301 703 cultum
1322 641 1400 704 diri-

126 765 198 809 num
227 765 296 808 vere
317 754 348 808 et
376 744 561 825 peculiariter
588 743 789 806 Christianum
816 742 1004 805 adornarent.
1058 741 1160 822 ltaque
1181 750 1340 818 curarunt,
1368 753 1401 806 ut

126 866 219 911 coena
246 866 328 910 sacra
355 846 390 908 ab
409 846 517 926 agapis
545 845 751 925 seiungeretur
777 852 808 906 et
833 845 870 906 ad
897 851 1058 906 conventus
1081 844 1276 924 synagogicos
1298 852 1399 908 hans-

126 952 261 1013 ferretur.
272 950 292 1026 ¹)
322 948 440 1009 Etcum
455 947 593 1010 universa
608 944 767 1027 antiquitas
782 964 872 1008 unum
887 952 1001 1008 tantum
1023 944 1140 1008 noverit
1161 945 1281 1020 cultum,
1305 947 1399 1009 sacri-

127 1051 225 1114 flcium
248 1069 313 1113 cum
334 1049 473 1132 precibus
496 1048 696 1122 coniunctum,
728 1047 816 1110 simul
838 1047 934 1109 induit
959 1046 1095 1109 sacrificii
1124 1048 1312 1110 eucharistici
1334 1049 1399 1109 lor-

126 1171 204 1214 mam
233 1159 359 1213 testante
386 1151 509 1212 lrenaeo
537 1151 652 1231 Fragm.
680 1150 765 1212 Plall.
787 1149 815 1211 ll
835 1168 866 1229 p.
885 1152 925 1214 25
959 1145 993 1211 ol
1024 1154 1100 1224 ταῖς
1133 1146 1300 1232 δευτέραις
1333 1149 1399 1214 τῶν

127 1244 326 1319 ἀποστόλων
349 1248 518 1330 διατάξεοι
539 1245 871 1336 παρηκολουθηκότες
891 1247 987 1314 ἰὀαοι
1000 1245 1058 1312 τὸν
1074 1245 1186 1332 κύριον
1201 1247 1277 1317 τεὰν
1292 1272 1400 1335 προσ-

127 1350 235 1440 φορὰν
263 1350 297 1418 ἐν
323 1353 363 1437 τῇ
390 1352 485 1437 καινῇ
516 1349 660 1437 διαθήκῃ
692 1353 931 1436 καθεστηκέναι
961 1346 1045 1415 κατὰ
1072 1347 1111 1415 τὸ
1132 1351 1312 1434 Μαλαχὶου
1340 1353 1400 1417 τοῦ

126 1452 302 1540 προφήτου
322 1453 353 1528 l,
374 1458 423 1517 11.
461 1454 575 1516 Pariter
595 1454 665 1516 inde
686 1453 731 1515 rel
752 1455 811 1516 boc
832 1453 999 1515 necessario
1023 1453 1217 1533 sequebatur,
1249 1463 1283 1517 ut
1303 1455 1399 1518 cultus

127 1555 295 1636 synagogici
323 1564 439 1635 partes,
473 1574 548 1636 quae
569 1555 666 1618 adbuc
686 1556 800 1618 ratione
821 1556 941 1617 fortuita
969 1574 1131 1635 parumque
1158 1556 1236 1619 inter
1263 1576 1297 1619 se
1324 1576 1399 1619 con·

128 1665 226 1719 stante
247 1657 324 1719 inter
346 1675 379 1719 se
400 1656 553 1736 copulatae
568 1657 712 1731 luissent,
734 1658 893 1719 incertum
913 1656 1047 1719 ordinem
1061 1676 1187 1738 eumque
1201 1666 1235 1719 ut
1247 1658 1287 1720 ita
1303 1658 1398 1721 dicam

126 1759 297 1839 organicum
319 1756 559 1838 disponerentur.
587 1758 658 1820 Erat
671 1759 885 1832 necessarium,
908 1769 941 1821 ut
955 1759 1131 1822 eucharistia
1146 1761 1177 1822 in
1191 1761 1250 1822 line
1264 1760 1400 1840 liturgiae

125 1869 302 1943 poneretur,
329 1868 432 1939 utpote
460 1859 550 1922 totius
572 1860 649 1922 sacri
671 1859 760 1921 ollicii
782 1861 897 1922 culmen
919 1870 948 1922 et
969 1860 1133 1940 fastigium:
1157 1881 1192 1923 ea
1213 1880 1304 1941 quum
1325 1881 1398 1942 pro-

126 1961 270 2026 cedebant
290 1980 326 2023 eo
349 1962 561 2040 dirigerentur,
584 1969 618 2022 ut
639 1979 692 2022 eos
715 1962 803 2023 animi
826 1969 926 2022 motus
949 1962 1123 2035 excitarent,
1154 1962 1260 2042 quibus
1283 1964 1399 2026 animus

124 2064 251 2126 idonens
273 2071 303 2125 et
323 2062 418 2125 alacer
438 2063 614 2125 redderetur
641 2062 677 2125 ad
700 2063 884 2125 ollerendum
905 2063 977 2125 illud
999 2065 1121 2126 devotae
1142 2063 1326 2127 adorationis
1347 2085 1398 2127 sa·

125 2165 277 2228 orificium.
320 2164 375 2226 llic
395 2165 485 2245 igitur
506 2163 596 2226 divini
619 2164 707 2227 oflicii
729 2165 852 2227 emersit
874 2164 964 2227 ordo:
992 2164 1169 2238 Psalmodia,
1191 2164 1294 2228 Lectio
1316 2166 1398 2229 Scri·

124 2275 295 2348 pturarum,
319 2266 440 2339 Sermo,
467 2266 573 2329 Preces
602 2284 776 2329 communes
804 2265 960 2341 ecclesiae,
995 2267 1190 2329 eucharistiae
1211 2267 1398 2331 sacrificium.

124 2368 212 2431 Hunc
239 2387 309 2430 vero
337 2368 471 2429 ordinem
500 2367 531 2428 in
560 2367 780 2447 antiquissima,
817 2386 893 2447 quae
920 2377 991 2447 post
1016 2368 1229 2449 Apostolorum
1263 2378 1399 2449 tempora

125 2470 162 2533 ad
183 2489 239 2532 nos
267 2468 400 2542 devenit,
433 2467 528 2530 cultus
556 2469 633 2530 sacri
661 2468 873 2542 delineatione,
906 2470 983 2549 apud
1005 2470 1148 2532 lustinum
1169 2471 1323 2550 Martyrem
1344 2490 1397 2533 re-

125 2572 268 2652 perimus.

116 2716 122 2727 .
211 2671 293 2744 Quae
308 2669 439 2750 disputat
453 2668 580 2731 Rothius
602 2669 633 2730 in
654 2672 912 2733 commentationis
928 2671 1059 2752 epilogo:
1082 2673 1267 2752 disciplinam
1289 2674 1397 2747 arcani,

124 2780 263 2852 vergente
285 2773 401 2834 sacculo
425 2771 556 2832 secundo
580 2771 684 2833 officiis
712 2771 820 2834 divinis
853 2772 1023 2848 obtrusum,
1058 2776 1192 2837 effecisse
1221 2784 1253 2836 ut
1281 2775 1399 2854 liturgia

124 2875 155 2937 in
178 2875 249 2936 duas
271 2873 396 2946 missas,
420 2866 697 2936 catechumenorum
720 2875 834 2937 scilicet
855 2883 884 2937 et
904 2876 1034 2937 fidelium
1050 2876 1254 2938 diffinderctur
1277 2885 1307 2938 et
1328 2876 1399 2938 hinc

124 2976 287 3039 increvisse
308 2975 436 3038 studium
459 2993 581 3036 coenam
603 2992 712 3055 pompa
733 2974 855 3053 mystica
877 2984 906 3037 et
931 2976 1084 3057 splendida
1099 2977 1274 3040 exornandi:
1298 2978 1328 3039 in
1351 2978 1398 3041 his

126 3072 262 3158 optatam'
277 3086 385 3140 metam
407 3076 528 3138 minime
550 3077 683 3156 contigit.
717 3077 783 3137 Non
798 3096 873 3156 opus
890 3085 936 3138 est
958 3078 1111 3158 disciplina
1133 3080 1231 3141 arcani
1247 3099 1306 3160 qua
1319 3080 1400 3142 ibam

124 3179 155 3240 in
178 3197 237 3240 uno
262 3178 358 3240 officio
381 3177 555 3240 divisionem
578 3178 769 3258 explicemus.
822 3179 961 3241 Servabat
983 3180 1089 3260 duplex
1109 3179 1244 3260 liturgiae
1267 3182 1398 3260 partitio,

124 3298 186 3342 non
208 3280 330 3342 fortuito
353 3298 407 3341 nec
429 3286 542 3340 temere
570 3281 659 3354 lacta,
692 3280 811 3361 pristini
846 3281 988 3361 temporis
1017 3282 1206 3356 memoriam,
1240 3282 1399 3362 gemellum

124 3380 300 3443 ostendebat
319 3379 394 3441 ritus
410 3379 571 3442 Christiani
592 3381 714 3456 sontem,
738 3382 930 3445 adumbrabat
944 3391 1045 3463 aperta
1060 3402 1095 3446 ac
1107 3383 1266 3467 symbolice
1281 3385 1397 3446 utrius-

123 3501 180 3563 que
196 3482 362 3544 testamenti
378 3480 611 3544 cohaerentiam:
633 3493 667 3544 ut
687 3483 814 3565 denique
829 3485 926 3546 omnia
942 3486 1130 3564 complectar,
1151 3482 1291 3564 bipartita
1305 3485 1398 3548 missa

122 3583 329 3647 brevissimam
356 3583 408 3645 sed
437 3582 577 3664 grandem
605 3592 635 3646 et
662 3586 849 3665 perspicuam
872 3587 1010 3665 continet
1035 3586 1101 3650 τῶν
1128 3585 1309 3670 μεγαλεῖον
1337 3587 1398 3651 τοῦ

122 3685 207 3750 θεοῦ
228 3684 424 3763 historiam²).

194 3923 217 3983 l)
235 3925 307 3974 Recte
325 3924 397 3974 docet
414 3924 528 3985 llotbius,
554 3925 663 3990 Agxpxs,
682 3924 790 3989 quamvis
807 3923 869 3974 ratio
894 3938 976 3974 earnm
1001 3925 1068 3975 ualde
1086 3925 1209 3976 immutata
1234 3933 1312 3986 asset,
1339 3941 1398 3991 per-

124 4007 233 4069 durasse,
252 4016 275 4057 et
293 4017 371 4071 neget,
389 4011 566 4075 separationem
586 4024 675 4060 coense
693 4009 721 4059 ab
739 4009 826 4074 lgapis
844 4010 941 4060 demum
958 4017 1015 4074 post
1032 4011 1184 4063 interdictum
1202 4011 1366 4061 hastariorum
1384 4027 1398 4062 a

124 4091 227 4142 Traiano
246 4093 372 4154 sancitum,
390 4096 477 4145 laetam
496 4110 557 4145 esse.
578 4109 601 4159 p.
613 4094 643 4144 15
654 4110 691 4159 sq.

191 4177 217 4238 2)
235 4177 303 4227 llons
326 4177 417 4227 Latein.
435 4195 458 4229 n.
477 4180 567 4242 griech.
586 4179 679 4229 ldessen
697 4193 721 4244 p.
734 4177 796 4229 los:
824 4178 884 4239 „llis
902 4178 980 4230 llesse
1006 4180 1038 4231 ist
1062 4182 1100 4232 eiu
1125 4180 1284 4231 historischen
1301 4182 1400 4232 Gottes-

123 4262 202 4312 dienst
225 4263 283 4314 d.b.
301 4265 337 4312 sie
355 4264 395 4312 bat
418 4265 470 4314 sich
495 4264 623 4326 organisch
647 4279 690 4313 ans
715 4264 852 4327 gegebenen
869 4263 1008 4316 Elementen
1032 4266 1167 4317 entwichelt
1193 4265 1241 4314 und
1266 4267 1298 4314 ist
1321 4265 1399 4315 daber

24 4380 27 4385 ψ
123 4345 192 4395 leina
210 4347 367 4398 willkurlicbe
387 4349 524 4409 Erllndung.
566 4349 607 4398 lls
631 4349 668 4405 ein
687 4348 845 4399 historiscber
862 4350 1027 4401 Gottcsdienst
1050 4352 1123 4413 btngt
1139 4351 1174 4400 sis
1192 4351 1235 4399 mit
1254 4349 1309 4399 dero
1328 4348 1397 4399 tlten

123 4429 275 4482 Testamenta
292 4448 430 4482 zusammen
450 4432 498 4482 ond
517 4432 557 4482 bat
574 4448 618 4483 aus
636 4433 691 4483 dem
709 4434 791 4483 Ncnen
817 4433 939 4498 dasjenige
957 4437 981 4487 in
1000 4437 1078 4485 eiuem
1095 4434 1229 4499 parallelen
1248 4434 1398 4496 Stalengang

121 4512 283 4579 hinzngelogt,
301 4531 349 4567 was
367 4517 406 4567 die
424 4516 587 4581 Odenbsruug
605 4518 693 4570 Christi
711 4518 819 4570 belabl.“
856 4520 925 4580 Quod
949 4521 1033 4572 suadet
1050 4519 1122 4570 llonii
1146 4516 1263 4582 doctrina,
1281 4517 1306 4569 id
1323 4532 1398 4584 pras·
