3044 4912
677 249 727 323 83

61 456 123 501 ean.
132 439 175 503 32
186 434 311 500 Consilii
322 433 469 497 Trullaui:
485 408 671 520 σηγιειώσαι
685 426 757 500 ἀπὸ
770 434 832 497 τοῦ
844 425 1013 517 παρόντος
1025 427 1163 511 κανόνος
1176 429 1231 501 ὅτι
1243 439 1340 522 ιερῶ-

63 559 118 614 τος
138 529 160 602 ὁ
177 529 335 618 Ἰάκωβος
355 527 375 600 ὅ
398 527 609 620 ἀδελφόθεος
630 527 676 611 ὥς
696 537 830 619 πρῶτος
851 526 1106 619 ἀρχιερατεύσας
1126 539 1186 622 τῆς
1195 531 1339 624 Ἱεροσο·

65 637 208 721 Ιυμιτοῖν
228 629 403 724 Muluius
421 630 597 719 παρέδωκε
610 631 669 722 τὴν
687 629 789 702 θείαν
804 629 1055 721 ῖεροτελεστῖαν,
1076 632 1150 723 ἥτις
1164 630 1244 724 παρ’
1258 631 1339 724 ἡμῖν

67 733 243 824 ἀγνοεῖται,
264 730 1338 824 παρὰδὲτοῖςἹεροσολομιταῖςκαὶτοῖςΠαλαιστι-

69 834 204 918 ναίοις
223 836 465 926 ἐνεργεῖται
492 834 536 904 ἐν
555 840 651 916 ταῖς
670 833 873 923 μεγάλαις
894 831 1072 924 ἑορταῖς.
1121 833 1164 905 Oi
1187 838 1225 905 δὲ
1243 833 1338 905 Ἀλε-

71 940 215 1025 ξονθρεῖς
235 937 388 1026 λέγουσιν
409 931 496 1005 εἶναι
515 935 572 1004 καὶ
591 943 652 1004 τοῦ
674 933 937 1024 ἆγῖουΜάρκσο,
959 928 980 1028 ᾗ
1001 937 1059 1005 καὶ
1077 944 1221 1023 χρῶνται
1235 935 1281 1020 ὦς
1293 938 1338 1007 τὰ

71 1037 184 1109 πολλά.
204 1036 288 1128 Ἔγώ
309 1039 348 1108 dd
368 1039 549 1118 συναδικεῖς
561 1040 688 1123 μᾶλλον
705 1038 814 1107 δὲκαὶ
828 1037 1225 1125 ἐνώπισνβασιλέωςτοῦ
1240 1036 1339 1127 ἁγίου

73 1139 211 1231 ἐλάλησα
229 1146 339 1222 τοῦτο,
363 1138 417 1208 ὅτι
437 1135 457 1209 ὁ
478 1138 684 1230 πατριάρχης
702 1137 953 1229 Ἀλεξανδρείας
974 1138 1127 1229 &redditae
1140 1138 1190 1222 εἷς
1202 1141 1262 1229 τὴν
1274 1147 1340 1227 βα-

71 1239 271 1311 σιλεύουσαν.
304 1239 451 1309 Μέλλων
471 1240 534 1329 γὰρ
555 1242 788 1332 λειτουργῆσαι
807 1241 892 1328 μεθ’
914 1238 1008 1331 ἡμῶν
1028 1242 1085 1310 καὶ
1105 1249 1164 1310 τοῦ
1186 1240 1343 1327 olemus.

74 1351 157 1413 ναοῦ
183 1342 220 1413 ἐν
246 1349 288 1433 τῇ
313 1339 439 1433 μεγάλῃ
466 1338 622 1433 ἐκκλησίᾳ
648 1339 780 1432 ὥρμησε
805 1347 937 1431 κρατεῖν
962 1342 1002 1410 τὸ
1023 1349 1082 1433 τῆς
1102 1350 1163 1411 τοῦ
1181 1339 1339 1429 Ἰακώβου

72 1442 273 1532 λειτουργίας
298 1440 481 1523 κονιάκιον,
511 1439 582 1510 ἀλλ’
605 1440 758 1534 ἐκωλύθη
785 1440 865 1533 παρ’
887 1440 982 1534 ἡμῶν
1006 1444 1065 1512 καὶ
1085 1441 1247 1529 ὑπέσχετο
1269 1446 1339 1513 λει-

74 1542 216 1635 τουργεῖν
235 1545 354 1626 καθὼς
373 1543 431 1613 καὶ
450 1542 584 1634 ἧμεῖς.*)
614 1549 653 1610 ΕΙ
673 1568 745 1610 sane
767 1569 803 1612 en
825 1549 873 1612 illa
894 1551 958 1612 lere
979 1557 1073 1612 aetate
1095 1551 1225 1630 Liturgia
1241 1549 1338 1612 iacobi

74 1671 192 1733 morsus
214 1650 321 1714 cecidit
341 1650 568 1730 apudGraecos.
610 1650 649 1712 Ut
670 1650 762 1726 aiunt,
784 1652 910 1713 recitant
931 1670 995 1713 eam
1016 1651 1178 1714 hodienum
1200 1653 1231 1713 in
1253 1651 1340 1714 iesti-

73 1752 335 1817 mustacem
363 1754 405 1817 23
428 1753 494 1814 ecc
522 1751 797 1831 Hierosolymorum
826 1771 861 1814 ec
883 1752 970 1833 Cypri
999 1754 1183 1832 ecclesiae.²)
1226 1754 1263 1815 ΑΙ
1290 1755 1339 1816 le·

73 1855 133 1918 eobi
161 1855 303 1929 officium,
333 1853 488 1934 expulsum
516 1873 552 1916 ex
579 1853 701 1916 ecelesia
729 1853 895 1916 orthodoxa
917 1854 1014 1934 quoad
1036 1856 1213 1935 exemplaria
1235 1872 1339 1934 graeca

74 1958 185 2033 adltihct
212 1957 243 2019 iu
271 1955 428 2017 llissarum
457 1954 638 2029 sollemniis,
666 1953 810 2018 remansit
837 1955 985 2017 incolume
1013 1957 1091 2035 apud
1119 1957 1222 2036 Syros.
1265 1954 1340 2018 Nam

75 2077 133 2120 cum
154 2058 275 2139 Syriaca
295 2057 395 2136 lingua
415 2057 446 2119 in
468 2056 628 2137 provinciis
650 2056 835 2117 Palaestinae
855 2057 1010 2118 vernacula
1044 2065 1133 2132 esset,
1163 2057 1341 2136 praesertim

76 2160 193 2240 inpagis
205 2167 236 2222 ct
247 2169 328 2221 extra
339 2157 441 2233 urbes,
452 2158 510 2220 iam
521 2157 681 2238 antiquitus
694 2165 742 2219 est
750 2157 866 2237 liturgia
876 2157 976 2220 lacobi
988 2156 1173 2237 insyriacam
1185 2157 1340 2220 dialectum
1357 2204 1365 2219 .

76 2260 250 2338 narulataf)
293 2260 331 2322 Et
351 2267 544 2322 eemauemnt
563 2244 671 2320 librum
694 2258 759 2339 Syri
780 2259 934 2338 hucusque
962 2267 993 2321 et
1012 2258 1178 2322 Ortltodoxi
1198 2259 1245 2321 vel
1265 2258 1340 2321 llel·

76 2363 165 2426 daitae
190 2371 221 2426 ct
248 2361 430 2425 Heterodoai
459 2360 505 2423 vel
532 2360 694 2435 lambitae,
730 2361 779 2440 qui
808 2360 948 2441 Eutychis
976 2361 1093 2423 haeresi
1130 2360 1229 2423 inlecti
1259 2367 1340 2424 sunt.

10 2512 13 2517 .
77 2463 220 2546 lisurpant
240 2482 313 2527 saue
323 2462 556 2542 monophysitae,
580 2460 755 2522 orthodoxis
778 2461 808 2523 in
821 2461 903 2542 Syria
915 2480 1039 2523 numero
1054 2462 1143 2541 longe
1155 2462 1339 2543 superiores,

10 2612 12 2619 .
77 2565 359 2645 practerLiturgiam
375 2563 472 2624 lacobi
494 2562 600 2623 multas
618 2562 701 2637 alias,
724 2563 759 2624 ah
776 2563 950 2625 lienaldotio
965 2564 996 2624 iu
1011 2564 1147 2627 volumen
1164 2564 1339 2644 praeclaris-

10 2885 12 2889 ·
152 2822 176 2880 l)
194 2820 289 2871 Placuit
306 2817 387 2868 multis
405 2817 511 2867 hominis
529 2831 645 2880 acumeu;
664 2824 752 2868 utnon
771 2817 936 2879 observarunt,
955 2818 1109 2868 Theodorum
1128 2833 1176 2867 uon
1195 2818 1342 2868 arderestu·

10 2919 13 2923 ·
77 2905 172 2956 dioteri
197 2903 345 2970 reperiendi,
369 2902 414 2952 sed
437 2910 576 2965 turgescere
600 2901 706 2950 animum
730 2903 782 2951 eius
800 2911 824 2952 et
841 2911 932 2952 tumere
951 2902 1096 2952 intolerabili
1114 2903 1235 2966 snperbia.
1270 2902 1343 2953 llecte

10 3003 25 3012 ·
77 2992 199 3041 netiantnr
226 2988 348 3038 hominem
374 2986 590 3037 lienaldotine
609 2985 627 3034 l.
645 3001 669 3051 p.
688 2985 798 3035 thxttt
815 3002 852 3051 sq.
879 2989 1097 3037 issemenuus
1116 2987 1157 3046 ΙΙΙ,
1174 2987 1197 3036 2.
1215 2987 1292 3051 llleq.
1319 2995 1343 3037 et

14 3120 17 3125 .
77 3074 203 3124 teatina
221 3074 288 3122 Euat.
308 3071 350 3120 cu.
369 3071 385 3119 l.
404 3070 454 3121 ete
478 3071 536 3120 This
559 3069 652 3119 Prelnte
675 3085 724 3119 was
748 3085 760 3118 a
785 3070 905 3135 complete
928 3070 1035 3121 Oriente}
1055 3072 1250 3131 Ultremontane;
1273 3085 1342 3134 evcrg

78 3160 134 3221 thing
150 3173 202 3208 was
219 3165 245 3206 to
264 3157 295 3205 be
311 3155 401 3218 jugded
420 3156 457 3218 bg,
482 3153 528 3204 and
546 3154 648 3217 equared
669 3161 701 3214 to,
726 3155 766 3203 the
785 3154 837 3204 rule
855 3155 882 3204 ol
899 3155 1113 3220 Constantinoplc;
1140 3156 1180 3206 tlte
1197 3155 1343 3206 Bellarmine

10 3293 28 3313 -.
77 3245 168 3294 oront
193 3242 223 3292 ol
244 3240 286 3290 tlte
303 3239 403 3288 Enatern
423 3239 527 3298 chureii,
551 3239 582 3288 he
605 3253 653 3289 was
679 3240 717 3289 lor
739 3239 876 3302 abolishing
893 3255 961 3304 everg
981 3241 1113 3304 lormularg
1132 3248 1173 3290 not
1191 3241 1294 3305 adopted
1313 3241 1344 3305 bg

10 3316 29 3327 ⁵
79 3330 110 3376 tle
126 3324 299 3377 oecumenical
317 3323 455 3385 Patriarcla3
480 3323 527 3372 and
549 3323 714 3372 endeavoured
739 3324 897 3387 succeselullg
921 3334 945 3375 to
970 3326 1064 3376 iuti-nde
1082 3328 1121 3376 tlac
1141 3327 1216 3375 lorms
1235 3328 1262 3375 ol
1278 3327 1343 3376 Con-

12 3398 24 3427 ’“
78 3411 216 3475 cummople
233 3423 268 3458 on
285 3409 325 3457 tlte
343 3406 422 3456 wliole
440 3407 506 3456 llast.

151 3496 178 3556 2)
196 3497 417 3544 dseemanuus
436 3489 471 3551 ΙΙ,
482 3490 506 3540 2.
524 3505 549 3554 p.
560 3491 630 3542 xxv:
655 3491 895 3555 llierosolgmitennm
915 3493 1043 3555 liturgiam
1061 3495 1164 3559 amplexi
1182 3503 1237 3542 sum
1255 3493 1344 3541 nedum

10 3608 24 3618 -
78 3595 152 3631 annes
169 3578 297 3629 subiectae
316 3576 450 3637 ecclesiae3
475 3590 554 3625 rerum
574 3582 598 3625 et
615 3575 675 3625 aliae
693 3575 840 3639 complures,
864 3579 922 3641 quin
942 3580 991 3627 lere
1010 3593 1093 3628 omnes
1112 3577 1246 3627 Orieutoles
1264 3576 1294 3624 etl
1312 3575 1345 3624 il-

10 3700 26 3717 ».
77 3667 192 3715 butenae
212 3662 322 3724 liturgiae
341 3666 512 3724 expreasernnt
528 3666 553 3708 et
569 3659 630 3708 adeo
648 3659 867 3709 accommodarunt.
902 3662 954 3725 Sgri
972 3677 1029 3725 ergo
1046 3663 1097 3711 lere
1110 3676 1194 3711 omnes
1208 3660 1273 3709 illam
1284 3673 1344 3722 pro·

14 3771 25 3780 ·
76 3749 154 3800 tanet
180 3760 263 3812 eaque
285 3745 357 3795 etiam
382 3744 455 3794 modo
473 3751 579 3805 utuntur,
603 3744 710 3808 quamvis
733 3745 757 3793 in
781 3745 905 3795 nonnullis
928 3761 974 3810 pro
993 3746 1127 3796 diversitate
1146 3746 1253 3795 locorum
1272 3750 1296 3792 et
1313 3742 1344 3792 li·

10 3832 20 3891 “,
74 3833 160 3885 brute
178 3832 359 3897 Epiacogorum
379 3844 427 3878 non
445 3843 530 3878 omnes
547 3828 593 3877 sibi
612 3829 770 3878 consentient.
805 3829 872 3878 Unde
890 3837 914 3879 et
931 3844 984 3878 eam
1002 3830 1048 3879 ium
1068 3829 1342 3892 contractamiompro·

74 3919 164 3970 tectam
189 3917 307 3967 adhibent
330 3921 355 3963 et
379 3913 463 3978 plnres
487 3911 548 3962 alius
571 3911 601 3962 ad
624 3911 690 3961 illius
713 3912 835 3977 exemplar
856 3915 1004 3978 compositas
1031 3914 1153 3964 celebrant
1169 3939 1202 3950 —
1220 3938 1253 3948 —
1271 3911 1344 3976 Cypri

10 4001 17 4010 '
71 4001 139 4050 etiam
155 3998 230 4061 regui
248 3997 367 4048 ecclesiae
383 3998 446 4047 hene
464 3998 562 4058 multae,
580 3996 760 4062 putaSgrorum
772 3997 940 4047 llarouitarum
959 3998 1025 4047 illam
1040 3998 1199 4060 frequentant,
1218 3995 1344 4060 antiquum

10 4117 11 4121 =
71 4099 161 4136 norem
179 4083 325 4144 retinentes,
350 4097 398 4147 quo
416 4096 501 4132 omues
519 4081 590 4145 Cypri
608 4079 727 4131 ecclesiae
743 4095 791 4132 uon
810 4082 855 4131 uisi
874 4083 935 4132 lianc
953 4081 1097 4131 adhibebunt
1114 4080 1242 4142 liturgiam,
1266 4079 1300 4128 uti
1318 4092 1347 4129 ex

69 4168 205 4236 Epiphanio
224 4181 275 4216 uon
293 4166 396 4217 obscure
414 4165 541 4229 colligitur.

148 4254 178 4315 3)
198 4252 230 4303 b't
248 4252 363 4316 opinatur
379 4253 551 4312 lsaemnnum,
569 4252 622 4314 ipse
640 4251 742 4301 lacobus
760 4250 878 4313 liturgiam
898 4266 966 4301 snam
978 4251 1072 4315 Sgriace
1090 4249 1242 4315 conscripsit.
1266 4248 1344 4305 Quem

70 4340 109 4390 tiri
127 4336 196 4390 docti
215 4336 364 4387 sententiam
382 4336 413 4385 ita
432 4336 638 4397 conformaverun,
657 4343 683 4385 ut
700 4336 896 4385 Consecutionis
914 4336 1016 4385 lormula
1035 4352 1048 4386 a
1066 4335 1153 4386 lecobo
1171 4334 1289 4400 proiecta,
1313 4329 1344 4380 ab

66 4412 180 4488 ιροεΙοΙο
193 4422 296 4486 Sgriace
314 4435 362 4471 non
380 4421 469 4485 scripta
486 4421 530 4470 sed
546 4421 633 4470 traditu
650 4422 690 4472 eit.
724 4420 758 4469 Ea
775 4420 909 4472 lleualdotii
927 4421 1044 4483 sententia
1062 4422 1168 4472 Graecae
1185 4418 1283 4469 cuarue
1300 4416 1349 4481 Sg-

66 4494 190 4563 dacorum
208 4509 364 4576 primaevum
381 4503 504 4571 exemplar
520 4512 576 4558 eunt
593 4504 610 4556 l.
620 4521 640 4558 c.
659 4521 683 4572 p.
694 4499 774 4557 ΙΙΙΙΙΙ.

1105 4588 1121 4616 tt
1131 4586 1148 4616 t
