3044 4912
618 322 623 327 ,
656 231 726 304 621

141 412 262 483 Ἰοτίον
290 410 344 482 ότι
371 412 406 480 ἐν
431 417 472 502 τῇ
497 407 622 502 μεγάλη
650 408 806 501 ἐκκλησίᾳ
833 406 907 479 ἀντί
935 408 1057 493 όδατος
1085 402 1174 480 οἶνον
1200 406 1249 491 είς
1269 410 1329 500 τὴν

52 512 223 605 merjam
243 521 303 581 τοῦ
324 509 493 597 εόχελαίοο
514 511 732 599 βάλλουσιν.“)

454 691 530 759 Τοῦ
556 682 699 780 Κυρίου
725 682 935 781 όέηθολμεν.

144 834 271 932 Κύριε,
297 834 317 909 ὁ
344 838 386 911 ίν
410 843 465 934 τῷ
490 836 576 911 ἐλέει
600 835 666 911 καὶ
688 842 767 921 τοῖς
792 841 992 934 ολκιιρμοῖς
1019 860 1088 911 σου
1108 832 1266 931 λοίμενος
1280 834 1328 911 τά

56 940 323 1035 σοντρίμματα
355 945 434 1012 τῶν
464 946 602 1034 ψυχῶν
634 936 698 1013 καὶ
729 946 807 1013 τῶν
833 935 1021 1028 σωμάτων
1046 936 1167 1033 ἡμῶν,
1204 936 1328 1027 αὐτὸς,

54 1041 234 1128 δέσποτα,
261 1037 419 1140 ἁγίασον
444 1038 487 1114 τὸ
513 1042 636 1115 ίλαιον
661 1049 786 1128 τοῦτο,
812 1039 901 1124 ὥςτε
927 1039 1104 1141 γενέσθαι
1130 1045 1208 1124 τοῖς
1225 1068 1331 1138 χριο-

56 1144 185 1239 μένοις
216 1145 256 1227 ἐξ
287 1140 405 1215 αὐτοῦ
438 1146 489 1224 είς
521 1140 728 1239 θεραπείαν
759 1141 822 1217 καὶ
851 1140 1069 1242 ἀπαλλαγὴν
1095 1141 1233 1225 παντὸς
1258 1137 1330 1214 πά-

58 1247 169 1332 θους,
204 1250 400 1339 μολυσμοῦ
426 1250 603 1340 σαρκικοῢ
628 1243 691 1319 καί
716 1241 924 1339 πνεύματος
948 1245 1012 1319 καί
1036 1243 1175 1328 παντὸς
1199 1249 1330 1330 κακοῦ,

54 1348 123 1422 ἵνα
160 1345 224 1420 καί
259 1348 300 1419 ἐν
334 1341 456 1442 τούτῳ
492 1343 664 1442 δοξασθῇ
701 1369 769 1420 σου
802 1345 845 1420 τό
881 1344 1068 1446 πανάγιον
1094 1347 1227 1442 ὄνομα,
1261 1351 1330 1419 τοῦ

60 1447 212 1545 πατρὸς,
245 1445 308 1520 καί
340 1455 408 1522 τοῦ
442 1447 540 1536 υἱοῦ,
573 1447 636 1521 καὶ
669 1455 737 1522 τοῦ
771 1446 882 1548 ἁγίου
908 1447 1128 1541 πνεύματος,
1162 1456 1235 1524 νῦν
1267 1444 1331 1521 καὶ

58 1549 131 1639 ἀεὶ,
156 1548 221 1624 καὶ
246 1553 297 1630 είς
321 1547 409 1631 τοὺς
434 1553 574 1632 αἰῶνας
598 1557 677 1624 τῶν
703 1546 864 1625 αλοίνοιν.
909 1547 1037 1646 Ἀμήν.

142 1677 195 1749 Ἔν
222 1678 291 1768 ὅσῳ
320 1680 358 1748 δά
386 1678 518 1768 λέγεται
543 1677 564 1770 η
593 1677 668 1769 εάχίη
697 1681 792 1770 παρὰ
821 1689 887 1750 τῶν
916 1680 1044 1769 ἱερέων,
1072 1679 1261 1772 ψάλλουσαι
1287 1674 1331 1747 τά

58 1780 230 1872 τροπάρια
250 1788 366 1849 ταῦτα.

149 1884 272 1980 Ἰαχάς
303 1890 353 1970 είς
386 1886 584 1984 ἀντίληψιν
616 1883 731 1980 μόνος
765 1882 948 1981 ὑπάρχων
980 1885 1117 1983 Χριστί
1126 1942 1138 1974 ,
1178 1891 1331 1980 ταχεῖαν

61 1989 129 2085 τὴν
169 1989 324 2062 ἀνωθεν
362 1987 484 2072 δεῖξον
516 1986 709 2084 ἐπίσκεψιν
740 1994 818 2071 τοῖς
849 1984 1034 2084 πάσχουσι
1066 1983 1214 2069 δούλοις
1248 2011 1330 2074 σου,

60 2088 250 2188 λάτρωσαι
282 2087 506 2185 νοσημάτων
538 2089 602 2164 καί
635 2097 779 2187 πικρῶν
815 2087 1053 2191 ἀλγηδόνων·
1087 2091 1229 2190 ἔγειραν
1262 2095 1330 2163 τοῦ

57 2191 195 2287 ὑμνεῖν
219 2217 259 2263 σε
284 2189 347 2264 καὶ
373 2187 543 2282 δοξάζειν
568 2188 779 2280 ἀπαύστως,
812 2190 1023 2289 πρεσβείαις
1047 2199 1111 2287 τῆς
1134 2185 1330 2279 θεοτόκου,

58 2292 154 2389 μόνε
180 2289 439 2390 φιλάνθρωπε.
1332 2316 1336 2327 ·

150 2416 222 2506 Τῆς
253 2417 376 2506 ψυχῆς
408 2409 454 2483 τά
492 2410 644 2502 ὄμματα
677 2411 937 2506 πεπηρωμένος
971 2410 1029 2484 σοὶ
1057 2408 1195 2506 Χριστί
1221 2437 1331 2504 προς-

62 2511 222 2609 ἔρχομαι
255 2511 306 2595 ὠς
339 2509 524 2610 ὅτυψλὸς
549 2515 589 2585 ἐκ
614 2519 802 2613 γεννητῆς,
836 2516 875 2587 ἐν
902 2512 1080 2611 μετανοίᾳ
1104 2508 1332 2614 κραυγάζων

59 2636 135 2703 σοι,
161 2609 339 2710 ἱλάσθητι
361 2610 454 2708 μόνε
478 2611 569 2708 ἡμῖν
595 2610 842 2689 εὐδιάλλακτε.

152 2730 228 2827 Τὴν
253 2733 380 2828 ψυχήν
405 2760 493 2825 μου,
520 2728 646 2831 Κύριε,
673 2736 714 2807 ἐν
734 2732 933 2830 ἀμαρτίαις
950 2731 1143 2816 παντοίαις
1161 2731 1224 2806 καὶ
1245 2726 1333 2806 ἀτό-

62 2862 146 2916 ποις
180 2830 330 2930 πράξεσι
364 2832 495 2918 δεινῶς
527 2838 842 2932 παραλελυμίνην,
875 2838 1016 2938 ἔγειρον
1048 2843 1093 2931 τῇ
1128 2838 1237 2930 θεϊκῇ
1264 2858 1333 2908 σου

59 2934 278 3031 ἐπιστασίᾳ,
317 2934 433 3030 ὥςπερ
468 2934 532 3010 καὶ
564 2939 632 3010 τὸν
665 2933 881 3032 παράλοτον
915 2938 1063 3037 ἤγειρας
1096 2934 1230 3023 πάλαι,
1269 2936 1334 3009 ἵνα

61 3033 190 3134 κράζω
217 3061 257 3110 σε
283 3037 484 3131 σωομένος,
511 3036 715 3135 ολκτίρμον,
742 3035 807 3120 δός
831 3066 909 3133 μοι,
934 3036 1087 3132 Χριστί,
1113 3035 1182 3131 τὴν
1207 3039 1320 3109 ἴασιν.

147 3153 212 3236 Ὡς
235 3163 302 3229 τοῦ
321 3152 464 3249 Κυρίου
482 3153 656 3250 μαθητὴς
680 3153 854 3244 ἀνεδέξω,
881 3154 1012 3243 δίκαιε,
1038 3153 1081 3228 τὸ
1107 3152 1333 3281 εὐαγγέλιον,

61 3252 117 3338 ὥς
141 3254 287 3350 μάρτυς
312 3258 402 3351 ἔχεις
427 3255 469 3328 τὸ
496 3253 803 3357 ἀπαράγραπτον,
829 3256 897 3353 τὴν
923 3253 1130 3354 παρρησίαν
1154 3285 1206 3340 ως
1223 3255 1333 3330 ἀδελ-

62 3354 228 3455 ψόθεος,
268 3356 311 3430 τὸ
343 3354 561 3456 πρεσβεύειν
592 3356 642 3441 ὡς
672 3354 860 3456 ίεράρχης·
900 3359 1034 3435 ἱκέτευε
1068 3358 1235 3455 Χριστὸν
1267 3358 1335 3433 τὸν

66 3456 174 3547 θεὸν,
202 3462 372 3554 σωθῆναι
400 3458 467 3542 τάς
490 3458 615 3556 ψυχάς
639 3457 758 3555 ἡμῶν.

147 3575 191 3652 Ὁ
223 3584 291 3650 τοῦ
325 3577 463 3672 πατρὸς
493 3577 698 3678 μονογενὴς
726 3576 812 3661 θεὸς
837 3575 955 3679 λόγος,
991 3572 1218 3673 ἐπιδημήσας
1243 3576 1335 3672 πρὸς

60 3677 162 3774 ἡμᾶς
196 3678 251 3751 ἐπ’
282 3675 450 3773 ἐσχάτων
482 3685 558 3753 τῶν
590 3677 753 3776 ἡμερῶν,
779 3677 933 3777 Ἰάκωβε
964 3679 1149 3768 θεσπέσιε,
1183 3674 1335 3775 πρῶτόν

60 3806 105 3854 σε
140 3778 299 3864 ἀνέδειξε
332 3788 409 3856 τεόν
438 3778 701 3878 Ἱεροσολύμων
733 3782 889 3879 ποιμένα
921 3778 985 3856 καί
1018 3778 1247 3856 διδάσκαλον
1271 3778 1334 3854 καί

60 3958 369 3973 —-———-——-—

65 4053 163 4105 Domini
192 4052 258 4102 ardel
285 4054 388 4116 imagine
415 4063 438 4104 ει
465 4055 510 4105 hnc
536 4054 565 4104 de
593 4069 664 4104 causa
688 4061 711 4105 et
734 4049 856 4116 κανδῆλα
880 4050 928 4103 τοῦ
950 4048 1092 4119 εὖχελαίου
1111 4054 1184 4104 audit.
1219 4054 1333 4104 Simeon:

63 4164 98 4176 ·-
117 4133 166 4184 κοιλ
184 4132 276 4184 ἔλαιον
293 4132 324 4185 ἰν
341 4135 505 4203 ψωταγωγηῑ
521 4128 694 4201 ἔπεμάλλεται
712 4128 728 4200 ἢ
746 4134 778 4187 ἐν
794 4129 886 4188 σκιάει
903 4131 919 4200 ἢ
936 4128 1009 4203 ἀλλῳ
1027 4136 1089 4202 τινὶ,
1112 4135 1143 4187 ἐν
1160 4121 1181 4202 ᾧ
1200 4134 1247 4185 καὶ
1264 4130 1333 4186 ἕπεο

59 4211 218 4270 άνάπιετιιι
242 4218 322 4286 ψῶτα
348 4215 405 4268 κατ’
425 4215 548 4289 ἀριθμὸν
574 4221 628 4271 τῶν
653 4220 749 4289 ίερίων
773 4219 820 4271 καὶ
844 4223 883 4279 είς
905 4215 993 4273 τόπον
1015 4221 1070 4272 τῶν
1090 4211 1271 4290 χαρισμάτων
1288 4222 1336 4270 τοῦ

62 4295 227 4371 πνεύματος
242 4296 332 4369 ἁγίου.

153 4405 179 4463 2)
203 4406 344 4455 Simeon:
363 4398 533 4471 ὑπεμψαίνει
553 4406 600 4455 καὶ
624 4404 655 4457 ἐν
670 4399 738 4474 ἡμῖν
755 4402 803 4468 τὴν
821 4406 868 4457 τοῦ
882 4406 1110 4475 μολωπισθένιος
1125 4404 1233 4459 ἐκείνου
1250 4405 1335 4468 ἴασιν,

58 4478 97 4539 ὃν
115 4484 145 4537 ἐκ
164 4488 326 4556 Σαμαρείας
342 4482 551 4555 άναλαβάμενος
563 4484 667 4554 Ἰησοῦς
684 4486 863 4561 ἐθεράπευεν.
