3044 4912
680 271 754 345 543

99 450 205 530 ιτίντα
237 452 394 553 ὀνείρων
426 451 692 630 ἀπατῳίάτερα.
745 453 833 530 Μία
867 453 959 584 ῥοπὴ
992 452 1202 531 καὶταῦτα
1226 449 1351 531 πάντα

99 553 250 639 δάνατος
281 554 411 652 διαδέχ
412 584 501 631 εται.
545 557 716 633 :55³5
691 564 796 657 ντῷ
819 558 934 685 ῳωτί,
968 554 1122 653 Χριστὲ,
1147 566 1216 633 τοῦ
1242 586 1352 657 προς-

99 654 187 787 ίτιρυ
213 680 282 733 σου
306 657 371 734 καί
394 685 449 756 τῳ
475 666 680 784 γλυκασριῳ
705 666 771 757 τῆς
791 667 857 756 σῆς
879 655 1189 758 ὥραιότητος,ἀν
1205 658 1349 746 ἐξελέξω

99 756 314 849 νάτταυσον,
342 758 393 843 ὥς
419 757 733 935 φιλάνθρωπος.

163 863 215 939 O*
196 887 288 957 μοι,
314 858 447 936 οίονά
410 863 567 1038 ἀῳῶνα
578 864 651 958 ἔχει
681 861 705 959 5
731 861 835 993 ψυχὴ
858 860 1091 960 χωριζομένη
1115 862 1156 936 ἐκ
1180 869 1250 989 555
1275 857 1350 937 σοί-

99 988 204 1092 ιατρς
259 966 431 1052 οίαοι,τ
456 990 494 1037 τι
519 991 617 1038 ττοσα
643 961 807 1094 δακρύει
821 962 886 1040 καί
911 963 982 1060 οὐχ
1006 961 1163 1091 ἀπάρχει
1190 961 1210 1037 5
1236 965 1349 1040 ἐλεῶν

99 1059 207 1161 ἀκτήν
261 1063 366 1192 Πρὸς
399 1063 487 1148 τοὺς
511 1065 756 1196 ἀρῳέλρυς
712 1095 761 1141 τα
787 1066 939 1195 ἀμματρι
963 1065 1150 1164 τρέπουσα
1175 1065 1349 1194 ἄπρακτα

99 1162 314 1242 ἀθικετεύει
368 1166 474 1263 Πρὸς
504 1196 593 1250 τους
625 1163 928 1266 ἀνθρώπους
886 1196 953 1251 τας
980 1174 1108 1264 χεῖρας
1132 1166 1346 1243 ἐκτείνουσα

99 1266 197 1397 525''
175 1295 248 1363 εχει
279 1265 348 1342 τάν
378 1269 613 1366 βοηθοῦντα.
665 1269 794 1360 Διὸ,’
773 1266 958 1370 αγαττητοί
982 1297 1057 1365 μου
1084 1267 1253 1396 ἀδείῳοί,
1286 1271 1348 1345 ἀν-

99 1365 277 1498 55057559
307 1368 418 1466 ἡμῶν
449 1370 493 1445 τὸ
524 1369 652 1468 βραχὺ
683 1380 749 1469 τῆς
782 1370 896 1467 ζωῆς,
932 1379 987 1499 τῳ
1019 1368 1245 1460 μοταστάντι
1276 1369 1347 1496 τάν

99 1466 290 1597 νάτιρωσιν
314 1471 416 1571 παρὰ
441 1477 610 1571 Χριστοῦ
636 1470 880 1571 αίτησιίμεθα
904 1473 968 1548 καὶ
985 1479 1066 1557 ταῖς
1082 1478 1223 1570 ψυχαῖς
1236 1471 1347 1570 ἡμῶν

99 1572 115 1647 5
140 1572 192 1668 με’
213 1601 237 1646 α
263 1574 367 1656 ἔλεος.

156 1601 294 1748 [5515
320 1670 522 1771 ματαιότης
546 1675 595 1749 τά
620 1672 908 1772 ἀνθρώπινα,’
887 1700 958 1751 οσα
984 1674 1054 1771 οάχ
1078 1670 1235 1803 ὑπάρχῳ
1252 1673 1347 1770 μετὰ

99 1771 257 1851 ἄνατον
313 1777 370 1852 05
401 1778 604 1904 ραραῳίνει
637 1776 657 1852 5
691 1785 861 1866 πλοῦτος,
895 1777 940 1853 οὐ
972 1774 1213 1852 συνοδεύει
1190 1807 1214 1873 η
1241 1772 1344 1863 δόξα.

99 1875 257 1952 ’τιείθάιν
295 1891 369 2005 γαρ
405 1876 424 1951 5
457 1876 626 1963 θάνατος
658 1887 777 1954 ταῦτα
811 1877 935 2007 πάντα
969 1875 1221 1976 ἐξηῳάνισται.
1274 1877 1345 1952 Διδ

99 1984 227 2076 ἴριστῳ
259 1988 314 2076 τῳ
347 1977 531 2106 ἀθανάτῳ
564 1976 780 2107 βοήρωρεν·
816 1979 884 2055 τὸν
907 1977 1145 2106 μετῳστάντα
1172 1978 1255 2064 ἐξε
1233 1988 1344 2076 ηαάίν

99 2079 306 2168 νάπαυσον,
333 2082 430 2207 5555
457 2079 612 2157 πάντων
637 2083 739 2158 ἐστὶν
765 2082 1073 2210 εὐφραινομένων
1097 2111 1120 2206 5
1146 2080 1327 2209 κατοικία.

154 2183 290 2256 H05'
277 2187 378 2257 εστιν
403 2182 426 2279 5
452 2191 521 2258 τοῦ
545 2182 703 2313 κάσμρυ
716 2183 970 2280 προςτιάθεια,·
996 2191 1069 2258 ποῦ
1095 2184 1196 2310 ἐρτιν
1221 2182 1243 2280 5
1264 2192 1344 2258 τῶν

99 2285 305 2411 ρρςκαίρων
334 2286 550 2409 ῳαντασία,·
584 2294 659 2362 τιοῦ
691 2287 792 2360 ἔστιν
817 2284 837 2361 5
859 2284 1000 2413 χρυσὸς
1024 2284 1088 2359 καὶ
1113 2283 1134 2359 5
1160 2287 1342 2413 άργυρος;

99 2386 271 2461 οὔέστιν
296 2393 375 2460 τῶν
400 2387 601 2462 οἶκετῶν*
579 2417 602 2485 η
629 2385 831 2484 πλημμύρα
857 2416 921 2461 και
909 2385 966 2460 5
994 2385 1184 2515 55555553
1216 2383 1341 2462 πάντα

99 2483 183 2575 ίνις,
210 2485 332 2561 πάντα
358 2488 490 2586 τέφρα,
516 2486 640 2565 πάντα
666 2485 762 2565 σκιά.
782 2488 892 2563 Ἀλίά
919 2487 1037 2577 δεῦτε,
1063 2485 1264 2586 βοήσωμεν
1287 2496 1341 2587 τῷ

99 2587 258 2686 θανάτῳ
282 2590 440 2715 βῳσιλεῖ,
468 2588 593 2687 Κύριε,
619 2599 698 2667 τῶν
723 2590 889 2721 αίῳνίων
911 2614 981 2666 σου
999 2592 1163 2717 ἀγαθῶν
1179 2589 1342 2675 ἀξίωσον

99 2674 138 2767 55¹
161 2689 398 2820 ρεταστάντα
423 2692 505 2776 ξ
484 2721 606 2789 ηαων,
633 2689 842 2769 ἀναπαύων
867 2691 987 2769 αὐτὸν
1002 2694 1043 2767 ἐν
1059 2722 1104 2788 τι]
1087 2690 1251 2794 ἀγήρῳ
1267 2720 1342 2789 μα-

99 2790 269 2891 αριότητι
280 2794 302 2890 ¹)

146 2895 365 3022 ’5555'5555
389 2903 457 2970 τοῦ
483 2892 677 3022 ττροῳήτου
702 2898 931 2990 βοῶντος·’
915 2890 988 3024 575
1013 2900 1089 2985 εἶμι
1105 2902 1153 3021 55
1168 2894 1232 2969 καὶ
1251 2919 1341 2969 σαο-

99 2992 147 3080 ίς.
199 2998 273 3123 Καὶ
306 2993 418 3071 πάλιν
450 2996 655 3094 κατενόησα
689 3002 730 3072 ἐν
760 3003 838 3080 τοῖς
869 2996 1038 3123 μνήμασι
1069 2995 1134 3070 καὶ
1166 2994 1335 3070 εἶδον
1294 3024 1341 3069 τα

99 3105 165 3171 στᾶ
196 3097 244 3172 τὰ
272 3100 556 3227 ῳερυμνωμένα.
609 3098 684 3172 Καὶ
708 3098 828 3174 εἶπον·
863 3099 938 3190 ἀρα
970 3097 1027 3180 τίς
1051 3100 1128 3170 ἐστι
1152 3094 1339 3192 βασιλεὺς,

119 3223 356 3327 στρῳτιῳτης,
382 3229 405 3294 η
431 3196 665 3288 πλούσιος,
641 3230 664 3296 5
691 3200 811 3296 πίνης,
837 3196 1033 3294 ἢδίκαιος,
1059 3195 1340 3328 ἢάμαρτωίάς;

99 3299 164 3376 555
191 3299 425 3388 ἀνάπαυσον,
452 3297 578 3430 Κύριε,
603 3300 696 3397 μετὰ
723 3298 943 3375 δικαίων
905 3328 974 3375 τον
999 3295 1139 3375 δοῦλόν
1163 3324 1244 3375 σου.

132 3398 260 3528 ’Ἅρχή
298 3430 363 3497 μοι
401 3401 465 3476 καί
504 3400 707 3530 ὑπόστρισις
740 3401 785 3477 τὸ
817 3399 1099 3531 πίαστουργόν
1111 3425 1180 3529 σρυ
1212 3401 1340 3503 γέγονε

99 3498 299 3630 ράςταγμα.
351 3505 561 3599 Βουληθείς
592 3504 665 3607 γάρ
699 3508 738 3591 ἐξ
769 3501 935 3601 ἀοράτου
966 3533 1005 3577 τε
1039 3502 1101 3578 καὶ
1134 3503 1269 3599 ὁρατῆς
1294 3530 1340 3597 μο

99 3612 169 3681 ’ἴτον
194 3609 381 3703 συμπῆξαι
407 3603 566 3733 φύσεως,
585 3610 713 3733 55555
737 3634 813 3702 μου
838 3604 881 3680 τὸ
907 3614 1017 3733 ρῶμα
1036 3605 1244 3687 διίπλασας
1271 3604 1341 3677 Δί·

99 3736 194 3792 ωκας
226 3708 271 3782 δέ
300 3737 364 3805 μοι
396 3709 523 3805 ψυχὴν
555 3716 602 3805 τῇ
634 3706 723 3807 θείῳ
756 3729 826 3783 σου
858 3707 921 3781 καὶ
949 3705 1145 3804 ζωοποῶ
1130 3702 1337 3800 εμπνεάσει.

99 3807 154 3898 ἰδι,
164 3812 332 3940 Χριρτὲ,
357 3809 426 3884 τὸν
452 3809 590 3886 δοῦλόν
617 3835 700 3900 σου,
727 3812 769 3885 ἐν
792 3804 901 3908 χοίρῳ
928 3806 1094 3899 ζώντων,
1121 3810 1162 3882 ἐν
1188 3813 1340 3905 σκηναῖς

99 3911 229 3987 ικαίων
254 3910 486 3987 ἀνάπαυσον.

155 4015 248 4141 Κατ
279 4010 403 4088 εἶκονα
437 4013 508 4110 σὴν
532 4012 594 4087 καὶ
621 4011 801 4108 ὁμοίωσιν
825 4007 1139 4139 πίῳστουργήσας
1155 4009 1239 4085 κατ’
1270 4010 1339 4109 ἀρ·

99 4112 139 4199 ἀς
170 4115 237 4191 τὸν
269 4118 538 4212 ἄνθρωπον,
523 4144 564 4189 εν
595 4113 811 4212 παραδείσῳ
842 4114 1012 4197 τέθεικας
1044 4109 1244 4211 κατάρχειν
1269 4138 1338 4188 σου

158 4371 181 4431 1)
199 4371 225 4421 ln
245 4382 347 4422 mentem
367 4372 429 4421 venit
446 4379 563 4422 vetustum
582 4372 700 4421 canticum
719 4371 748 4420 de
767 4378 859 4421 ωοιιετ
877 4370 937 4420 Audi
956 4369 1027 4421 tellus
1045 4377 1091 4421 etc.
1125 4369 1197 4421 Thes.
1216 4368 1339 4433 Hymn.'1.

99 4456 127 4507 5.
164 4456 239 4506 Huius
257 4458 338 4535 5555
356 4457 430 4507 dms
449 4463 473 4506 ει
489 4456 586 4519 glorian,
605 4470 675 4520 quam
694 4455 743 4506 sint
760 4455 820 4506 [διε
839 4463 862 4505 ει
880 4455 1017 4507 transitori·
1036 4481 1068 4492 -
1087 4454 1178 4505 -ubi
1197 4454 1274 4517 ΡΙτιο,
1292 4463 1339 4505 5¹5.

99 4538 237 4608 τρΙιιτίοιῖ
254 4549 299 4593 εια.
321 4567 348 4578 -
369 4542 506 4593 ceciderunt
522 4543 546 4592 in
564 4539 719 4608 profundum.
