3044 4912
675 223 725 297 47

56 403 192 468 trunam
213 405 344 476 mordeo,
366 405 434 468 urit
453 423 489 467 rr
508 405 631 470 dirrall
651 408 787 473 dersrlde
803 413 854 472 ist
884 409 991 491 Mopso
1005 411 1228 476 occiller'osro
1242 413 1336 479 Sotae

56 508 122 568 «aad
143 506 284 575 mazam
303 505 412 579 Warte,
435 508 481 568 dr'a
502 507 550 570 r'cl
571 510 747 590 engeltart,
769 510 816 573 als
838 512 1045 575 unbmeaterd
1066 515 1241 595 vormersen
1256 535 1336 580 roar-

60 608 128 681 δικ,
156 627 194 672 ro
224 607 344 671 draclm
370 608 420 671 tel
438 608 578 689 [amande
598 610 732 676 Patalete:
771 617 802 690 1)
823 612 879 674 Die
902 612 1337 696 contemnamini

60 708 230 789 &Mation
259 710 324 772 aad
345 711 400 773 der
417 710 674 794 Zosooonendonp
695 714 777 777 tiras
798 712 918 777 Inlalts
941 715 1038 778 darclr
1058 717 1105 779 die
1125 717 1337 798 Saddpsonps·

61 810 227 889 protecto
246 813 312 874 und
332 813 378 874 die
398 812 599 893 Bestimmoog
618 814 669 876 'der
692 814 863 878 Mausolea.
892 818 924 893 2)
945 816 1003 879 Dic
1023 815 1261 897 Sellassformol
1281 821 1337 882 der

65 911 230 991 Prasstion
255 914 321 975 und
347 915 396 976 des
417 912 559 976 Sanctus.
603 916 635 992 3)
667 915 722 979 Die
745 915 942 997 Brwadoaap
967 919 1021 981 der
1042 917 1244 981 Potrr'orrden
1272 922 1335 983 ond

10 1056 12 1069 .
67 1014 118 1075 der
137 1012 315 1094 Prophetae
337 1013 420 1076 Elias
440 1017 505 1077 aad
525 1015 659 1079 liliatas.
705 1021 736 1094 l)
768 1017 831 1079 Das
858 1017 1096 1099 Respoasoriom
1124 1038 1191 1099 pum
1223 1021 1338 1085 domini

67 1118 104 1177 rit
123 1134 244 1196 semper
264 1117 433 1190 uobiscum
458 1126 486 1178 ct
509 1136 575 1179 cam
596 1122 709 1199 spirito
732 1129 794 1180 tuo.
838 1122 871 1195 5)
892 1119 948 1180 Dic
970 1118 1180 1182 Seeleamease.
1211 1120 1250 1183 In
1272 1123 1335 1184 die-

66 1235 114 1278 ser
133 1215 277 1280 Puenltm
299 1217 484 1297 iungendis
506 1216 702 1281 lateinisches
725 1218 815 1282 Teate
834 1223 889 1282 mit
910 1221 967 1282 deo
989 1219 1161 1301 Sotzonperr
1184 1223 1238 1284 der
1252 1224 1335 1302 Apo-

65 1317 121 1380 stel
138 1317 267 1398 speciali
286 1337 470 1380 zusammen.
492 1351 534 1363 —
555 1318 658 1382 Dirces
681 1318 891 1383 Sommelwerlr
912 1321 964 1382 dot
984 1324 1070 1382 maen
1084 1320 1248 1398 jddisoden
1274 1322 1335 1384 Ur-

64 1437 179 1499 sprung
199 1420 265 1481 ond
284 1418 467 1499 prirelr'rclte
488 1420 670 1502 Adfassunp,
696 1427 750 1486 wie
772 1423 818 1485 die
839 1433 942 1485 ersten
963 1421 1157 1485 alristltcden
1178 1421 1335 1503 Schriften

62 1520 244 1601 ldmlaopt
278 1539 309 1583 aa
341 1521 417 1585 siclt
449 1540 505 1584 oos
538 1524 593 1583 oie
626 1526 674 1586 ein
707 1521 894 1586 edristlr‘cdes
916 1522 1106 1586 Seitrmtdrlr
1126 1543 1199 1587 ram
1220 1526 1335 1589 dritten

61 1621 162 1686 mete
182 1623 234 1686 des
256 1621 387 1702 Moyses.
430 1624 472 1685 lle
493 1623 597 1685 morde
618 1643 678 1686 ooo
691 1624 926 1691 dalmatarum
945 1624 1163 1705 praesentialis
1185 1627 1332 1706 cersosst,

62 1725 139 1787 &aa
168 1725 216 1786 die
237 1724 393 1787 nationale
414 1723 584 1804 Biriciana
605 1726 666 1805 aas
683 1726 736 1788 dor
758 1725 819 1788 alto
843 1724 1010 1789 Testameot
1031 1730 1100 1789 tritt
1120 1727 1242 1789 dierall
1263 1728 1333 1791 ler-

60 1844 133 1888 oor:
172 1823 422 1888 Heideoelristea
443 1827 576 1889 laomen
597 1825 661 1888 siet
681 1827 764 1889 aicit
785 1827 832 1889 ala
854 1826 1073 1908 ddldmmlirrge
1095 1828 1157 1906 aas
1174 1828 1231 1890 dere
1244 1826 1335 1893 Voter
1360 1819 1363 1828 ¹

60 1926 215 1989 Abrohom
236 1926 377 1989 decredere
398 1928 462 1989 aad
483 1928 585 1998 litteo,
607 1930 640 1988 in
657 1933 759 1990 ericen
774 1927 887 1992 Sadoos
902 1928 1130 2007 aufperommen
1144 1947 1185 1991 aa
1201 1930 1331 1992 worden.

57 2027 259 2108 Dergleiairen
291 2027 414 2109 speciell
439 2027 579 2106 jddr‘sche
601 2029 678 2109 ldae
706 2030 775 2091 sind
801 2028 875 2090 niele
897 2032 929 2089 io
951 2029 1015 2089 dem
1040 2028 1174 2090 Werlre.“
1217 2029 1332 2101 Quodsi

57 2128 197 2190 lubenter
225 2129 414 2191 concedimus
440 2128 563 2191 multum
594 2147 663 2192 esse
685 2128 913 2192 necessitudinis
935 2137 965 2189 et
986 2128 1201 2191 coniunctionis
1222 2128 1332 2192 Missae

59 2229 227 2289 Gallicanae
251 2232 320 2307 (nec
345 2248 406 2291 non
428 2229 640 2292 Ambrosianus
668 2238 697 2292 et
718 2228 927 2303 Monarchicac)
956 2247 1022 2290 cum
1049 2227 1240 2303 clementina,
1274 2230 1332 2292 hoc
1463 2251 1469 2278 ·

63 2337 268 2408 argumentum
297 2331 376 2410 quod
398 2330 435 2391 alr
453 2328 684 2410 patriarcharum
708 2338 738 2392 et
758 2330 968 2410 prophetarum
991 2330 1133 2392 memoria
1154 2331 1330 2393 arcessitum

58 2440 118 2504 est,
149 2448 209 2492 nou
234 2431 424 2511 suscipimus.
467 2430 543 2494 Num
571 2430 698 2493 iudaizat
729 2431 871 2493 hodierna
893 2422 1024 2493 Romana
1058 2431 1193 2507 ecclesia,
1221 2432 1330 2513 depre-

55 2552 127 2595 cans
151 2533 181 2594 in
204 2533 294 2595 Missa
316 2550 371 2613 pro
394 2533 555 2594 defunctis:
579 2564 619 2577 —
649 2543 677 2594 et
699 2543 823 2595 sanctus
847 2530 975 2595 Miclael
995 2544 1202 2614 repraesentet
1224 2553 1275 2596 aaa
1296 2540 1331 2597 iro

57 2636 156 2698 lucem
178 2647 323 2708 sanctam,
346 2655 434 2717 paam
450 2635 519 2698 ole‘m
529 2638 704 2715 promisisti
716 2635 855 2696 Abrahae
869 2643 898 2696 et
909 2639 1016 2696 semim·
1029 2633 1116 2696 eius?
1144 2635 1188 2696 dn
1203 2635 1330 2698 ludaeo-

57 2737 262 2798 Christianum
284 2756 318 2799 se
339 2738 495 2818 profitetur
517 2736 654 2798 sacerdos
678 2737 798 2816 sponsis
820 2735 1037 2798 benedicendo:
1065 2734 1148 2798 Deos
1168 2736 1330 2812 dirutam,

56 2838 149 2902 Isaac
168 2850 198 2901 ct
220 2837 309 2902 lacad
331 2845 371 2902 sit
392 2841 647 2902 vobiscum-sit
668 2857 781 2918 sponsa
801 2837 939 2900 amabilis
961 2847 996 2898 ot
1010 2835 1131 2909 Rachel,
1153 2842 1274 2919 sopiens
1296 2850 1332 2903 at

54 2940 196 3013 letam
220 2940 365 3020 longaeva
386 2954 415 3005 et
434 2941 534 3022 fidelia
556 2938 691 3002 otSara.
716 2939 790 3011 Quis
813 2939 932 3018 inquam
954 2938 1140 3000 lutheranae
1161 2942 1329 3021 poetaslu·

54 3042 162 3104 daismi
186 3050 313 3114 accuset,
337 3048 502 3103 cantantes:
526 3041 573 3103 Da
587 3042 631 3103 die
647 3040 848 3103 Patriarcden
863 3040 997 3112 modurn,
1022 3042 1068 3102 die
1082 3039 1254 3120 Propterea
1269 3042 1337 3104 oli.

53 3143 170 3215 semol,
194 3142 254 3204 rel:
275 3141 394 3223 Spracir
414 3146 468 3204 mit
486 3140 629 3224 Triumpl
643 3143 706 3204 ond
720 3141 862 3223 Pronoea
878 3143 931 3204 der
952 3141 1174 3214 „reiterasset
1191 3143 1273 3205 aicit
1288 3175 1329 3188 -

54 3245 117 3308 rel:
147 3244 207 3306 Wr'e
226 3243 351 3326 pldazte
373 3243 472 3307 Moses
487 3243 571 3306 Huat
592 3243 638 3305 als
662 3261 697 3304 er
720 3244 767 3306 dei
780 3244 851 3306 Gott
871 3262 1005 3324 genesen
1025 3243 1090 3305 aad
1112 3246 1213 3306 amoro
1229 3244 1329 3307 Glanr

54 3342 225 3426 suchart?
246 3345 366 3407 Minime
388 3363 470 3406 vero.
498 3344 684 3407 Patriarclrae
706 3354 736 3406 et
756 3344 921 3426 prophetae
934 3339 1019 3408 κατὰ
1035 3345 1167 3426 πνεῦμα
1182 3344 1328 3409 Christia-

54 3465 176 3522 norum‚
199 3447 250 3526 qui
271 3464 374 3508 verum
396 3455 426 3508 et
447 3447 599 3527 spirituale
610 3445 700 3508 lsrael
715 3446 854 3520 efficiunt,
870 3447 972 3526 proavi
986 3455 1065 3520 sant,
1088 3447 1152 3508 iure
1168 3447 1197 3507 in
1213 3466 1330 3508 memo-

53 3551 99 3610 ria
122 3547 270 3610 retinendi
292 3566 326 3609 ac
348 3546 464 3610 colendi
485 3548 595 3628 pictate
616 3554 767 3628 nepotum.
812 3547 850 3609 Et
871 3557 984 3610 tantum
1006 3548 1089 3610 abest
1111 3555 1143 3609 ut
1167 3548 1329 3625 Liturgiam

54 3650 218 3712 Clementis
249 3648 396 3711 iudaizare
429 3649 543 3730 opiner,
577 3658 610 3711 ut
642 3666 706 3711 eam
727 3648 878 3711 Paulinam
911 3649 1035 3710 dixerim
1064 3649 1110 3711 vel
1142 3649 1173 3711 in
1205 3646 1330 3710 ecclesia

53 3751 176 3814 Paulina
191 3750 387 3832 progenitam.
404 3747 508 3812 Omnis
522 3751 599 3812 enim
616 3750 680 3812 eius
697 3750 823 3812 elocutio
837 3750 872 3810 ad
888 3769 1056 3812 sermonem
1063 3748 1145 3811 Pauli
1158 3766 1327 3811 accommo-

55 3853 120 3915 data
145 3861 202 3927 est,
223 3851 343 3933 plurimi
363 3850 556 3931 plurimarum
578 3853 746 3914 orationum
767 3850 849 3913 nervi
865 3870 882 3912 e
896 3850 979 3913 Pauli
995 3849 1127 3931 epistolis
1142 3851 1226 3930 petiti
1242 3858 1328 3914 sunl:

56 3955 148 4016 immo
178 3953 315 4033 singulae
342 3972 431 4015 voces
453 3962 524 4016 sunt
544 3972 617 4033 quas
638 3953 771 4032 liturgia
794 3951 935 4031 singulari
956 3952 1146 4014 veneratione
1166 3952 1327 4034 prosequi-

56 4064 111 4117 tur.
119 4056 143 4134 ¹)
188 4055 226 4117 Ut
247 4055 330 4117 brevi
352 4054 456 4128 dicam,
484 4056 591 4116 iterum
613 4055 777 4134 iterumque
799 4053 834 4115 ad
856 4053 1038 4115 Antiochiam
1058 4071 1242 4132 revocamur,
1273 4055 1328 4117 Li·

57 4158 168 4237 tnrgiae
190 4155 390 4218 clementinas
410 4156 511 4218 sedem
532 4157 681 4236 propriam
704 4164 734 4218 et
753 4155 888 4236 patriam.

139 4259 260 4319 lamiam
280 4254 348 4337 ipsa
370 4257 502 4338 Liturgia
525 4258 668 4337 sequitur,
691 4257 868 4337 scriptorum
893 4254 1084 4317 Orientalium
1108 4257 1215 4320 saeculi
1229 4257 1328 4338 quarti

140 4478 165 4539 t)
183 4477 213 4528 llt
230 4478 300 4529 locus
318 4475 398 4528 deor.
417 4478 466 4539 7‚1
485 4479 611 4544 septies
630 4478 653 4527 iu
671 4478 775 4542 liturgia
794 4478 888 4541 legitur.
