3044 4912
720 239 794 313 336

204 414 290 492 Είτα
314 414 512 511 μνημονεύει
536 417 594 488 καὶ
621 409 667 488 ὧν
691 416 851 507 βούλεται
877 415 1005 502 ζώντων
1037 417 1073 488 άν
1105 415 1206 510 ἑτέρᾳ
1235 414 1358 508 σφραγίίιΙ

121 521 277 605 ῶςαάτως
302 521 360 590 καί
386 517 504 612 τίθησι
529 518 590 600 τὰς
615 520 755 607 μερίδας
780 521 816 591 ἐν
841 527 889 612 τῷ
916 517 1070 589 κάτωθεν
1096 518 1194 609 μέρει
1220 526 1277 586 τοῦ
1294 516 1358 606 άγίυι

122 619 225 715 άρτου
256 621 365 712 ῶςπερ
393 621 450 691 καὶ
475 618 495 693 δ
524 618 631 709 ἱερεὺς
650 622 708 692 καί
726 621 838 709 λαβὼν
858 622 918 712 τὴν
938 628 1067 709 μοῦσαν
1087 621 1261 690 συστέλλει
1278 620 1326 701 τὰς
1378 658 1380 669 ‹

122 733 171 817 τῷ
193 723 294 814 δίσκῳ
314 720 453 811 μερίδας
474 719 633 793 ὑποκάτω
653 731 715 794 τοῦ
736 721 831 813 άγίοο
853 718 966 814 άρτου,
989 720 1072 804 δίςτε
1092 717 1181 793 είναι
1201 722 1237 793 άν
1251 717 1312 813 δσρ

122 827 244 917 καὶμὴ
268 827 418 896 ἐκπεσεῖν
439 851 484 894 τι.

208 1017 266 1090 XI·
303 1023 434 1098 Εἶτα<
415 1055 434 1099 ο
464 1026 617 1152 διάκρνος
637 1027 805 1114 λαβὼν
769 1053 809 1097 το
830 1025 1056 1120 θυμιατήριον
1075 1055 1135 1097 και
1123 1023 1359 1127 “βειθυμίαμα

124 1130 190 1199 λῶν
210 1126 309 1200 ἐν’
268 1136 358 1220 αυτῷ
379 1128 469 1218 λέγει
489 1128 576 1221 πρὸς
595 1128 653 1198 τὸν
676 1126 783 1217 ιερέα·

207 1230 424 1337 Εὐλόγησον
450 1232 610 1308 δέσποτα
636 1231 679 1307 τὸ
697 1230 888 1330 θυμίαμα.

379 1362 490 1434 Καὶ(
472 1391 490 1455 ο
514 1363 619 1455 λερεδς
639 1364 699 1454 τὴν
720 1362 815 1454 εὐχὴν
835 1371 895 1433 τοῦ
916 1362 1144 1452 θυμιάματος

213 1466 430 1566 Θυμίαμά
457 1493 530 1544 σοι
555 1468 880 1596 προςφίρομεν
903 1469 1088 1567 Χριστεε
1070 1468 1200 1556 οθεδς
1224 1469 1362 1568 ἦιιῶνιλς

127 1570 247 1667 δομὴν
280 1569 438 1654 εὐωδίας
470 1580 736 1668 πνευματικῆς,
779 1568 799 1645 δ
833 1568 1208 1701 προςδεξάμενος
1246 1578 1305 1656 είς
1333 1567 1364 1643 τί

127 1668 476 1798 δπερουράνιόν
517 1697 601 1747 σου
633 1670 1004 1772 θυσιαστήριον,
1047 1671 1365 1767 άντικατάπεμ

126 1795 218 1872 ψον
252 1772 364 1870 ἡμῖν
398 1773 484 1871 τὴν
515 1770 657 1874 χάριν
692 1781 773 1851 τοῦ
809 1774 1045 1879 παναγίου
1083 1799 1166 1851 σου
1192 1772 1367 1871 πνεύμο

127 1904 205 1961 τος
231 1878 303 1972 (Μο.
324 1880 370 1976 6).

649 1990 687 2060 ‘0
710 1989 874 2073 διάκονος.

217 2101 292 2170 Τοῦ
317 2093 460 2195 Κυρίου
486 2094 695 2194 δεηθῶμεν.

129 2243 199 2314 Καὶ
227 2242 245 2313 δ
275 2243 380 2336 ἱερεὺς
408 2245 580 2335 θυμιάσας
607 2246 665 2315 τὸν
692 2243 885 2334 άστερίοκον
914 2244 1047 2337 τίθησιν
1074 2244 1189 2315 ἐπάνω
1218 2251 1278 2314 τοῦ
1301 2238 1369 2332 άγίον

644 2343 745 2438 άρτου
769 2347 893 2436 λέγων·

212 2450 287 2526 Καὶ
311 2449 438 2529 ε’λθῶν
464 2451 484 2526 δ
511 2451 627 2552 ἀστὴρ
654 2455 739 2549 ἔστη
766 2448 891 2528 ἐπάνω
918 2444 964 2526 οὗ
988 2447 1036 2548 ἦν
1061 2450 1105 2527 τδ
1131 2450 1293 2530 παιδίον.

657 2599 695 2670 Ὁ
717 2599 881 2681 διάκονος.

219 2711 294 2779 Τοῦ
320 2704 462 2804 Κυρίου
490 2706 698 2802 δεηθῶμεν.

129 2853 167 2921 ‘O
196 2851 302 2942 ἱερεὺς
328 2861 460 2940 θυμιῶν
487 2855 525 2923 τὸ
553 2862 686 2943 πρῶτον
712 2853 883 2941 κάλυμμα,
912 2851 1070 2937 σκεπάζει
1095 2854 1153 2933 τὸν
1183 2853 1277 2942 άγιον
1304 2847 1378 2938 άρτοί

568 2957 626 3024 σὺν
647 2962 695 3046 τά
717 2957 818 3047 δίσκῳ
841 2957 961 3045 λέγων·

212 3060 255 3136 0
281 3057 418 3156 Κύριος
443 3060 755 3160 ἐβασίλευσεν,
719 3090 936 3189 ευπρεπειαν
962 3057 1176 3148 ενεδάοατο,
1206 3055 1381 3136 ἐνεδύσατο

134 3157 271 3259 Κύριος
306 3161 472 3290 δύναμιν
510 3161 574 3237 καὶ
608 3159 863 3260 περιεζώσατο.
917 3163 991 3237 Καὶ
1026 3162 1099 3295 γὰρ
1136 3162 1303 3261 ἐστερησε
1334 3156 1381 3252 τὴν

136 3262 374 3359 ολκουμενην,
411 3264 490 3360 ἥτις
526 3266 570 3340 οὐ
608 3261 886 3391 σαλευθήοετριι.
952 3272 1013 3362 Τῷ
1050 3271 1140 3393 οίκῳ
1178 3290 1248 3341 σου
1283 3261 1381 3381 πρὲπυ

136 3363 316 3492 ἁγίασιιρι,
350 3363 476 3464 Κύριε,
510 3373 560 3450 εἰς
591 3364 804 3464 μακρότητα
837 3367 999 3496 ἡμερῶν,
1033 3365 1205 3493 πάντοτε,
1240 3375 1312 3443 νῦν
1339 3356 1381 3438 καί

136 3465 206 3555 ἇει,
233 3466 483 3551 καλεῖτετοὺς
508 3474 647 3553 οιιῶνας
672 3476 750 3544 τῶν
776 3466 941 3558 αἰώνων,
985 3465 1113 3564 Ἀμήν.

222 3742 279 3806 Cap.
298 3743 336 3792 xl.
371 3743 397 3791 P.
421 3741 483 3792 haud
503 3742 603 3791 dissidet
622 3757 633 3789 υ
652 3742 746 3805 vulgato
766 3756 842 3805 neque
861 3742 886 3792 C.
906 3743 929 3790 in
948 3741 1096 3804 gravioribus
1115 3741 1244 3806 discrepat.
1263 3767 1296 3777 -
1313 3748 1380 3782 -211

139 3823 169 3873 εί
186 3821 262 3890 ἔχει
279 3819 441 3891 άσιερίσκον
459 3826 567 3888 τίθησιν
585 3823 631 3873 καὶ
649 3820 733 3874 αὐτὸν
750 3820 874 3892 ὕπερθεν
891 3822 939 3873 τοῦ
956 3822 1054 3874 δίσκου
1072 3852 1105 3861 -
1123 3852 1156 3862 -
1174 3816 1233 3874 εἶτα
1250 3822 1354 3882 θυμιῶν
1368 3831 1381 3866 υ

138 3910 211 3974 μέγα
230 3908 391 3975 είλιμμένον
408 3907 456 3958 κοιλ
472 3909 616 3975 τιθέμενος
633 3905 765 3976 ἐπίμηκες
780 3909 867 3975 λέγει·
886 3901 1027 3975 ἐκάλυψεν
1045 3909 1100 3961 κτλ.
1127 3911 1155 3959 Μ.
1176 3912 1203 3960 C.
1221 3911 1278 3960 Ven.
1289 3909 1333 3960 6θῖ
1350 3906 1381 3955 λοι

139 3995 231 4055 giorem
251 3996 339 4044 faciunt
357 3997 490 4044 orationem
513 3988 693 4061 θυμιάματος
710 4022 741 4031 -
759 4022 793 4031 -
810 3987 1061 4061 άντικατάπεμιμον
1077 3987 1145 4062 ἡμῖν
1162 3984 1284 4044 πλούσια
1304 3988 1333 4042 τά
1347 3983 1381 4039 ίλί

139 4088 199 4140 σου,
226 4076 273 4126 κτιλ
295 4074 355 4134 τοὺς
373 4070 527 4146 οἳκτιρμοάς
544 4091 603 4141 σου,
627 4078 675 4128 καὶ
692 4073 814 4146 δῶρησαι
832 4074 899 4146 ἡμῖν
917 4071 987 4127 αὐτοὶ
1005 4080 1061 4135 τοῖς
1078 4070 1186 4134 δούλοις
1203 4090 1257 4128 σου
1276 4081 1331 4134 τοῖς
1347 4071 1381 4125 lm

139 4159 320 4227 καλουμένοις
343 4156 372 4212 τὸ
396 4156 486 4230 ὄνομά
512 4175 563 4213 σου
586 4163 634 4213 τοῦ
656 4159 768 4234 πατρὸς,
790 4161 903 4213 καὶτοῦ
920 4162 988 4226 υἱοῦ,
1012 4162 1124 4213 καὶτοῦ
1142 4157 1225 4228 άγίου
1244 4158 1379 4231 πνεύματι

139 4237 267 4309 πάντοτε,
290 4245 340 4297 νῦν
363 4245 411 4295 καί
432 4242 485 4310 άεὶ,
510 4246 557 4296 καὶ
579 4247 618 4305 εἰς
640 4242 700 4305 τοὺς
716 4248 819 4306 αἰῶνας
836 4247 891 4297 τῶν
908 4240 1027 4300 αἰώνων.
1049 4237 1146 4315 Ἀμήν.
1182 4250 1307 4314 Deinceps
1324 4247 1380 4300 εδδσ

140 4333 205 4380 voci:
223 4330 268 4378 καὶ
288 4327 378 4380 ἰλθών
396 4328 410 4381 ὁ
430 4326 557 4395 άστήρ-
569 4327 687 4384 πάντοτε
705 4332 757 4384 νῦν
773 4332 821 4383 καὶ
838 4328 962 4386 ἀείκτλ..·
982 4336 1065 4386 eadem
1085 4336 1206 4385 adiecerat
1224 4336 1331 4386 orationi
1348 4345 1381 4383 συ

140 4426 231 4463 παοον
247 4408 319 4482 ἡμᾶς
336 4413 367 4466 ίν
384 4414 415 4486 τῇ
432 4421 519 4487 σκευῇ
536 4417 590 4468 τῶν
607 4434 651 4471 nr.
669 4431 720 4470 σου
739 4412 753 4469 ὁ
775 4417 842 4477 Θεὸς
859 4413 946 4483 ἡμῶν,
961 4422 1005 4472 sed
1022 4421 1117 4472 silentio
1136 4423 1335 4486 praetermittunt
1352 4434 1381 4486 qu

140 4507 280 4562 sequuntur.
