3044 4912
737 260 846 370 ω’

123 509 175 553 νοι
198 485 278 564 εἰσί,
315 483 427 562 κοινάς
455 477 549 566 εὐχάς
570 479 789 568 ποιησόμενοι
814 476 899 564 ῦπίρ
927 504 964 546 τε
986 479 1110 547 ἑαυτῶν
1131 482 1184 546 καὶ
1207 481 1266 546 τοῦ
1290 503 1397 568 φωτι-

124 593 265 665 σθέντος
286 588 339 652 καλ
363 584 470 652 άλλων
492 585 660 666 πανταχοῦ
682 581 818 650 πάντων
841 576 994 661 εὐτόνως,
1019 577 1112 660 ὅπως
1134 583 1395 666 καταξιωθῶμεν

123 688 166 755 τὰ
188 684 298 775 ἀληθῆ
325 685 492 772 μαθόντες
520 687 573 751 καί
597 679 644 751 δι’
670 685 770 771 ἔργων
799 679 921 770 άχαθοί
950 685 1143 751 πολιτευταλ
1170 682 1225 749 καὶ
1253 684 1396 770 φύλακες

123 794 190 858 τῶν
212 790 448 873 ἐντεταλμένων
471 783 655 874 εὑρεθῆναι,
680 783 775 865 ὅπως
795 785 853 873 τὴν
876 783 1010 852 αἰώνιον
1033 791 1196 872 σωτηρίαν
1219 788 1393 869 σωθῶμεν.

125 898 154 958 2.
169 886 346 979 Ἀλληλοος
361 888 522 978 φιλήματι
537 883 761 972 ἀσπαζόμεθα
776 887 985 971 παυσάμενοι
998 890 1064 953 τῶν
1080 883 1189 970 εὐχῶν.
1221 892 1249 954 3.
1260 883 1396 953 Ἔπειτα

124 998 351 1080 προσφέρεται
371 994 418 1078 τηῦ
441 993 629 1076 προεστῶτι
649 993 715 1056 τῶν
738 985 891 1077 ἀδελφῶν
914 986 1012 1074 άρτος
1031 991 1085 1055 καὶ
1100 989 1260 1076 ποτήριον
1275 985 1395 1067 ῦδατος

124 1092 179 1160 καὶ
200 1093 409 1179 κράματος,’)
442 1090 498 1158 καὶ
527 1081 621 1170 οὗτος
650 1090 776 1176 λαβὼν,
811 1085 903 1158 αἶνον
931 1093 984 1156 καλ
1014 1089 1112 1170 δόξαν
1134 1095 1180 1178 τῷ
1203 1089 1308 1177 πατρὶ
1329 1092 1395 1157 τῶν

125 1191 224 1275 ὅλων,
260 1193 317 1261 διά
343 1196 402 1259 τοῦ
432 1189 594 1277 ὀνόματος
621 1196 679 1258 τοῦ
709 1193 781 1259 υἱοῦ
807 1194 862 1259 καλ
894 1195 953 1257 τοῦ
982 1193 1168 1276 πνεύματος
1201 1197 1260 1259 τοῦ
1290 1190 1394 1278 ἁγίου,

124 1291 316 1380 άναπίμπει
347 1297 400 1361 καὶ
437 1290 643 1381 εὐχαριστίαν
674 1290 758 1381 ὑπὲρ
791 1298 851 1360 τοῦ
889 1295 1119 1381 κατηξιῶσθαι
1151 1294 1275 1360 τούτων
1308 1289 1392 1380 παρ’

125 1393 225 1463 αὐτοῦ
255 1397 311 1463 ἐπὶ
341 1395 457 1476 notin)
485 1406 643 1462 ποιεῖται.
695 1385 733 1461 οὗ
761 1396 1014 1474 συντελέσαντος
1041 1395 1101 1475 τὰς
1129 1391 1223 1479 εὐχὰς
1255 1398 1310 1461 καὶ
1338 1395 1397 1481 τὴν

125 1493 347 1582 εὐχαριστίαν,
382 1492 490 1575 πᾶςό
517 1496 634 1583 παρῶν
665 1497 745 1576 λαὸς
772 1497 958 1584 ἐπευφημεῖ
986 1498 1102 1582 λέγων,
1130 1492 1242 1584 Ἀμήν.
1290 1497 1338 1563 Τὸ
1362 1498 1397 1565 δὲ

125 1597 209 1685 ἀμην
231 1602 271 1686 τῇ
290 1594 435 1684 Ἐβραΐδι
458 1602 551 1686 φωνῇ
573 1597 612 1664 τὸ
631 1605 758 1685 γίνοιτο
781 1606 941 1686 σημαίνει.
980 1607 1010 1666 4.
1034 1594 1339 1685 Εὐχαριστησαντος
1362 1601 1398 1667 δὲ

124 1705 183 1766 τοῦ
205 1704 425 1786 προεστῶτος,
448 1703 502 1766 καλ
525 1700 818 1788 ἐπεοφημήσαντος
841 1701 966 1779 παντὸς
987 1705 1046 1767 τοῦ
1070 1702 1159 1781 λαοῦ,
1184 1701 1216 1766 ολ
1237 1700 1398 1786 καλούμε-

125 1826 178 1869 νοι
199 1798 283 1888 παρ’
306 1799 385 1889 ἡμῖν
407 1801 556 1868 διάκονοι
584 1801 734 1867 διδόασιν
768 1801 893 1888 ἑκάστῳ
915 1806 981 1869 τῶν
1003 1801 1178 1889 παρόντων
1200 1805 1398 1890 μεταλαβεῖν

125 1899 195 1972 άπὸ
216 1908 275 1970 τοῦ
299 1899 592 1990 εὐχαριστηόέντος
613 1901 713 1989 άρτοο
741 1907 795 1970 καὶ
825 1904 916 1971 οἴνου
945 1906 998 1971 καὶ
1027 1901 1156 1983 ὕδατος,
1190 1907 1243 1971 καλ
1266 1917 1339 1984 τοῖς
1361 1899 1397 1971 οὐ

125 2009 291 2091 παροῦσιν
314 2000 562 2095 ἀποφέρουσιθ)
602 2007 667 2071 Καὶ
689 2001 709 2093 ἡ
731 2005 838 2093 τροφὴ
861 2002 941 2093 αῦτη
964 2007 1114 2073 καλεῖται
1136 2001 1220 2093 παρ’
1244 2002 1323 2093 ἡμῖν
1346 2003 1398 2074 εὐ-

122 2115 293 2194 χαριστία,
331 2098 370 2195 ἧς
392 2103 499 2175 οὐδενὶ
523 2105 611 2195 άλληι
639 2111 811 2191 μετασχεῖν
839 2107 911 2188 ἐξόν
940 2107 1045 2189 ἐστιν,
1082 2102 1104 2197 ἢ
1132 2112 1178 2194 τῷ
1207 2109 1399 2176 πιστεύοντι

126 2203 235 2299 άληθῆ
259 2205 407 2278 εἶναιτὰ
430 2210 644 2296 δεδιδαγμίνα
666 2203 725 2297 ὐφ’
751 2205 859 2296 ἡμῶν,
883 2211 937 2276 καὶ
954 2211 1144 2297 λουσαμένη)
1160 2209 1198 2276 τὸ
1214 2205 1298 2296 ῦπὲρ
1315 2204 1397 2299 άφέ-

126 2318 209 2391 σέως
231 2309 400 2399 άμαρτιῶν
421 2311 477 2378 καὶ
500 2312 545 2391 εἷς
568 2306 778 2398 άναχίννησιν
801 2309 952 2398 λουτρὸν,
987 2314 1042 2377 καλ
1071 2308 1176 2390 οῦτως
1203 2315 1332 2396 βιοῦντι
1354 2307 1400 2391 ῶς

125 2409 144 2480 ὁ
166 2413 314 2500 Χριστὸς
335 2415 534 2498 παρέδωκεν.
595 2408 642 2479 Οὐ
663 2412 724 2498 γὰρ
748 2407 793 2490 ῶς
813 2411 922 2479 κοινὸν
945 2411 1045 2499 άρτον
1073 2409 1150 2480 οὐδὲ
1172 2413 1280 2479 κοινὸν
1302 2412 1399 2496 πόμα

124 2519 229 2581 ταῦτα
251 2514 473 2598 λαμβάνομεν,
512 2508 585 2579 ἀλλ’
612 2512 649 2579 ὃν
670 2512 796 2598 τρόπον
825 2512 881 2580 διὰ
908 2513 1006 2600 λόγου
1030 2518 1116 2581 Θεοῦ
1137 2517 1399 2602 σαρκοποιηθελς

122 2610 244 2702 Ἰησοῦς
267 2614 414 2701 Χριστός
443 2611 460 2680 ό
490 2613 597 2700 σωτὴρ
630 2611 797 2700 ἡμῶνκαὶ
821 2615 925 2702 σάρκα
947 2621 1000 2683 καὶ
1023 2612 1106 2700 αἷμα
1128 2612 1211 2702 ὑπὲρ
1235 2624 1398 2704 σωτηρίας

125 2712 217 2802 ἡμῶν
247 2717 352 2799 ἐ’σχεν,
387 2713 491 2795 οῦτως
518 2718 571 2782 καὶ
596 2714 658 2801 ,τὴν
682 2711 727 2782 δι’
758 2711 851 2804 εὐχῆς
873 2719 970 2805 λόγου
992 2722 1050 2784 τοῦ
1073 2713 1155 2804 παρ’
1181 2713 1280 2783 αὐτοῦ
1304 2713 1397 2800 εὐχα-

127 2823 344 2903 ριστηδεῖσαν
366 2818 491 2905 τροφὴν
515 2817 550 2897 ἐξ
570 2806 608 2904 ἧς
631 2812 713 2901 αἷμα
735 2821 787 2884 καὶ
811 2818 928 2906 σάρκες
950 2818 1033 2887 κατὰ
1052 2818 1237 2905 μεταβολὴν
1259 2826 1399 2908 τρέφον-

126 2943 182 2984 ται
203 2914 310 3004 ἡμῶν,
345 2917 466 2984 ἐκείνου
494 2923 553 2985 τοῦ
582 2926 887 3007 σαρκοποιηδίντος
906 2916 1008 3007 Ἰησοῦ
1036 2926 1088 2987 καὶ
1114 2920 1217 3006 σάρκα
1238 2925 1292 2987 καὶ
1316 2918 1399 3005 αἷμα

127 3019 346 3107 ἐδιδάχθημεν
369 3015 493 3101 einais)
544 3021 585 3087 Οἱ
607 3022 667 3107 γάρ
691 3017 877 3089 άπόοτολοι
899 3022 933 3089 ἐν
954 3034 1026 3103 τοῖς
1047 3030 1233 3108 γενομένοις
1254 3017 1315 3088 ὐπ’
1341 3018 1399 3089 αὐ-

127 3212 265 3262 Gehrtuche
284 3211 416 3261 sentiessen
436 3210 543 3260 nolite.“
579 3212 699 3274 Singulari
717 3228 773 3263 curn
793 3213 860 3264 iocus
881 3215 964 3264 iustini
982 3214 1116 3264 iliustratus
1135 3222 1171 3263 est
1189 3229 1201 3263 α
1217 3213 1283 3264 Chr.
1304 3215 1398 3265 Gotti.

126 3295 245 3357 Bnnger
271 3297 403 3359 Antiquitas
430 3296 549 3357 Litnngine
573 3297 891 3360 &angelico-Lnthennnne
921 3313 948 3347 ex
976 3299 1066 3348 tustino
1095 3307 1197 3362 martyre
1226 3299 1400 3348 demonstrata.

126 3381 200 3429 Viteb.
211 3381 283 3430 1755.
302 3381 326 3429 t.
363 3380 455 3430 ianus
474 3381 557 3431 instini
575 3381 683 3444 Martyris
702 3383 731 3432 de
750 3385 827 3433 sacris
846 3384 1035 3434 Christianorum
1054 3383 1157 3447 publicis
1175 3383 1287 3432 nnn-atio.
1324 3383 1399 3432 iintne

127 3465 200 3514 1725.
219 3464 242 3514 8,
278 3465 418 3514 Recentiote
444 3472 552 3529 tempore
576 3467 653 3516 insius
678 3468 761 3517 tustini
780 3468 908 3530 Liturginm
935 3467 1085 3518 illustrarunt
1108 3469 1319 3530 Dttliingenus
1346 3469 1399 3528 (Die

126 3549 275 3600 Eucharistie
299 3551 322 3599 in
348 3549 393 3599 den
412 3559 493 3599 ersten
513 3551 563 3599 diei
579 3550 782 3609 inhnhnndenteni
809 3561 831 3602 et
856 3551 1042 3614 Htiiingins
1069 3554 1122 3614 (Die
1140 3552 1216 3601 [τότε
1235 3554 1277 3601 der
1296 3552 1398 3602 nitesten

125 3635 210 3684 Kirche
229 3650 281 3684 vom
301 3635 377 3699 Ορίετ
395 3637 426 3684 im
445 3635 524 3685 Leben
543 3636 591 3684 nnd
611 3636 694 3686 Cnitns
713 3638 756 3687 den
771 3637 900 3696 Christen).
934 3637 962 3686 tt
979 3652 1034 3686 vern
1054 3652 1106 3686 enm
1126 3645 1226 3701 uterque
1245 3637 1307 3685 hand
1328 3651 1400 3699 μτοτ-

86 3716 90 3722 ’
125 3733 167 3768 sne
185 3719 279 3769 alienun
297 3719 328 3768 sit
341 3736 354 3770 a
367 3721 470 3783 partium
489 3721 577 3780 studio,
596 3722 662 3770 omni
681 3723 791 3770 cantione
810 3721 959 3784 prohibenda
978 3729 1015 3770 est
1032 3721 1061 3770 ab
1075 3723 1167 3770 sincera
1188 3722 1297 3782 liturgiae
1311 3723 1398 3770 veteris

125 3804 304 3866 investigatione
324 3804 501 3855 catholicorum
521 3814 543 3854 et
561 3806 745 3855 Protestnntium
766 3807 850 3855 invidia
870 3806 1000 3855 etodium.

159 3912 162 3917 >
197 3889 219 3945 l)
239 3889 352 3938 irenaeus
362 3890 386 3949 t,
399 3889 427 3938 2:
446 3885 611 3955 κεκραμένον
622 3883 756 3958 ποτήριον
773 3891 808 3950 tv,
820 3892 867 3940 57:
887 3898 1168 3955 temperamentum
1189 3889 1269 3939 calicis
1285 3916 1316 3926 ·-
1327 3904 1398 3938 suum

126 3973 265 4034 sangninem
286 3975 439 4023 confirmavit.

195 4055 220 4111 2)
239 4057 371 4108 Bnhmer
389 4059 405 4106 Ι.
418 4074 438 4107 c.
456 4075 480 4123 p.
491 4058 539 4108 373
559 4060 619 4118 „tnit
636 4059 864 4109 tustntntichtett.“

194 4141 220 4201 3)
238 4142 352 4192 irenaeus
371 4159 408 4207 ep.
428 4144 456 4192 nd
475 4144 530 4192 Vict
550 4144 646 4203 (Euseb.
666 4143 757 4202 mit:
782 4144 839 4196 τοῖς
862 4135 915 4191 άπὸ
940 4142 996 4191 τῶν
1013 4142 1165 4209 παροικιῶν
1181 4137 1303 4211 ἔπεμπον
1321 4134 1399 4209 εἶχα-

126 4221 235 4291 ριστίαν
252 4228 388 4291 (pontifices
407 4236 460 4276 nnte
477 4229 613 4286 Victorem).

193 4311 218 4368 tt
243 4312 388 4361 Neander
411 4313 536 4374 itincheng.
555 4315 571 4362 t.
592 4313 642 4363 584
669 4313 718 4371 „Es
743 4313 803 4362 kann
829 4315 895 4373 sein,
920 4313 975 4363 dnss
1001 4314 1039 4363 die
1056 4315 1288 4376 Einsetznngswotte
1313 4316 1336 4363 in
1356 4315 1399 4363 dns

126 4394 264 4457 Dnnkgeiiet
287 4398 329 4446 mit
352 4397 494 4445 nenssoehten
520 4399 625 4448 munden.
667 4398 693 4446 ln
717 4397 763 4447 den
781 4398 878 4448 Wnnten
903 4399 941 4448 bei
958 4399 1081 4449 Firmiiinn
1101 4401 1169 4462 cypr.
1190 4400 1272 4462 σμ’ίῦ
1292 4400 1399 4448 ‘innoce-

124 4479 189 4528 tione
208 4496 254 4529 non
274 4481 431 4530 contemtibiti
448 4483 598 4531 sanctificare
615 4497 701 4546 panem
721 4491 744 4532 et
762 4483 930 4534 eucharistiam
948 4485 1037 4535 incere‘
1055 4484 1112 4546 iiegt
1124 4482 1399 4534 wohinnhrscheiniieh

126 4563 169 4615 der
186 4565 276 4628 Benniff
290 4566 357 4614 einer
375 4566 557 4629 Consecrntiom
584 4567 697 4619 nodnrch
716 4584 759 4620 nne
777 4569 831 4620 dem
846 4552 1030 4632 nentthnlichen
1048 4570 1119 4620 Brute
1137 4569 1285 4620 Abendmahi
1303 4567 1398 4618 ward.“
