3044 4912
576 264 650 337 205

104 445 255 508 scitantur
270 453 300 508 ιι
313 464 363 508 res
375 447 475 510 dirius
489 449 652 529 peragitur,
675 448 811 513 revoluto
822 450 889 513 volo
902 450 1045 533 adaperte
1057 453 1253 535 conspicitur,

105 565 115 609 r
131 565 254 628 semper
268 547 427 623 obseratis,
444 550 496 630 qui
511 551 720 630 tantummodo
735 553 854 615 exeunti
869 553 916 615 rel
928 553 1091 618 introeunti
1104 557 1253 620 sacerdoti

105 666 174 721 ono,
197 667 265 711 cum
279 650 310 711 id
327 668 376 712 res
392 650 598 715 ecclesiastica
619 652 760 733 postulet.
781 663 964 719 reserantur.
986 656 1254 739 Preetercalmpc·
1305 658 1310 665 ’

105 768 161 812 :um
174 768 290 813 sacrem
306 750 489 814 oblationem
505 753 567 815 Deo
583 754 738 817 oblaturus
753 755 798 816 rol
815 774 932 818 sacram
948 759 1190 821 communionem
1205 778 1253 822 re-

105 871 115 914 s
131 852 297 915 secesserit
312 870 398 914 sacra
414 855 500 933 adyta
516 854 648 918 intrandi
660 856 749 919 ιιιιιι·
759 857 896 920 facultas.
918 857 952 920 ln
964 858 1041 921 loeta
1051 878 1121 921 vcro
1131 860 1252 923 llo-ini

105 952 197 1016 uione
219 962 252 1015 et
263 971 320 1033 per
332 953 473 1017 Octavam
488 955 692 1036 bipatentibus
708 958 805 1038 portis
821 960 995 1021 continuum
1010 977 1045 1023 se
1060 960 1252 1040 conspicien-

105 1053 192 1117 eebet
206 1055 336 1133 adytum.
365 1055 398 1117 ln
421 1055 490 1136 ipso
511 1056 646 1119 tabulato
661 1057 808 1136 imagines
824 1058 946 1128 Christi,
962 1059 1092 1139 Virginis
1103 1061 1251 1141 Deiparss

105 1174 191 1218 orum
206 1156 375 1218 tutelarium
391 1157 529 1236 depictae
544 1165 632 1234 sunt3
654 1158 784 1239 telisque
800 1168 848 1222 cst
862 1177 965 1223 eorum
982 1162 1068 1235 ordo,
1091 1171 1123 1224 ut
1138 1162 1251 1225 Christi

104 1257 133 1319 is
165 1257 263 1335 imago
292 1257 331 1319 ad
358 1257 492 1320 dextram
526 1259 689 1322 adorandis
717 1279 838 1342 semper
859 1262 1073 1342 conspiciatur,
1106 1264 1249 1326 udextro

105 1367 287 1421 texturarum
309 1357 458 1420 valvarum
481 1359 584 1436 latere,
614 1361 764 1442 beiparae
790 1363 846 1425 sita
871 1363 912 1425 sit
933 1382 969 1426 ex
990 1363 1153 1426 earundem
1176 1345 1251 1428 siui-

104 1458 155 1522 inc
176 1458 247 1522 inde
268 1478 338 1520 vcro
361 1459 406 1521 illi
428 1460 524 1522 sancti
546 1460 700 1526 coloribus
723 1471 794 1526 sunt
816 1465 962 1545 expressi,
985 1482 1062 1545 quos
1084 1463 1130 1528 rel
1157 1467 1251 1529 enimi

125 1561 173 1623 rel
195 1559 342 1623 ecclesiae
366 1560 469 1623 titulus
491 1561 602 1636 iubeat,
634 1563 676 1625 ita
698 1573 800 1628 tameo
821 1575 855 1629 ut
876 1565 934 1628 elis
956 1565 1042 1629 valde
1064 1566 1107 1628 sit
1127 1566 1250 1647 conspi-

105 1663 263 1743 praecipue
285 1662 371 1724 chori
393 1663 475 1736 sedo,
498 1682 575 1743 quae
597 1654 693 1728 ιιιιων
714 1660 890 1732 σταοιιιοο
911 1669 972 1730 τοῦ
991 1658 1176 1751 ἡγουμένου
1197 1687 1250 1730 ιι-

105 1763 142 1826 ιιιι
165 1763 384 1825 coenobiarcha
406 1763 453 1824 vel
475 1765 608 1827 Antistes
630 1766 755 1842 sedet.¹)

105 2008 107 2016 ·
129 1983 177 2033 ιιι
201 1983 255 2033 dem
280 1984 406 2034 llonostss
430 1983 536 2035 befindet
558 1986 609 2036 sich
635 1985 748 2046 ntmlieb,
773 1986 848 2037 durch
868 1990 906 2037 ein
925 1987 1046 2050 niedrigee
1064 1987 1251 2051 Brustgelhnder

105 2068 179 2119 ider
196 2067 283 2118 llirche
301 2069 453 2132 abgegrsnet,
472 2070 525 2119 eine
542 2069 621 2120 ltluinc
632 2070 815 2130 llorbhbne,
834 2070 924 2121 welche
943 2071 986 2121 der
1003 2071 1249 2133 eigentliebescben-

115 2151 354 2214 gottesdienstlicben
374 2153 483 2203 breme's
503 2155 542 2214 ist,
567 2153 647 2203 indem
668 2153 720 2203 hier
737 2154 776 2204 die
795 2154 953 2217 lungirendeu
972 2155 1078 2205 Priester
1096 2155 1144 2205 und
1163 2155 1249 2206 bieco·

108 2235 165 2299 cdig
182 2236 224 2285 bin
243 2237 291 2286 und
309 2237 353 2286 ber
370 2238 490 2300 nandeln,
514 2237 634 2288 bestreblt
650 2253 696 2288 ron
714 2237 768 2288 dem
786 2236 854 2289 Liobt
872 2237 916 2288 der
933 2237 1086 2288 zsblreicben
1104 2239 1249 2291 Wscbsler-

114 2333 161 2370 ron
187 2319 234 2369 den
254 2320 386 2382 Glaubigen
413 2322 456 2371 aul
481 2321 519 2371 die
541 2337 584 2371 zur
601 2321 666 2372 Seite
691 2322 825 2372 stebenden
851 2323 986 2387 mhcbtigen
1005 2321 1124 2374 bcucbter
1141 2324 1249 2387 gesteclrt

105 2404 144 2455 ιιι
162 2404 207 2454 der
223 2405 299 2454 rielcn
318 2405 439 2454 silbcrncn
459 2406 575 2470 Lsmpen,
593 2406 632 2455 ιιι
651 2406 703 2457 bier
720 2405 865 2469 enlgebhugt
882 2406 964 2457 sind.“

105 2489 203 2540 boen:
222 2488 238 2538 l.
252 2503 287 2539 c.:
314 2490 442 2548 „l’sbuleti
461 2490 532 2540 buius
550 2505 721 2555 sacrorumque
740 2491 869 2554 imaginum
887 2491 995 2541 custodia
1015 2489 1052 2554 rol
1069 2481 1248 2560 κανιηιάπιῃ

105 2588 157 2624 tres
174 2588 223 2622 non
241 2573 341 2635 ignobili
360 2576 556 2637 commendatur3
575 2575 628 2639 ipse
646 2590 702 2624 vero
721 2582 746 2624 οι
763 2569 981 2642 σκευοφύιακος,
999 2591 1080 2626 sacres
1099 2576 1215 2639 imagines
1233 2592 1246 2625 a

105 2672 169 2708 erese
193 2666 326 2718 conseruat,
351 2657 476 2720 lampades
499 2673 581 2709 coram
606 2659 655 2709 illis
680 2674 800 2724 appensas
825 2667 849 2710 et
866 2675 942 2725 super
960 2659 1099 2710 coronidem
1118 2660 1246 2711 duodecim

105 2741 182 2792 cendit
199 2750 300 2806 propter
317 2741 485 2805 apostolorum
503 2743 612 2803 eborum,
631 2758 734 2807 quornm
750 2759 813 2794 unus
830 2744 949 2796 excelsior
967 2753 1003 2795 est
1021 2745 1044 2794 in
1055 2745 1155 2808 ligurem
1167 2746 1247 2809 magni

105 2840 150 2876 ren.
168 2849 201 2860 -
219 2851 252 2861 -
273 2826 375 2875 Tantum
397 2827 508 2876 exhibent
527 2827 610 2877 Graeci
628 2828 705 2877 sacris
724 2828 868 2890 imaginibus
888 2829 977 2879 cultum
997 2836 1088 2879 utnon
1107 2830 1186 2879 minue
1205 2844 1246 2880 ex-

105 2918 124 2960 ιι
148 2924 220 2975 quem
245 2911 406 2959 admirationi.
443 2911 492 2959 iles
516 2911 626 2974 corporis
643 2913 797 2979 ueneratione
816 2922 839 2963 et
857 2912 973 2963 odoribus
992 2914 1107 2973 incensis,
1131 2914 1246 2976 restibus,

105 2994 212 3044 doneriis
236 2994 312 3044 allisis
337 3009 364 3044 sn
389 2995 469 3044 animo
494 3009 542 3043 uon
567 2993 679 3067 illiberali
703 3003 891 3060 prosequuntur,
916 2998 936 3044 si
955 3004 1034 3045 tamen
1053 2998 1131 3060 pictae
1149 3004 1205 3046 sunt
1224 3003 1248 3047 ιι

106 3087 201 3130 storum
225 3078 370 3128 lineamenta
395 3094 442 3129 non
467 3080 568 3142 prolerre
593 3080 665 3129 simul
683 3080 752 3144 pluro
772 3087 795 3129 et
813 3094 825 3128 ι
844 3079 934 3129 eunctis
952 3079 1029 3128 ullena
1049 3080 1194 3129 contineant.
1228 3082 1246 3130 h

105 3178 123 3214 rs
147 3172 226 3214 entem
251 3171 364 3228 tanquam
384 3164 413 3212 sb
432 3163 503 3213 idolis
521 3163 659 3222 abhorrent,
685 3164 714 3213 de
733 3164 820 3228 quibus
838 3163 973 3215 llerldicum
993 3164 1077 3214 illudi:
1108 3163 1141 3213 Os
1159 3163 1248 3215 habent
1290 3226 1294 3235 ¹

105 3255 209 3314 gnentur
226 3256 270 3298 etc.
289 3249 417 3298 concinere
436 3263 483 3297 non
502 3256 627 3297 verentur:
653 3246 730 3296 medis
748 3255 827 3297 temen
847 3247 967 3313 plenaque
985 3248 1108 3313 sculpture
1127 3249 1150 3298 in
1169 3248 1246 3298 sacris

105 3348 113 3383 s
132 3332 275 3392 formandis,
295 3348 323 3381 ιο
342 3333 405 3397 quod
425 3333 454 3382 ed
472 3334 589 3396 picturam
609 3332 714 3390 accedat,
738 3332 863 3383 utuntur.“
898 3332 932 3381 lle
950 3333 1082 3383 hueeornm
1102 3332 1246 3395 imaginibus

105 3432 125 3482 ο.
138 3416 247 3482 ιιιιιμ
276 3418 337 3479 „llic
355 3416 436 3466 Bilder
453 3415 529 3466 solbet
548 3416 625 3464 baben
645 3431 689 3465 nur
706 3415 785 3466 selten
803 3417 872 3466 einen
891 3417 1178 3479 geniseenllunstwcrtb,
1197 3417 1245 3466 und

105 3501 188 3551 bsind
207 3502 350 3565 disienlgeu,
369 3501 459 3550 welche
478 3514 516 3549 sm
535 3501 635 3549 meisten
655 3501 679 3549 in
696 3499 775 3550 Ebren
794 3501 887 3562 stchen,
911 3502 935 3551 in
954 3502 997 3551 der
1015 3501 1172 3562 einlormigen
1193 3499 1245 3562 by·

105 3584 195 3635 tehen
219 3586 292 3647 (donn
316 3600 361 3634 ron
386 3585 432 3634 den
451 3585 606 3651 Breantinern
625 3584 743 3634 erbieltcn
762 3584 801 3634 ιιι
819 3586 911 3635 hussen
931 3585 969 3634 die
988 3593 1066 3634 ersten
1086 3582 1244 3645 heiligeebil·
1280 3589 1282 3592 '

105 3669 143 3720 ele
159 3670 212 3720 eleb
230 3669 353 3734 spaterbin
371 3670 495 3719 russisehe
513 3669 613 3719 bonche
631 3671 674 3718 mit
691 3668 745 3718 dem
763 3668 840 3719 lisleu
858 3668 1045 3718 solcberllilder
1062 3668 1245 3730 beschaitigten,

105 3754 137 3804 rie
160 3755 213 3804 sich
238 3755 281 3803 mit
304 3754 347 3803 dor
365 3754 602 3816 gewissenbaltesten
621 3754 777 3815 Genaulglreit
794 3754 831 3802 bei
851 3753 918 3803 ibren
937 3753 1028 3816 Coplen
1044 3752 1105 3802 necb
1124 3751 1171 3826 den
1189 3766 1245 3801 ror·

114 3838 253 3901 Originalen
271 3839 364 3889 ricbten
382 3854 411 3889 ιιι
429 3839 538 3898 mussen)
556 3839 646 3888 llsnier
663 3837 762 3900 gemell,
780 3839 822 3887 mit
840 3837 1042 3887 belberbebenem
1052 3835 1245 3898 heiligensehein

107 3923 141 3972 nd
158 3938 203 3973 non
223 3924 302 3973 Silber
319 3924 379 3973 odor
397 3923 467 3983 Gold,
485 3923 598 3973 wabrend
619 3922 724 3983 Gesicbt,
743 3921 826 3972 lltnde
841 3923 890 3971 und
908 3922 983 3971 Fbsee
1001 3920 1167 3971 dunhelbreun
1185 3920 1246 3970 oder

105 4007 163 4068 sind,
186 4010 234 4058 und
253 4009 354 4058 Nikon
379 4008 445 4057 stellt
469 4023 494 4057 es
519 4010 542 4056 in
566 4004 876 4067 seinerChronil(V,14)
900 4004 937 4055 sle
953 4004 1037 4054 ilenon
1055 4005 1105 4063 sul,
1129 4003 1243 4053 dessein

105 4092 129 4143 ld
148 4107 189 4142 nm
207 4108 235 4142 so
254 4094 322 4142 mehr
339 4092 479 4155 Verebrnug
496 4092 615 4152 venthone,
632 4094 656 4154 je
675 4091 736 4140 alter
753 4091 801 4140 und
820 4090 954 4140 schumet
972 4103 998 4138 ee
1015 4090 1060 4139 sel.
1095 4088 1183 4139 Solcbe
1194 4086 1243 4136 Bil-

116 4177 298 4227 rornebmlich:
325 4177 377 4237 das,
406 4177 449 4227 der
466 4177 589 4226 Tradition
616 4175 720 4237 refulge,
747 4189 801 4225 rom
827 4173 993 4237 Evangelisten
1012 4174 1112 4223 Lucus
1140 4171 1244 4234 gemelle

105 4261 214 4311 ir’scbe
231 4260 466 4313 hutten-Gottesbild
485 4263 508 4310 in
523 4261 634 4320 lloslrwa,
653 4260 696 4308 dae
714 4259 882 4309 Iberische
894 4256 1128 4309 hutten-Gottesbild
1147 4257 1244 4314 llorere·

105 4345 242 4408 iammoni,
266 4347 328 4407 „der
344 4346 417 4397 Trost
441 4347 490 4395 und
514 4345 552 4395 ιιι
570 4345 689 4405 Stsrlxung
714 4343 757 4392 der
774 4342 910 4392 llrsnlren“.
947 4342 994 4392 llas
1011 4341 1073 4401 Bild,
1097 4340 1201 4391 welches
1218 4342 1244 4391 in

105 4432 147 4483 elle
166 4431 210 4481 der
227 4431 366 4481 lberisoben
384 4430 470 4480 liutter
489 4429 589 4481 Gottes“
609 4431 632 4479 in
652 4429 754 4478 lioslrne
772 4427 931 4477 eeinenl'letx
949 4426 998 4487 bet,
1015 4426 1083 4476 stelit
1099 4426 1139 4476 ιιι
1156 4424 1245 4488 beillge

106 4519 151 4569 mit
174 4516 230 4566 dem
248 4515 400 4566 Christhimle
425 4515 476 4565 der.
513 4516 555 4565 Um
579 4515 626 4564 den
644 4513 708 4578 llopi
729 4514 770 4563 bet
793 4513 831 4563 sie
854 4511 978 4574 olchete,
1002 4513 1027 4561 ιιι
1043 4510 1148 4562 welches
1165 4509 1245 4560 lenter
