3044 4912
388 228 395 235 .
412 216 436 249 ,ζ

385 250 399 265 fl

10 469 28 521 τ.
81 448 113 520 ἐν
138 449 214 529 ταῖς
244 448 460 542 προςευχαῒς
494 442 622 520 αὐτῶν
651 444 716 519 καί
748 440 916 543 φύλαξον
948 443 1085 530 αῦτοῦς
1117 448 1330 545 ἀτρέπτους,

80 547 285 641 ἀμέμπτους,
318 541 575 648 ἀνεγκλήτους,
606 549 671 621 ἵνα
704 541 797 621 ὦσιν
829 546 928 648 ἅγιοι
961 544 1108 644 σάματι
1138 551 1203 626 καὶ
1227 562 1358 651 ψυχῇ.-

10 672 22 720 ι
76 649 118 745 μὴ
146 650 288 744 ἔχοντες
321 653 451 724 σπῖλον
482 646 507 744 ἢ
539 642 677 744 ῥόπιιία
709 649 734 744 ἥ
766 677 802 721 τι
826 656 906 724 τῶν
929 647 1123 741 τοιούτων,
1158 653 1238 727 ἀλλ’
1266 656 1332 731 ἰνα

76 747 155 826 ἀσιν
178 752 301 848 ἄρτιοι
325 748 389 824 καί
413 748 543 847 μηιίεἰς
567 753 608 825 ἐν
625 751 752 833 αὐτοῖς
767 744 790 847 ᾖ
807 751 1002 849 κολοβὸςῆ
1020 751 1157 851 ἀτελής.
1176 756 1331 859 Ἆρωγέ,

72 851 216 941 ἀυνατέ,
251 848 578 950 ἀπροςωπόληπτε,
617 859 730 953 γενοῦ
764 850 999 953 ἀντιλήπτωρ
1030 864 1100 931 τοῦ
1133 865 1226 933 λαοῦ
1261 884 1331 935 σου

69 953 206 1043 τωότου,
241 953 286 1028 ὃν
318 949 543 1081 ἰξηγόρασας
573 961 627 1051 τῷ
659 954 772 1052 τιμίῳ
798 962 867 1030 τοῦ
891 961 1061 1050 Χριστοῦ
1094 985 1163 1033 σου
1190 960 1330 1054 αἵματι.

65 1052 294 1155 Προστάτης,
327 1058 531 1154 ἒπικουρος,
564 1054 712 1151 ταμίας,
746 1051 880 1155 φύλαξ,
912 1062 1030 1153 τεῖχος
1062 1057 1330 1156 ἐρυμνότατον,

66 1157 248 1260 φραγμὸς,
283 1153 481 1253 ἀσφάλεια,
515 1156 572 1231 ότι
608 1161 647 1232 ἐκ
679 1166 743 1254 τῆς
770 1168 835 1254 σῆς
862 1159 986 1255 χειρὸς
1011 1159 1133 1245 οῦάεἰς
1166 1160 1332 1261 ἁρπάσαι

60 1259 238 1335 δύναται·
277 1257 364 1334 οῦιίἐ
389 1256 462 1361 γάρ
489 1261 566 1334 ἐστι
591 1259 681 1343 θεὸς
706 1257 828 1356 ὥσπερ
855 1260 903 1336 σὺ
929 1262 1049 1358 ἕτερος
1074 1261 1130 1338 ὅτι
1156 1266 1198 1339 ἐν
1224 1264 1284 1339 σοὶ
1307 1258 1341 1362 οῗ

59 1360 229 1457 ὑπομονὴ
263 1360 382 1457 ἡμῶν.
430 1360 604 1464 Ἁγέασον
630 1360 766 1445 αὐτοὺς
791 1365 832 1437 ἐν
856 1369 901 1458 τῇ
929 1362 1087 1462 ἀληθείᾳ
1112 1356 1196 1457 σου,
1228 1365 1331 1459 ὅτιὸ

57 1461 166 1565 λόγος
199 1462 219 1536 ὃ
253 1461 317 1545 σὸς
349 1459 507 1557 ἀλήθεια
545 1461 656 1539 ἐστίν.
701 1462 1003 1562 Ἆπροςχάριστε,
1046 1462 1331 1568 ἀπαραλόγιστε,
1413 1518 1417 1531 ·

56 1570 169 1661 ῥῦσαι
195 1563 334 1648 αὐτοὺς
358 1562 478 1662 πάσης
501 1562 617 1641 νόσου
643 1564 707 1640 καὶ
731 1564 851 1661 πάσης
875 1567 1072 1662 μαλακίας,
1097 1569 1236 1652 παντὸς
1260 1599 1332 1645 πα-

54 1663 318 1762 ραπτώματος,
345 1663 464 1762 πάσης
488 1666 656 1765 ἐπηρείας
679 1668 743 1742 καὶ
761 1665 913 1764 ἀπάτης,
941 1669 1014 1744 ἀπὸ
1033 1667 1158 1769 φόβου
1176 1675 1331 1767 ἐχθροῦ,

52 1769 132 1843 ἀπὸ
157 1769 291 1866 βέλους
315 1769 519 1864 πετομένου
542 1769 692 1865 ἡμέρας,
719 1767 794 1844 ἀπὸ
814 1767 1031 1872 πράγματος
1047 1775 1088 1847 ἐν
1105 1770 1225 1847 σκότει
1248 1773 1333 1848 ιλια-

53 1871 312 1968 πορευομένου
345 1870 409 1945 καί
439 1870 671 1956 καταξίωσον
697 1870 833 1954 αὐτοὺς
857 1880 922 1969 τῆς
947 1872 1102 1950 αἰωνίου
1130 1873 1237 1970 ζωῆς,
1267 1882 1333 1973 τῆς

52 1975 97 2047 ἐν
125 1977 281 2069 Χριστῷ
317 1979 372 2070 τῷ
404 1971 474 2071 ῦιῴ
502 1997 572 2048 σου
596 1982 651 2071 τῷ
675 1980 881 2074 μονογενεῖ,
918 1982 971 2072 τῷ
997 1979 1078 2073 θεῷ
1104 1975 1168 2050 καὶ
1194 1985 1333 2073 σωτῆρι

51 2072 181 2171 ἡμῶν,
213 2072 264 2150 δι’
303 2068 349 2149 οῦ
385 2098 442 2149 σοι
475 2072 568 2159 (ἰόξα
598 2075 663 2150 καὶ
698 2075 810 2171 σέβας
842 2079 883 2151 ἐν
909 2074 1005 2176 ἀγίῳ
1031 2074 1227 2173 πνεύματι,
1260 2086 1333 2154 νῦν
1383 2144 1386 2148 ,

54 2175 126 2250 καὶ
151 2175 206 2249 ἀεὶ
228 2174 293 2251 καί
318 2181 369 2260 εἰς
393 2175 480 2260 τοῦς
505 2182 645 2259 αἰῶνας
668 2184 746 2253 τῶν
772 2172 942 2251 αἰώνων·
980 2174 1091 2275 ἀμήν.

646 216 721 334 ’ω
926 242 1273 345 ά·

316 2515 456 2589 Μίδθιί
488 2516 713 2590 FIDELIUM
743 2517 779 2589 S.
812 2519 1077 2591 ΑΝΑΦΟΡΑ.

139 2701 178 2775 X·
204 2714 276 2782 Καὶ
288 2715 374 2799 μετὰ
387 2721 486 2783 τοῦτο
501 2718 621 2803 λεγέτω
637 2713 655 2784 ὁ
673 2713 840 2797 διάκονος·
866 2699 1109 2798 Πρόσχωμεν-
1136 2717 1207 2785 Καὶ
1221 2713 1333 2786 ἀσπα-
1438 2734 1475 2791 ,ἐι
1493 2714 1499 2723 ’

61 2832 173 2916 ζέσθω
194 2829 214 2900 ό
236 2829 423 2913 ἐπίσκοπος
442 2833 502 2923 τὴν
523 2831 695 2924 ἐκκλησίαν
714 2833 772 2902 καί
792 2834 929 2922 λεγέτω·
954 2819 977 2916 ἦ
1004 2817 1128 2919 εἰρήνη
1153 2830 1222 2897 τοῦ
1238 2825 1333 2897 θεοῦ

60 2936 154 3027 μετὰ
178 2934 334 3013 πάντων
355 2936 475 3033 ῦμιῦν.
502 2936 576 3010 Καὶ
599 2936 618 3009 ὃ
641 2937 728 3022 λαὸς
750 2937 1037 3035 ἀπσκρινάσθω·
1065 2938 1128 3013 καί
1150 2927 1243 3035 μετὰ
1265 2948 1332 3016 τοῦ

59 3053 271 3153 πνεύματός
297 3082 376 3131 0⁰²)-
416 3070 486 3137 Καὶ
508 3066 526 3138 ὁ
550 3068 702 3150 διάκονος
724 3068 853 3139 εἰπάτω
874 3075 994 3138 πᾶσιν·
1017 3052 1241 3132 ἀσπάσασθε
1268 3058 1333 3131 ἆλ-

61 3172 193 3270 λήλουε
217 3176 259 3249 ἐν
284 3170 461 3272 φιλήματι
488 3172 594 3275 ἁγίῳ.
621 3189 692 3258 Καὶ
714 3185 984 3272 ἀσπαζέσυωιαι
1005 3186 1039 3257 οὶ
1059 3196 1119 3258 τοῦ
1139 3187 1260 3278 κλήρου
1275 3189 1333 3258 τὸν

62 3289 259 3371 ἐπίσκοπον,
282 3288 316 3359 οἰ
338 3290 449 3359 λαϊκοί
465 3284 581 3378 ἀνδρες
594 3291 673 3371 τοῦς
686 3291 830 3373 λαϊκοάς,
853 3288 888 3360 αἰ
903 3295 1052 3379 γυναῖκες
1064 3291 1125 3372 τάς
1138 3297 1303 3380 γυναῖκας.
1311 3297 1333 3373 ¹)

252 3441 363 3449 .——.-

149 3516 173 3576 l)
202 3517 363 3580 chrysost.
381 3517 470 3568 Hamil.
490 3517 520 3568 18
540 3518 563 3566 in
581 3515 677 3567 που
705 3509 823 3566 ἐπειδάν
845 3515 980 3583 εἰρξωμεν
1002 3513 1057 3564 τῶν
1079 3513 1162 3583 ἱερῶν
1179 3507 1333 3582 περιβόλων

63 3592 126 3657 ιοάς
140 3595 172 3650 οὖ
191 3596 367 3666 δυναμένους
383 3600 428 3663 τῆς
445 3597 521 3666 ἱεράς
536 3602 686 3669 μετασχεῖν
703 3600 842 3664 τραπέζης,
860 3596 956 3666 ἑτέραν
974 3596 1004 3649 ἀὲ
1021 3599 1154 3665 γενέσθαι
1172 3591 1264 3663 εὐχὴν,
1284 3594 1333 3645 καλ

63 3680 164 3741 πάντες
179 3677 284 3751 ὁμοίως
300 3679 343 3734 ἐπ’
362 3676 484 3752 ἐδάφους
499 3686 625 3753 κείμεθα,
643 3683 690 3733 καὶ
707 3678 809 3740 πάντες
831 3677 934 3751 ὁμοίως
950 3677 1137 3748 ιἰνισιάμεθα,
1172 3674 1239 3731 ὅταν
1255 3674 1332 3747 εἰρήν-

64 3784 111 3831 νης
132 3763 218 3818 πάλιν
239 3761 464 3836 μεταλαμβάνειν
482 3766 529 3819 καλ
545 3766 726 3837 μεταδιδόναι
744 3765 799 3836 δέη,
824 3761 925 3824 πάντες
943 3763 1045 3834 ὁμοίως
1061 3762 1252 3833 ἀσπαζόμεθα.
1288 3762 1330 3814 ἐπ’
1354 3828 1357 3833 Ι

63 3852 153 3904 ιιάτολν
170 3846 257 3902 πάλιν
273 3852 328 3903 τῶν
346 3845 579 3919 φρικωδεστάτων
601 3856 760 3922 μυστηρίων
776 3848 920 3917 ἐπεύχεται
938 3845 952 3903 ὁ
970 3845 1058 3919 ἰερεάς
1075 3852 1112 3916 τῷ
1130 3849 1197 3916 λαρί,
1215 3844 1333 3916 έπεόχε-
1351 3860 1355 3867 ’

65 3953 104 3987 τοι
128 3936 176 3988 καὶ
200 3930 214 3988 ό
238 3933 306 3994 λιιός
329 3940 367 4002 tq)
389 3936 472 4008 ἱερεῖ·
497 3932 527 3989 τό
551 3933 606 4005 γάρ
627 3934 697 4006 μετὰ
717 3937 764 3988 τοῦ
783 3927 941 4003 πνεύματός
958 3948 1018 3999 σου,
1037 3930 1120 3986 οὐδὲν
1138 3925 1204 3984 άλλο
1223 3926 1333 3997 έστίνῆ

65 4023 156 4073 τοῦτο·
175 4018 208 4071 τά
226 4019 272 4084 τῆς
288 4016 462 4093 εὐχαριστίας
478 4015 563 4072 πάλιν
579 4016 669 4073 κοινά.
704 4017 768 4074 οὐδὲ
787 4017 840 4090 γάρ
858 4018 963 4078 ἐκεῖνος
979 4015 1135 4087 εὐχαριστεῖ
1149 4013 1244 4087 μόνος,
1262 4008 1333 4068 ἀλλά

65 4106 109 4157 καὶ
127 4104 141 4158 ἀ
159 4101 227 4162 λαὸς
244 4101 325 4162 linae.
360 4100 496 4177 πρότερον
524 4101 578 4174 γάρ
602 4102 694 4157 αὐτῶν
719 4102 811 4172 λαβὼν
835 4099 940 4173 φωνὴν,
968 4097 1025 4155 εἶτα
1049 4105 1265 4170 συντιθεμένων,
1292 4096 1333 4152 ὅτι
1440 4120 1444 4129 ¹

64 4186 143 4249 ἀξίοις
166 4190 215 4240 καί
234 4188 346 4248 ιλικαίως
362 4190 439 4242 τοῦτο
457 4195 571 4259 γίνεται.
607 4187 665 4242 τότε
685 4182 797 4258 άρχεται
815 4191 860 4255 τῆς
876 4187 1050 4256 εὐχαριστίας
1067 4189 1114 4238 καί
1131 4192 1158 4238 τί
1172 4184 1332 4255 θαυμάζεις,

65 4278 89 4325 εἰ
103 4292 158 4328 που
175 4270 247 4336 μετά
264 4273 312 4324 τοῦ
328 4274 422 4343 ἱερέως
438 4271 453 4327 ό
470 4273 536 4334 λαός
552 4277 714 4344 φθέγγεται,
733 4274 797 4328 ὅτου
814 4291 846 4342 γε
860 4275 907 4325 καί
923 4274 985 4341 μετ’
1007 4272 1098 4324 αὑτῶν
1115 4272 1169 4323 τῶν
1187 4270 1333 4340 Χερουβὶμ

66 4362 108 4411 καί
120 4361 175 4412 τιῦν
188 4354 248 4409 ἀνω
262 4350 412 4426 δυνάμεων
423 4362 501 4429 κοινῇ
512 4355 672 4425 τοάςλεροάς
680 4358 800 4419 ἐκείνους
810 4355 914 4428 ἀμνους
925 4358 1093 4426 ἀναπέμπει.
1113 4360 1182 4423 Cyri
1192 4358 1198 4407 Ι
1208 4359 1214 4408 Ι
1223 4374 1256 4408 us
1269 4358 1285 4408 l.
1293 4370 1332 4408 c.:

66 4438 118 4496 εἶτα
134 4445 190 4511 βοά
207 4440 223 4497 ὁ
240 4438 382 4504 διάκονος·
401 4440 534 4508 ἀλλήλους
550 4439 702 4509 ἀπολάβετε
720 4445 768 4495 καὶ
784 4440 916 4510 ἀλλήλους
933 4436 1333 4512 άσπιιζώμεθιι--σημείον

65 4534 155 4585 τοίνυν
173 4528 234 4583 ἰστλ
251 4524 282 4582 τὸ
299 4530 409 4599 φίλημα
427 4530 474 4583 τοῦ
492 4529 685 4604 ἀνυκραθῆναι
703 4525 750 4588 τάς
767 4524 861 4598 ψυχάς
876 4528 925 4583 καί
941 4528 1037 4581 πᾶσαν
1055 4525 1332 4600 ἒξορίζωνμνησικα-
