3044 4912
813 184 888 257 466

289 370 448 461 benedic,
474 368 563 466 quod
589 379 641 441 est
667 370 700 441 in
729 368 792 442 boc
819 370 921 443 culice
947 380 981 442 et
1005 369 1058 443 lac
1083 371 1119 444 id
1144 394 1262 445 verum
1288 373 1473 470 sanguinea

213 473 347 547 Domini
374 484 407 543 et
433 472 651 567 redemptoris
677 473 782 544 nostri
808 472 882 545 lesu
910 473 1045 546 Christi.

290 575 459 647 Dicconm
486 583 539 644 ter
565 582 713 645 secreto:
739 575 858 646 Amen.

289 675 336 748 Et
363 675 528 747 Sacerdos
555 674 749 747 benediceres
771 698 892 770 punem
910 684 950 745 'et
975 675 1089 747 einum
1114 689 1167 748 ter
1193 676 1300 750 dicit:

291 778 456 850 Consecra
489 775 578 847 bunc
610 799 730 873 panem
763 788 798 848 et
822 779 933 849 vinum
961 776 995 847 in
1022 801 1136 850 verum
1163 800 1288 874 corpus
1317 788 1353 851 et
1376 802 1475 852 rerum

214 880 410 974 sanguinem
437 876 569 949 Domini
596 889 629 949 et
653 878 875 975 redemptoris
902 878 1006 951 nostri
1034 879 1109 951 lesu
1127 878 1266 973 Christi,
1294 892 1474 977 permutans

214 979 341 1078 Spiritu
369 992 424 1052 tuo
452 980 585 1052 Sancto.

290 1082 461 1155 Diacoaus
488 1091 560 1153 ter:
586 1082 703 1154 Amen.
713 1080 734 1175 ¹)
1077 1134 1078 1139 ,

290 1184 467 1257 Sacerdos.
521 1181 564 1254 Ut
598 1183 656 1254 liat
687 1182 926 1279 accipientibus
953 1182 1050 1254 nobis
1076 1206 1143 1255 non
1171 1183 1206 1254 in
1235 1184 1473 1260 condemnatio·

213 1311 302 1379 nem,
329 1285 388 1358 sed
415 1286 449 1356 in
477 1284 696 1379 expiationem
723 1295 757 1356 et
782 1285 1013 1357 remissionem
1031 1295 1254 1380 peccatorum.

292 1386 431 1460 Chorus.
485 1384 630 1481 Spiritus
662 1386 742 1477 Dei,
780 1386 835 1482 qui
870 1412 888 1458 a
922 1387 1013 1457 coelo
1047 1387 1256 1459 descendens
1291 1400 1470 1483 mysterium

215 1490 299 1580 eius,
318 1489 374 1585 qui
395 1511 459 1559 una
477 1498 587 1559 tecum
607 1488 886 1582 conglorificatur,
913 1512 1070 1560 manuum
1087 1499 1279 1562 nostrarum
1300 1490 1470 1564 ministerio
1508 1506 1512 1571 l

214 1591 363 1688 perticis:
401 1613 461 1685 per
487 1591 682 1684 sanguinem
711 1591 782 1661 eius
809 1589 950 1661 ellusum
976 1614 1151 1686 precamur
1176 1601 1209 1662 te
1236 1593 1392 1690 requiem
1414 1593 1470 1665 eni·

214 1692 332 1764 mobus
358 1691 495 1762 fratrum
523 1702 724 1781 nostrorum,
751 1691 805 1788 qui
833 1691 1093 1764 obdormierunt

290 1793 470 1866 Diaconos.
523 1792 676 1885 Domine,
699 1792 849 1865 benedic.
1508 1850 1512 1875 ε

291 1893 457 1967 Sacerdos
483 1906 630 1966 secreto:
660 1895 811 1966 Concede
839 1916 1039 1992 quaesumus
1061 1892 1124 1964 hoc
1142 1894 1308 1967 sacrificio
1329 1918 1466 1986 amorem,
1507 1933 1512 1981 ι

214 1997 425 2069 stabilitatem
450 2007 483 2067 et
508 2020 623 2092 pacem
649 1998 708 2068 toti
736 1996 873 2087 mundo,
900 2007 1033 2068 sanctae
1056 1995 1227 2088 ecclesiae,
1256 1997 1411 2071 omnibus
1427 2022 1466 2069 or·
1507 1986 1512 2063 ἰ

215 2099 368 2171 thodoxis
403 2098 596 2194 Episcopis,
631 2098 889 2190 Sacerdotibus,
922 2096 1092 2189 Diaconis,
1126 2095 1290 2192 Regibus,
1326 2098 1467 2196 Principi·
1509 2114 1512 2179 t

214 2200 295 2274 bus:
323 2200 477 2272 omnibus
511 2201 567 2296 qui
594 2203 848 2296 peregrinantur
874 2210 961 2271 terra
989 2198 1152 2297 marique:
1181 2201 1237 2296 qui
1265 2214 1348 2275 sunt
1372 2202 1404 2274 in
1428 2224 1466 2272 co
1510 2239 1512 2281 ς

214 2303 373 2399 ptivitate,
409 2304 443 2374 in
476 2302 688 2375 tribulatione
722 2314 755 2374 et
780 2302 932 2374 miseria:
967 2302 1022 2398 qui
1050 2303 1241 2375 inciderunt
1266 2304 1302 2374 in
1331 2303 1466 2377 barbaro

215 2430 289 2477 rum
323 2428 450 2477 manus.
504 2403 656 2476 Concede
698 2404 795 2477 nobis
830 2402 894 2475 boc
927 2404 1089 2476 sacrificio
1122 2405 1209 2477 aeris
1243 2404 1465 2496 salubritatem,

216 2518 249 2579 et
275 2506 406 2601 frugum
435 2507 640 2577 terrestrium
668 2506 920 2577 abundantiam:
958 2505 1010 2577 lac
1036 2517 1188 2599 aegrotos
1215 2531 1233 2576 a
1261 2507 1389 2580 morbis
1413 2507 1466 2578 suis

215 2619 342 2679 mature
378 2608 616 2678 convalescere.
670 2608 822 2679 Concede
858 2606 920 2678 hoc
955 2608 1116 2680 sacrificio
1151 2609 1303 2703 requiem
1331 2609 1466 2681 omnibus

214 2710 400 2803 Episcopis,
428 2710 482 2803 quui
511 2709 544 2777 in
573 2709 704 2780 Christo
733 2711 773 2781 de
799 2710 863 2780 vita
890 2710 1085 2802 migrarunt,
1114 2709 1269 2781 omuibus
1298 2711 1467 2783 Sacerdoti·

215 2810 277 2881 bus
314 2821 347 2880 et
379 2810 533 2880 Diaconis
568 2821 601 2880 et
635 2813 723 2881 omni
760 2813 846 2882 clero
882 2823 1013 2882 sanctae
1048 2813 1224 2901 ecclesiae,
1262 2814 1467 2908 omnibusque

215 2913 308 2983 laicis
335 2913 489 2982 masculis
517 2923 549 2981 et
576 2912 720 3004 lerniniS,
749 2915 802 3009 qui
832 2917 864 2983 in
893 2913 956 2983 fide
984 2911 1244 2984 obdormierunt.

290 3014 390 3085 Elctc
417 3039 513 3086 voce:
541 3014 582 3085 Et
610 3040 684 3086 cum
712 3016 763 3086 his
791 3040 852 3086 nos
870 3039 1000 3110 quoque
1018 3015 1141 3106 visites,
1168 3016 1363 3089 misericors
1381 3017 1467 3103 Deus,

216 3129 246 3187 et
274 3140 363 3187 nunc
390 3140 504 3211 preces
533 3128 662 3188 nostras
690 3118 731 3188 ad
758 3129 790 3187 te
818 3118 988 3211 suscipias.
1001 3114 1023 3208 ²)

294 3218 432 3289 Chorus.
484 3218 647 3289 Memento
675 3230 837 3310 nostrum,
864 3219 1018 3309 Domine,
1047 3228 1079 3287 et
1105 3218 1264 3288 miserere
1293 3218 1399 3290 nobis

293 3319 467 3391 Sacerdos.
522 3320 710 3413 Precamur,
744 3322 858 3391 matris
892 3320 973 3411 Dei,
1009 3330 1141 3390 sanctae
1176 3321 1314 3414 virginis
1348 3320 1468 3409 llariae,

207 3491 522 3504 -------

303 3607 325 3661 ll
343 3606 393 3654 AC:
414 3606 459 3654 lter
478 3607 580 3654 Priester
599 3608 662 3667 ncigt
679 3607 729 3654 sich
749 3608 795 3655 und
814 3607 879 3656 belet
896 3607 959 3655 still:
988 3608 1038 3654 ll'ir
1055 3607 1124 3655 beton
1144 3622 1172 3654 an
1192 3606 1239 3654 und
1257 3607 1333 3655 hittrn
1347 3608 1393 3655 und
1407 3609 1471 3655 ssehen

214 3705 242 3738 zu
262 3691 310 3748 nir,
327 3692 419 3751 gutiger
437 3693 499 3749 Gott,
519 3691 593 3739 sendo
611 3691 670 3738 uber
688 3706 732 3739 runs
751 3692 797 3739 und
817 3691 876 3740 uber
894 3692 959 3740 disse
978 3692 1165 3751 dargebruohten
1185 3692 1266 3741 Ceben
1282 3692 1372 3740 [lernen
1392 3692 1471 3752 gleich-

215 3775 303 3836 ewigen
329 3776 375 3822 und
401 3775 662 3835 gleich-weseutlicbeu
687 3774 789 3835 heiligen
809 3776 881 3825 Geist.
916 3777 948 3824 Er
972 3777 1056 3824 erbebt
1079 3777 1139 3833 sich,
1165 3776 1244 3823 macht
1268 3777 1312 3824 das
1330 3777 1405 3824 lireuz
1423 3777 1471 3823 ubrr

215 3858 252 3905 die
271 3858 422 3920 Oplergahen
443 3860 488 3907 und
508 3860 599 3921 sprirht
619 3861 648 3906 im
669 3858 767 3906 Stillen:
796 3858 873 3908 Durch
893 3859 1043 3908 wolchenDn
1063 3861 1141 3909 dieses
1161 3860 1390 3920 gesegnete†llrod
1405 3861 1470 3907 nabr-

215 3941 288 4002 baltig
315 3957 367 3990 zum
387 3943 457 3991 heibe
485 3958 584 3992 anseres
605 3944 679 3992 llerrn
704 3943 751 3990 und
771 3943 882 3992 Erlosers
901 3945 956 3992 lesu
977 3944 1064 3993 Christi
1089 3944 1233 4005 gemacht
1258 3944 1339 3993 hest.
1367 3943 1469 4002 (Dreimal

214 4026 372 4084 winderholt.)
408 4026 458 4075 Uml
484 4027 529 4074 den
549 4036 691 4088 gesegneton
711 4026 730 4088 †
750 4027 822 4074 lielch
842 4029 979 4089 wulrrbaltig
999 4029 1141 4090 gemacht
1159 4028 1231 4076 hest
1249 4043 1302 4075 zum
1322 4028 1390 4077 Blute
1408 4043 1469 4076 tune¹

213 4124 253 4158 res
274 4111 349 4158 llerrn
375 4112 421 4159 und
441 4111 568 4159 lleilandes
585 4113 640 4159 lesu
661 4112 756 4160 Christi.
784 4112 897 4170 (Dreimal
918 4112 1076 4171 triedcrbolt.)
1112 4113 1189 4160 Dutch
1215 4112 1324 4161 welchen
1344 4112 1378 4161 uo
1403 4113 1468 4161 dieses

214 4203 341 4255 gesegnete
359 4194 380 4254 †
398 4195 459 4243 Rrod
484 4196 531 4243 und
556 4196 637 4244 diesen
656 4194 728 4243 lielch
753 4196 893 4258 wabrhahig
918 4211 970 4244 zum
990 4196 1061 4244 Leibe
1080 4197 1128 4245 und
1146 4197 1213 4244 Btute
1232 4210 1320 4245 unsers
1340 4197 1413 4245 llerrn
1431 4194 1467 4243 unt

214 4277 325 4326 Erlosers
348 4280 403 4326 lesu
431 4278 518 4326 Christi
542 4280 685 4339 gemacht
708 4281 792 4340 best,
818 4281 852 4328 sie
878 4280 1041 4328 rer-wandelud
1067 4280 1142 4329 durch
1168 4280 1257 4328 Deinen
1283 4281 1387 4343 heiligen
1405 4280 1465 4332 Celet.

214 4359 297 4410 llieees
316 4364 390 4412 Cebet
408 4362 547 4410 wiedorholt
565 4378 591 4410 er
610 4363 710 4410 llreimol
731 4364 778 4411 und
797 4363 840 4412 der
857 4364 945 4412 Diaron
965 4373 1017 4425 sngt
1035 4365 1099 4412 still:
1118 4367 1200 4412 hmen.

299 4446 324 4506 ἲ)
342 4449 392 4497 AC:
412 4447 450 4494 hu
469 4447 550 4495 diesen
570 4447 642 4497 scrobe
662 4449 721 4495 arnob
741 4464 785 4496 uns
804 4448 876 4510 heim,
895 4450 987 4510 gutiger
1007 4450 1069 4508 Cott,
1089 4450 1131 4497 uir
1149 4450 1221 4497 bitteu
1242 4449 1309 4499 utcu.
