3044 4912
136 147 149 210 s
190 117 282 197 νοῦς
315 135 385 187 σου
416 109 517 200 Υῖοῦ,
550 104 702 237 Κυρίου
720 103 809 181 55
785 108 967 203 ημῶνη
915 102 947 178 ’1
968 114 1039 178 σοῦ
1063 105 1251 200 Χριστοῦ·
1285 95 1398 184 δὸς
1376 103 1465 196 ημῖν

191 213 257 290 καί
280 211 350 311 τὴν
371 208 486 343 χάριν
509 238 578 286 του
562 202 703 287 Πνεύ
701 206 819 306 ματός
845 230 914 282 σου
938 233 1006 281 του
991 204 1192 333 ἀγαθοῦ,
1217 230 1282 278 και
1269 199 1460 331 φύλαξον

163 314 291 413 ημᾶς
316 312 562 442 ἄμῶμουςίν
586 341 632 409 τη
618 308 795 386 πίστει·
822 304 1010 436 555750051
1033 334 1133 402 ημοις
1158 308 1209 388 εἰς
1226 301 1372 379 τελείαν
1387 302 1454 378 υἷο-

191 416 330 493 θεσιαν
367 414 431 491 καὶ
463 410 740 543 ἀπολύτρωσιν,
779 410 842 486 καί
875 416 925 495 εἰς
955 408 1023 491 τὰς
1053 401 1258 505 μελλούσας
1292 403 1454 486 αἰωνίους

194 514 430 601 ἀπολαύσεις·
464 516 512 592 σύ
543 514 618 618 γὰρ
651 513 733 590 εἰ(
716 545 736 589 ο
770 511 952 641 ἁγιασμὸς
984 509 1047 586 καὶ
1070 505 1324 639 φωτισμὸςε
1302 503 1453 605 ημῶνό

197 618 398 710 θεὸς,καί
430 618 450 694 5
483 613 686 747 μονογενής
719 640 787 690 σου
828 613 921 703 Υῖὸς,
953 609 1084 689 καὶτὸ
1110 615 1273 705 Πνεῦμα
1300 633 1371 685 σου
1395 635 1456 683 πα-

183 717 344 851 νάγιον,
384 732 458 799 νῦν
495 719 559 795 καί
600 717 657 793 ῦεὶ
695 717 758 793 καὶ
798 722 848 800 εἰς
886 714 972 799 τοῦς
1013 718 1153 797 αἰῶνας
1191 719 1270 788 τῶν
1305 706 1457 787 αἰώνων.

183 819 312 920 Ἀμήν·

713 915 752 985 Ὁ
775 914 938 997 διάκονος.

262 1043 325 1115 Ἕν
351 1037 475 1140 εἰρήνη
501 1043 670 1138 Χριστοῦ
696 1037 1032 1138 διαφυλαχθῶμεν.

740 1217 812 1289 “0
800 1217 917 1308 ιερεῦς.

268 1336 536 1469 Ηῦλόγητοιι
518 1372 538 1416 ο
568 1339 655 1425 Θεὸς
681 1340 701 1415 5
728 1340 906 1470 ευλογων,
940 1339 1003 1414 καί
1029 1332 1196 1466 ἁγιάζων
1221 1336 1286 1412 διὰ
1311 1342 1466 1436 τῆςμε-

190 1441 383 1570 ταλήιγεως
420 1451 498 1518 τῶν
538 1440 686 1573 57555
699 1442 762 1518 καί
803 1441 996 1534 ζωοποιῶν
1041 1439 1104 1514 καὶ
1153 1435 1355 1537 ἀχράντων
1396 1468 1465 1535 μυ-

192 1543 376 1641 στηρίων,
415 1547 490 1620 νῦν
526 1545 591 1620 καί
630 1544 689 1619 ἀεὶ
720 1544 784 1620 καὶ
815 1550 865 1628 εἰς
898 1542 985 1627 τοῦς
1020 1546 1160 1628 αἰῶνας
1192 1546 1271 1617 τῶν
1305 1538 1465 1618 αἰώνων.

186 1643 314 1757 ²55·

609 1738 696 1814 Εἰτα
718 1740 794 1834 εὐχὴ
816 1751 877 1813 τοῦ
898 1741 1051 1830 ἱλασμοῦ.

266 1861 380 1964 Κύριε
398 1866 521 1998 Ἰησοῦ
535 1865 688 1966 Χριστὲ,
721 1864 779 1939 Υἱὲ
804 1895 873 1943 του
856 1868 987 1940 θεοῦ
1010 1867 1081 1938 τοῦ
1107 1860 1305 1953 ζῶντος,’
1286 1890 1383 1957 αιινε
1407 1860 1468 1937 καί

190 1967 329 2064 ποιμὴν
363 1967 383 2042 5
418 1973 536 2066 αἴρων
567 1968 637 2093 την
670 1967 861 2096 ἁμαρτίαν
892 1974 961 2043 τοῦ
994 1962 1151 2062 κόσμου,
1186 1964 1205 2039 5
1240 1964 1283 2040 τὸ
1317 1963 1467 2040 δάνειον

191 2075 268 2152 τοῖς
294 2067 382 2144 δυσὶ
404 2067 684 2168 χρεωφειλέταις
705 2067 971 2198 χαρισάμενος,
1000 2067 1064 2199 5555
1087 2079 1136 2165 τῇ
1161 2066 1377 2166 ἁμαρτωλῷ
1401 2067 1467 2164 τὴν

192 2171 329 2270 ἄφεσιν
353 2178 431 2245 τῶν
457 2170 653 2267 ἁμαρτιῶν
678 2171 800 2298 55553
817 2170 971 2300 5553,t
953 2200 973 2245 ο
999 2169 1195 2296 555555551
1222 2175 1275 2266 τῶ
1300 2177 1467 2267 παραλυ-

192 2275 285 2367 τικιῦ
326 2268 607 2399 δωρησάμενος,
647 2270 719 2348 σῦν
753 2281 800 2369 τῇ
834 2270 961 2401 555055
993 2279 1072 2347 τῶν
1106 2271 1302 2369 ἁμαρτιῶν
1336 2272 1467 2358 αὐτοῦ,

194 2372 292 2500 άνες,
319 2371 424 2470 άφες,
462 2368 705 2501 συγχώρησον
730 2371 751 2448 5
780 2373 868 2458 Θεὸς
894 2372 941 2449 τὰ
967 2370 1306 2504 πλημμελήματα“
1284 2380 1397 2471 ημῶν
1421 2371 1467 2447 τὰ

193 2467 355 2560 ἑκούσια,
389 2472 435 2546 τὰ
470 2469 639 2601 5505555,
673 2475 769 2550 555
753 2477 795 2550 ἐν
810 2472 988 2605 γνώσει,
1008 2474 1056 2549 τὰ
1090 2473 1185 2550 ἐν’
1161 2471 1312 2604 αγνυίηι,
1346 2475 1393 2549 τὰ
1428 2479 1468 2549 ἰν

193 2571 405 2706 παραβάσει
436 2574 499 2649 καὶ
531 2582 702 2674 παρακοῇ
733 2573 834 2706 γενόμ
820 2606 928 2674 μενα,
964 2577 988 2652 55
1022 2575 1168 2652 οἶδε
1130 2607 1173 2652 το
1200 2572 1367 2672 Πνεῦμά
1401 2602 1469 2651 σου

193 2676 237 2751 τὸ
262 2672 447 2779 πανάγιον
471 2676 562 2775 ῦπερ
588 2678 676 2762 τοῦς
700 2676 857 2764 δούλους
883 2706 968 2755 σου
996 2678 1059 2753 καὶ
1084 2683 1119 2753 εἴ
1140 2708 1176 2752 τι
1200 2685 1278 2752 τῶν
1306 2681 1470 2753 ἐντολῶν

195 2801 264 2854 σου
300 2781 499 2875 ἄνθρωποι
525 2777 648 2900 σάρκα
674 2790 878 2908 φοροῦντες
902 2781 965 2857 καὶ
989 2780 1057 2855 τὸν
1082 2777 1226 2876 κόσμον
1249 2786 1387 2855 τοῦτον
1414 2784 1467 2853 οἰ·

194 2887 358 2969 κοῦντες,
383 2880 407 2976 5
433 2910 473 2955 εκ
497 2886 566 2956 τοῦ
592 2879 779 3010 διαβόλου
799 2882 1130 3011 ἐπλανήθησαν,’
1104 2888 1174 2956 είτε
1200 2885 1241 2957 εν
1265 2878 1410 3007 λόγῳ
1386 2911 1409 2977 η
1429 2884 1469 2955 ἐν

196 2983 312 3084 ε’ργῳ,
346 2985 415 3056 εἴτε
448 2980 521 3056 ύπὸ
554 2981 725 3082 κατάραν
757 2984 943 3113 ῦπέπεσφν
975 2983 998 3080 5
1032 2991 1087 3082 555
1121 2983 1206 3081 ἰδίῳ
1240 2982 1469 3080 ῦνοιθέματι,

193 3089 400 3212 παρακαλῶ
430 3083 493 3158 καὶ
526 3083 656 3182 δεομαι
687 3086 757 3183 τὴν
789 3083 939 3185 ἄφατόν
970 3111 1039 3161 σου
1073 3083 1380 3214 φιλανθρωπίαν,
1414 3088 1468 3212 555

194 3185 264 3284 μέν
298 3182 407 3314 λόγῳ
429 3187 606 3282 λυθῆναι,
641 3192 933 3320 συγχωρηθῆναι
965 3186 1007 3262 55
1040 3188 1166 3272 αὐτοῖς
1198 3194 1253 3285 τῶ
1280 3185 1381 3286 ὅρκῳ
1406 3184 1469 3262 καί

194 3292 249 3385 τῷ
274 3286 360 3386 ἰδίῳ
387 3287 600 3382 ἇναθέματι
625 3290 719 3365 κατὰ
745 3289 814 3387 τὴν
840 3291 923 3417 σὴν
936 3285 1166 3418 ἀγαθότητα
1210 3261 1298 3378 5⁷05,
1325 3288 1470 3362 Δέσπο-

195 3417 243 3462 τα
276 3392 408 3487 Κύριε,
443 3387 657 3520 εἰςάκοφσυν
690 3396 754 3488 τῆς
785 3387 988 3489 δεήσεῶςρ
990 3421 1048 3467 ιυυ
1081 3390 1173 3490 ῦπὲρ
1207 3400 1285 3465 τῶν
1319 3387 1470 3465 δούλων

196 3512 278 3580 σου,
303 3519 367 3566 και
355 3487 579 3589 555555‘
551 3521 601 3576 ως
627 3493 877 3590 ῦμνησικακος
893 3493 940 3568 τὰ
959 3493 1183 3590 ἐπταισμενα
1202 3493 1330 3569 αὐτῶν
1348 3492 1472 3567 ἅπαν-

199 3672 501 3686 *mn——

193 3765 227 3817 uli
252 3766 276 3816 iu
302 3766 375 3816 odito.
411 3768 469 3817 Doiu
496 3767 531 3817 rio
558 3767 678 3829 {iurgium
705 3766 834 3818 concludit
869 3768 985 3820 Dominus
1009 3767 1137 3818 benedicet
1161 3775 1184 3817 ει
1202 3766 1361 3818 ruucrissoubir
1380 3773 1403 3816 τι
1423 3778 1471 3816 uor

193 3863 278 3900 omues
305 3849 423 3900 custodiet
445 3865 490 3915 per
506 3852 714 3917 pauieipariouom
733 3853 940 3903 immaculatorum
960 3854 1126 3916 mysteriorum
1145 3866 1245 3904 suorum
1263 3852 1339 3913 gratio
1359 3834 1382 3901 ει
1400 3851 1476 3900 boui·

194 3933 283 3993 guiraro
300 3948 344 3984 suu
361 3943 488 3999 perpetuo,
506 3950 570 3985 nuno
588 3944 612 3986 ei
628 3950 727 4000 sempor
744 3944 767 3986 εῑ
785 3938 808 3987 iu
827 3938 923 3988 soeculo
942 3938 1104 3987 sueouiorum.

279 4018 383 4080 Liturgiu
401 4020 426 4070 S.
445 4018 515 4069 Murci
534 4020 606 4070 habet
623 4021 671 4071 ulio
689 4021 744 4071 looo
761 4023 864 4086 positum
883 4023 1023 4072 orationem.
1058 4011 1181 4077 Ἔδωκας
1197 4017 1274 4071 υἱοῦ·
1292 4014 1342 4076 δός
1358 4012 1474 4086 5557—

189 4087 278 4163 χάριν
299 4098 348 4149 καὶ
369 4093 418 4163 τὴν
441 4093 551 4168 δωρεάν
573 4100 620 4155 τοῦ
642 4105 782 4170 παναγίου
807 4118 855 4157 πν.
871 4131 904 4142 -
927 4101 977 4172 ἀμ.
996 4102 1027 4155 ἐν
1044 4102 1082 4168 τῷ
1096 4105 1148 4169 βιῳ
1166 4102 1213 4153 καὶ
1230 4096 1273 4154 55.
1291 4102 1330 4160 εἰς
1347 4097 1397 4166 τὴν
1417 4101 1472 4151 πελ.

191 4173 279 4238 ιίπολ,
300 4181 348 4235 ιιιιλ
369 4181 514 4239 υἱοθεσίαν
531 4212 562 4228 ·-
582 4184 629 4257 λγ.
645 4182 714 4258 ἡμῖν
730 4185 778 4239 καλ
794 4185 840 4240 oui
856 4181 905 4253 τὴν
922 4180 1008 4247 δόξαν
1024 4185 1238 4256 ἀναπέμπωμεν
1254 4188 1292 4253 55
1309 4188 1397 4253 πατρί
1414 4185 1475 4237 ιιτλ.Ι
