3044 4912
662 277 735 352 297

97 450 170 527 ῦτοῦ
194 453 335 528 έντολῶν
362 453 501 548 ἐργάτην
521 454 658 544 δόκιμον
678 454 834 551 άναδείξη
854 482 907 544 με.
949 456 1021 526 Καί
1046 454 1176 547 πάρεσό
1196 484 1257 544 μοι
1278 454 1332 529 ἀεί

97 554 285 650 ςέλεήμων
312 558 369 627 καί
394 559 580 648 συμπαθής
604 559 661 628 καί
691 557 894 651 φιλάγαθος.
944 553 997 626 Ἐν
1023 558 1084 644 μέν
1109 566 1158 649 τῷ
1188 558 1334 648 παρόντι

97 657 133 751 ίιγ
151 661 261 751 θερμὴ
284 656 467 748 προστάτις
486 660 544 728 καί
563 662 703 751 βοηθὸς,
734 662 796 742 τὰς
816 667 882 729 τῶν
902 659 1058 729 ἐναντίων
1078 659 1224 751 ἐφόδους
1245 658 1333 730 ἀπο-

97 761 262 847 ειχίζουσα,
289 762 345 830 καί
373 762 459 850 πρὸς
486 760 651 852 σωτηρίαν
676 758 914 852 καθοδηγοῦσά
939 782 999 847 με·
1027 761 1084 829 καὶ
1105 761 1140 830 ἐν
1160 771 1209 854 τῷ
1228 770 1333 855 καιρῷ

97 872 124 954 ῖς
142 862 261 946 έξόδου
281 888 347 951 μου
368 863 428 952 τήν
449 859 572 931 ἀθλίαν
592 887 658 950 μου
679 863 788 954 ψυχήν
808 860 1030 950 περιέπουσα,
1050 861 1108 931 καί
1128 864 1189 944 τὰς
1205 888 1333 934 σκοτει-

97 968 123 1047 ἰς
151 960 253 1055 ῦψεις
278 970 343 1032 τῶν
369 971 523 1055 πονηρῶν
550 963 718 1050 δαιμόνων
737 961 853 1054 πόρρω
875 960 976 1053 αὐτῆς
997 958 1240 1035 άπελαόνουσα.
1281 964 1334 1034 Ἔν

97 1068 103 1135 i
127 1074 169 1158 τῇ
197 1073 328 1158 φοβερᾷ
355 1062 463 1156 ήμέρᾳ
489 1072 549 1154 τῆς
568 1065 729 1154 Κρίσεως,
755 1072 816 1155 τῆς
837 1062 974 1134 αῖωνίου
993 1090 1037 1150 με
1058 1069 1199 1157 ρυομένη
1219 1067 1335 1137 Κολά-

97 1194 159 1251 τως,
174 1169 234 1237 καί
254 1175 314 1257 τῆς
334 1165 525 1257 ἀπορρήτου
548 1166 645 1259 δόξης
671 1174 731 1235 τοῦ
751 1175 813 1235 σοῦ
838 1164 929 1248 Υῖοῦ,
956 1166 1013 1234 καί
1037 1171 1125 1235 Θεοῦ
1144 1165 1335 1260 ήμῶννλη-

97 1268 208 1356 νόμον
220 1295 264 1356 με
279 1266 554 1338 ἀποδεικνῦυυσα.
574 1261 637 1351 Ἦς
649 1269 707 1338 καί
719 1266 862 1355 τῦχοιμι,
876 1265 1052 1337 Δέσποινά
1064 1293 1140 1354 μου,
1154 1267 1335 1359 Ὑπεραγία

97 1369 223 1453 cottiae,
246 1370 304 1439 διὰ
324 1378 383 1461 τῆς
403 1378 463 1460 σῆς
483 1369 653 1456 μεσιτείας
672 1371 730 1440 καί
751 1367 971 1461 ἀντιλήψεως,
993 1366 1115 1457 χάριτι,
1135 1371 1194 1439 καί
1214 1374 1336 1462 φιλαν-

97 1470 209 1564 ρωπίᾳ
236 1479 295 1540 τοῦ
320 1479 517 1560 μονογενοῦς
537 1497 598 1541 σου
623 1469 714 1554 Υίοῦ,
736 1478 797 1540 τοῦ
817 1469 955 1559 Κυρίου,
977 1470 1034 1539 καί
1058 1474 1156 1553 Θεοῦ,
1185 1473 1242 1542 καὶ
1262 1480 1317 1541 Σω

97 1582 166 1665 ῖρσς
185 1570 280 1664 ήμῶν
291 1570 398 1664 Ἰησοῦ
412 1581 572 1661 Χριστοῦ.
595 1565 650 1642 Ὧι
669 1575 797 1663 πρέπει
816 1580 913 1641 πᾶσα
934 1570 1028 1654 δόξα,
1049 1571 1140 1662 τιμή,
1161 1572 1217 1641 καί
1232 1598 1336 1661 προς-

97 1676 207 1767 Ινησις,
228 1675 288 1743 σῦν
309 1682 357 1764 τῷ
378 1672 507 1763 ἀνάρχφ
530 1672 632 1744 αὐτοῦ
651 1673 773 1763 Πατρί,
795 1675 852 1743 καί
872 1700 919 1764 τῷ
903 1672 1104 1764 Παναγίῳ,
1125 1673 1183 1742 καί
1203 1671 1334 1765 ἀγαθῷ,

97 1805 122 1846 ιι
110 1773 364 1866 ζωοποιῷ’
325 1802 425 1843 αυτου
410 1775 622 1862 Πνεῦματι,
644 1783 709 1857 νῦν,
718 1776 789 1844 καί
810 1771 873 1857 ἀεί,
895 1776 953 1844 καὶ
974 1773 1023 1855 είς
1041 1776 1119 1855 τοὺς
1133 1773 1257 1857 αἰῶνας
1271 1784 1337 1844 τῶν
1390 1822 1393 1829 -

97 1876 206 1947 ἷῶνων.
246 1875 359 1966 Ἀμήν.

151 1984 246 2047 Porro
269 1983 325 2045 aiia
347 1983 490 2045 recitatur
511 1984 606 2047 oratio
629 1976 814 2058 έπικοίτιος
833 1981 973 2045 Antiochi
997 1980 1152 2043 monachi:
1185 1977 1257 2045 Καὶ
1279 1979 1337 2059 δὸς

97 2086 146 2151 εῖν
166 2082 318 2149 δέσποτα
339 2079 426 2164 πρὸς
445 2077 550 2148 ῦπνον
571 2077 731 2148 ἀπιοῦσιν
751 2075 940 2147 ἀνάπαυσιν
965 2075 1120 2163 σώματος
1141 2076 1199 2145 καί
1211 2084 1337 2167 ψυχῆς·

97 2179 358 2273 ιλδιαφίλαξον
383 2177 471 2269 ήμᾶς
498 2178 568 2250 ἀπὸ
595 2186 655 2249 τοῦ
683 2181 827 2269 ζοφεροῦ
853 2178 961 2248 ῦπνου
988 2186 1049 2267 τῆς
1074 2174 1253 2267 ἁμαρτίας,
1281 2180 1340 2249 καί

97 2284 140 2353 πρ
160 2281 272 2374 πάσης
293 2290 462 2371 σκοτεινῆς
488 2282 545 2351 καί
566 2288 751 2370 νυκτερινῆς
771 2276 998 2371 ἡδυπαθείας.
1041 2286 1180 2348 Παῦσον
1199 2281 1261 2361 τὰς
1282 2278 1339 2369 δρ-

97 2382 134 2465 ἀς
152 2391 220 2451 τῶν
241 2391 375 2461 παθῶν,
398 2384 519 2470 σβέσον
539 2384 582 2451 τὰ
604 2383 830 2470 πεπυρωμένα
850 2383 932 2472 βέλη
947 2387 1008 2449 τοῦ
1022 2387 1181 2472 πονηροῦ,
1201 2382 1246 2450 τὰ
1259 2379 1338 2452 καθ’

97 2492 161 2571 μῶν
181 2483 303 2565 δολίως
323 2484 508 2572 κινούμενα.
548 2485 617 2564 Τὰς
637 2492 696 2574 τῆς
717 2483 839 2572 σαρκὸς
858 2479 952 2573 ήμῶν
973 2480 1217 2564 ἐπαναστάσεις
1236 2482 1339 2577 κατά-

97 2588 206 2663 τειλον,
234 2588 292 2655 καί
318 2594 387 2655 πᾶν
408 2589 538 2674 γεῶδες,
566 2586 622 2654 καί
643 2583 755 2654 ὑλικὸν
774 2583 869 2673 ἡμῶν
889 2580 1044 2677 φρόνημα
1063 2581 1227 2671 κοίμισον.
1269 2586 1340 2655 Καί

97 2686 218 2779 ἀρησαι
239 2686 318 2777 ἡμῖν
339 2685 357 2756 ὁ
375 2689 460 2769 Θεὸς
481 2686 639 2777 γρήγορον
659 2694 745 2770 νοῦν,
768 2684 927 2777 σώφρονα
942 2686 1109 2774 λογισμὸν,
1130 2685 1270 2774 καρδίαν
1282 2684 1341 2777 νή

97 2814 209 2872 ουσαν,
238 2789 342 2857 ῦπνον
368 2790 525 2880 ἐλαφρὸν,
552 2788 610 2857 καί
636 2786 747 2879 πάσης
775 2794 953 2877 σατανικής
980 2784 1167 2878 φαντασίας
1188 2785 1341 2877 ἀπηλλα-

97 2888 197 2975 cibor.
240 2889 472 2981 Διανάστησον
493 2890 531 2959 δέ
552 2887 640 2979 ήμῦς
661 2890 697 2958 ἐν
716 2895 765 2978 τῷ
784 2894 890 2978 καιρῷ
910 2897 970 2978 τῆς
990 2895 1181 2977 προςεοχής,
1210 2889 1341 2980 ἐστηρι-

97 2993 209 3077 μένσυς
229 2992 264 3061 έν
286 2997 361 3073 ταῖς
382 2990 534 3071 ἐντολαῖς
553 3015 624 3073 σου,
645 2992 702 3059 καί
722 2990 782 3079 τήν
801 2989 930 3078 μνήμην
951 2994 1016 3055 τῶν
1037 2994 1105 3056 σῶν
1125 2987 1292 3077 κριμάτων
1305 2990 1341 3059 έν

97 3100 204 3175 αυτοῖς
231 3091 518 3182 ἀπαράθραυστον
545 3089 690 3177 έήοντας.
732 3089 918 3175 Παννόχισν
945 3086 1024 3179 ἡμῖν
1042 3088 1102 3179 τήν
1122 3088 1183 3178 σήν
1204 3090 1342 3173 δοξολο-

97 3192 145 3265 ίαν
162 3194 312 3283 χάρισαι,
334 3193 383 3274 είς
402 3195 442 3263 τὸ
465 3190 586 3280 ὑμνεῖν,
608 3194 665 3261 καί
687 3188 842 3281 εὐλογεῖν,
865 3191 923 3260 καί
946 3188 1097 3273 δοξάζειν
1111 3190 1151 3259 τδ
1165 3188 1341 3279 πάντιμον,

97 3296 408 3385 σῖμεγαλοπρεπές
434 3289 541 3382 όνομά
568 3319 640 3376 σου,
668 3300 728 3361 τοῦ
747 3292 893 3381 Πατρός,
922 3293 1061 3361 καὶτοῦ
1085 3288 1177 3375 Υίσῦ,
1204 3293 1262 3362 καί
1281 3300 1343 3362 τοῦ

97 3398 182 3487 έγίου
203 3396 410 3484 Πνεῦματος,
438 3404 504 3478 νῦν,
532 3397 589 3464 καί
617 3393 680 3476 ἀεῖ,
708 3395 766 3463 καί
792 3392 841 3474 είς
869 3394 947 3475 τοῦς
973 3391 1097 3475 αἰῶνας
1115 3401 1182 3463 τῶν
1203 3392 1341 3464 αίῶνων.

97 3499 183 3586 ψ’ν.

133 3524 269 3669 ηλιετυαι
291 3606 445 3686 suspirant
466 3604 574 3667 Bootae
587 3603 716 3681 Virginis
739 3611 768 3665 et
783 3602 996 3664 Sanctissimae
1012 3600 1168 3664 Trinitatis
1184 3600 1340 3663 auxilinm:

97 3702 296 3793 ίπερένδοξε,
316 3700 548 3791 Ἀειπάρθενε,
571 3696 768 3789 είλογημένη
793 3696 945 3780 Θεοτόκε,
974 3695 1162 3786 προςάγαγε
1183 3697 1242 3786 τήν
1261 3692 1343 3787 ἡμε-

97 3804 171 3895 έραν
192 3805 375 3893 προςευχήν
395 3811 444 3895 τῷ
463 3801 531 3893 Υῖῷ
553 3826 624 3882 σου,
646 3801 702 3869 καί
719 3805 795 3888 Θεῷ
815 3797 916 3891 ἡμῶν,
938 3798 995 3867 καί
1016 3795 1161 3890 οῖ’τησαι,
1182 3800 1238 3865 ἵνα
1252 3796 1343 3890 σώση

97 3908 134 3975 iao
158 3913 222 3974 σοῦ
248 3906 310 3987 τάς
338 3906 449 3997 ψυχὰς
476 3901 577 3992 ἡμῶν.
619 3899 664 3970 Ἡ
682 3900 779 3982 ἐλπίς
799 3925 865 3986 μου
886 3898 905 3969 ὁ
927 3899 1057 3989 Πατήρ,
1084 3898 1255 3991 καταφυγή
1277 3925 1343 3986 μου

97 4004 166 4090 ίίός,
187 4006 295 4097 σκέπη
316 4033 382 4093 μου
403 4008 442 4075 τὸ
464 4012 603 4091 Πνεῦμα
625 4000 665 4071 τό
676 4002 803 4092 υΑγιον,
829 4001 932 4092 Τριάς
949 3999 1055 4088 Ἆγία,
1078 3998 1159 4085 δόξα
1181 4025 1245 4070 σοι.
1284 4006 1344 4069 Αδ-

97 4116 186 4178 motor
206 4114 370 4193 Doaologia
393 4114 492 4177 minor
514 4120 543 4174 et
563 4111 652 4192 Kyrie
675 4110 800 4173 eleison.

160 4216 222 4279 iam
250 4225 368 4277 renium
398 4227 445 4278 est
472 4216 508 4276 ad
538 4213 749 4275 caerimoniam
776 4210 965 4292 perpulcram
996 4203 1237 4294 συγχωρήσεως,
1265 4208 1345 4290 apud

97 4317 241 4379 nonachus
270 4319 344 4380 satis
372 4318 527 4399 prolixam.
572 4316 605 4377 ln
635 4314 773 4377 ecclesiis
809 4312 895 4374 laicis
925 4310 1089 4383 Sacerdos,
1116 4311 1265 4392 profundo
1298 4311 1345 4373 in-

97 4416 203 4480 iinalns
225 4420 343 4481 reniam
366 4419 558 4480 delictorum:
582 4408 747 4499 εὐλογεῖτε
760 4407 904 4495 πατέρες
919 4405 1010 4495 άγιοι
1023 4408 1080 4476 καί
1093 4404 1246 4499 ἀδελφοί,
1268 4429 1347 4496 συγ-

97 4513 247 4606 εωρήσατέ
273 4541 334 4602 μοι
361 4522 409 4606 τῷ
436 4513 622 4604 ἁμαρτωλῷ
641 4515 709 4583 κτλ.
752 4515 886 4597 Ρορυλαι
906 4515 1024 4578 reniam
1046 4514 1099 4577 (iat
1119 4534 1152 4579 se
1173 4512 1347 4578 inclinando
