3044 4912
725 268 798 343 682

124 448 290 538 ἰδιόμελα.
310 448 513 540 Ἔγναινίζοο
530 448 725 540 ἐγκαινίζοο.
745 449 864 519 Πάλαι
876 449 938 537 μέν
951 447 1150 538 ἐγιαινίζων.
1171 446 1340 539 Ἐμιαίνια
1351 477 1393 519 τι-

120 559 270 642 μᾶσθαι.
306 552 412 636 Δόξα,
434 554 504 622 Καί
525 560 592 636 νῦν,
618 550 656 621 Ὁ
678 553 738 621 ἐπί
758 559 824 621 τών
844 550 979 620 κόλπων
1000 558 1067 619 τών
1085 558 1272 640 πατρικῶν.
1300 549 1391 621 Ὅταν

122 651 314 746 φθάσωμεν
341 652 536 745 ἔμπροσθεν
561 662 628 723 τῶν
654 656 771 723 πυλών
796 660 856 722 τοῦ
876 662 970 735 ναοῦ,
997 651 1152 722 τίθενται
1172 653 1217 721 τὰ
1239 649 1315 741 ἰερά
1333 650 1390 721 λεί-

121 769 222 848 ψανα
250 754 310 825 ἐπὶ
337 755 563 846 τετραποδίοο
580 756 648 826 -καί
675 752 933 844 ἀναγινώσκεται
960 753 978 823 ὸ
1008 750 1200 834 ἀπόστολος
1225 754 1323 842 παρὸ
1340 762 1389 822 τοῦ

124 855 281 928 διακόνου
302 858 359 927 καί
379 859 417 926 τὸ
441 855 632 947 εὐαγγέλιον
651 858 747 944 παρὰ
766 865 827 925 τοῦ
849 855 1027 946 ἀρχιερέως
1041 856 1098 924 καί
1118 857 1206 941 μετὰ
1226 863 1325 925 τοῦτο
1344 856 1389 943 ἐρ-

121 957 257 1046 χόμεθα
285 958 390 1029 πάλιν
416 958 568 1050 γάρωθεν
596 967 657 1028 τοῦ
678 966 770 1041 ναοῦ,
800 958 986 1051 ψάλλοντες
1005 959 1064 1047 τήν
1085 955 1125 1046 γ’.
1148 954 1241 1047 ᾠδήν
1261 964 1321 1026 τοῦ
1338 984 1387 1026 κο-

123 1059 220 1142 νόνος
240 1061 297 1130 καί
318 1059 400 1130 ὅταν
421 1059 609 1152 φθάσωμεν
631 1059 825 1151 ἔμπροσθεν
845 1067 911 1128 τῶν
931 1062 1047 1128 πολῶν
1065 1066 1127 1129 τοῦ
1142 1065 1228 1127 ναοῦ
1242 1056 1388 1148 ἀναγινώ-

122 1186 246 1250 σκομεν
273 1161 392 1245 πάλιν,
421 1160 467 1243 ώς
494 1159 664 1252 ἀνωτέρω,
695 1159 886 1231 ἀπόστολον
912 1162 970 1231 καί
996 1158 1187 1251 εἰαγγίλων
1213 1162 1274 1230 καί
1299 1162 1388 1230 πάλυ

122 1261 346 1352 πορευόμεθα
368 1262 520 1353 γόρωθεν
540 1271 601 1333 τοῦ
622 1271 704 1333 ναοῦ
725 1261 912 1352 ψάλλοντες
932 1264 992 1353 τήν
1013 1260 1053 1344 ς’.
1075 1261 1244 1354 ηἰδήντοῦ
1258 1261 1389 1345 κανόνος.

122 1362 299 1447 Ἐλθόντες
327 1366 365 1435 δά
392 1367 460 1455 πρὸ
487 1373 554 1434 τιῦν
580 1369 695 1435 πυλών
715 1372 775 1433 τοῦ
796 1372 878 1434 ναοῦ
899 1365 1042 1456 ἐκφωνεῖ
1063 1362 1081 1434 ό
1104 1361 1288 1453 ἀρχιερεὺς,
1308 1362 1390 1434 εἰλο-

123 1469 224 1557 γητὸς
245 1463 276 1536 εἰ
296 1469 426 1556 Χριστέ
449 1463 467 1535 ὸ
493 1467 580 1547 Θεὸς
599 1464 692 1556 ήμῶν
714 1465 762 1546 εἰς
782 1468 861 1547 τοίς
882 1465 1006 1547 αἰῶνας
1026 1472 1092 1535 τῶν
1113 1464 1259 1535 αἰώνων.
1290 1463 1391 1556 Ἀμήν.

121 1564 211 1638 Εἰτα
233 1567 404 1658 ψάλλουσι
425 1567 464 1636 τὸ
490 1565 692 1656 Τροπάριον.
715 1565 754 1635 ‘0
775 1567 810 1636 ἐν
831 1574 872 1659 τῇ
892 1568 1001 1660 πέτρᾳ
1020 1575 1079 1656 τῆς
1100 1566 1252 1650 πίστεως
1272 1567 1392 1638 οἰκοδο-

123 1667 236 1758 μήσας
263 1670 322 1758 τήν
352 1666 527 1758 ἐκκλησίαν
554 1692 616 1739 σου
643 1666 764 1757 ἀγαθέ,
791 1670 827 1738 ἐν
855 1666 937 1761 αὐτῇ
964 1668 1168 1739 κατεόθυνον
1194 1671 1259 1752 τὰς
1281 1669 1392 1752 ἱκεσίας

124 1768 220 1860 ήμῶν
240 1771 296 1839 καί
317 1768 501 1859 πρόςδεξαι
521 1770 604 1841 λαὸν
625 1770 661 1840 ἐν
680 1770 796 1840 πίστει
815 1769 947 1857 βοώντά
961 1794 1033 1841 σοι·
1055 1778 1165 1840 σιῦσον
1177 1768 1303 1861 ήμᾶςὸ
1318 1772 1394 1853 θεὸς

123 1868 228 1962 ήμῶν,
250 1877 359 1941 σώσον
381 1869 478 1963 ήμᾶς.

209 1970 263 2042 Ἐν
292 1974 331 2042 δέ
357 1979 404 2063 τῷ
434 1972 632 2063 ψάλλεσθαι
657 1981 766 2056 τοῦτο,
795 1971 1002 2046 ἀποτίθεται
1028 1970 1047 2043 ὸ
1069 1971 1241 2064 ἀρχιερεὺς
1260 1975 1306 2043 τὸ
1325 1973 1395 2064 άγισ

124 2072 274 2167 λείψανα
295 2076 331 2145 ἐν
351 2081 398 2164 τῷ
419 2074 632 2168 τετραποδίη)
654 2073 848 2165 ἔμπροσθεν
868 2083 935 2143 τῶν
955 2079 1069 2144 πυλών
1088 2083 1149 2144 τοῦ
1170 2082 1256 2146 ναοῦ
1275 2077 1334 2146 καί
1346 2075 1396 2146 οἰ-

124 2203 194 2258 τως
215 2175 391 2262 ἐπεύχεται
412 2178 472 2267 τήν
494 2175 599 2268 εὐχήν,
619 2176 657 2247 ‘0
681 2179 767 2259 Θεὸς
787 2177 845 2247 καί
865 2175 976 2268 πατήρ
998 2185 1059 2247 τοῦ
1080 2175 1208 2264 Κυρίου
1229 2175 1327 2269 ήμῶν
1343 2175 1397 2269 Ἰη-

124 2284 190 2348 σοῦ
211 2285 373 2365 Χριστοῦ,
400 2276 419 2349 ό
442 2278 489 2349 ἀίν
510 2278 685 2372 εἰλογητὸς
706 2279 755 2362 εἰς
774 2279 852 2360 νοὸς
874 2277 1007 2361 αἰῶνας,
1036 2276 1055 2348 ὸ
1084 2279 1145 2359 διὸ
1167 2286 1231 2348 τοῦ
1256 2305 1398 2350 καταπε-

123 2379 297 2466 τάσματος
323 2388 383 2470 τῆς
410 2382 531 2470 σαρκὸς
560 2380 665 2452 αὐτοῦ
691 2379 878 2471 ἐγκαινίσας
903 2378 983 2472 ήμῖν
1007 2380 1068 2470 τὴν
1094 2370 1160 2448 τώλ
1181 2381 1399 2468 πρωτοτόκων

127 2479 301 2572 ἐκκλησίας
328 2491 387 2572 τῆς
415 2485 449 2553 ἐν
477 2490 549 2565 τοῖς
577 2481 731 2571 οὐρανοῖς
752 2481 1054 2571 ἀπογεγραμμένων
1073 2482 1133 2573 τήν
1154 2480 1299 2566 εἰςοδον,
1322 2481 1399 2554 ἔνθα

128 2579 220 2664 οἰκος
242 2582 464 2671 ἑορταζόντων
485 2584 582 2675 καίή
607 2587 698 2677 φωνή
724 2582 967 2672 ἀγαλλιάσεως·
990 2582 1090 2664 αὐτὸς
1106 2584 1337 2674 φιλάνθρωπα
1351 2587 1399 2655 δέ·

124 2709 250 2767 σποτα,
274 2686 462 2776 ἐπίβλεψον
484 2685 537 2775 ἐφ’
561 2685 648 2776 ἡμᾶς
672 2688 750 2767 τοὸς
772 2684 987 2774 άμαρτωλοίς
1008 2686 1064 2754 καί
1087 2683 1244 2768 ἀναξίους
1268 2687 1399 2767 δοῦλοις

128 2812 198 2864 σου,
221 2789 279 2854 τὸν
301 2788 510 2873 ἐγκαινισμὸν
534 2785 749 2874 ἑορτάζοντας
769 2795 829 2855 τοῦ
851 2788 1032 2873 σεβασμίου
1056 2797 1137 2856 ναοῦ
1159 2797 1221 2856 τοῦ
1235 2786 1398 2877 άγίουτοῦ

129 2890 237 2967 δεῖνος
259 2886 307 2967 εἰς
328 2887 494 2974 σύμβολον
516 2896 575 2978 τῆς
596 2886 781 2979 ἁγιωτάτης
802 2913 862 2956 σου
885 2889 1064 2978 ἐκκλησίας,
1088 2887 1175 2958 τοῦτ’
1194 2889 1288 2959 ἔστιν
1306 2890 1397 2960 αἰτοῦ

126 2997 187 3057 τοῦ
215 2988 353 3078 σκήνους
382 2988 483 3078 ήμῶν,
513 2989 597 3077 ὅπερ
620 2991 678 3058 τὸν
699 2990 778 3058 ναόν
800 3016 859 3059 σου
883 2993 940 3059 διὰ
961 3000 1020 3059 τοῦ
1043 2989 1238 3060 ἀποστόλου
1260 2995 1319 3062 καί
1339 3021 1396 3062 πα·

125 3090 298 3182 νεοφήμου
313 3091 453 3160 Παύλου
476 3090 640 3178 ὀνομάσαι
662 3091 867 3182 κατηξιώσας
888 3095 944 3161 καί
964 3100 1081 3161 τοῦτον
1102 3093 1293 3178 στερέωσον
1312 3096 1395 3183 μέχρι

126 3201 187 3280 τῆς
216 3193 407 3274 συντελείας
434 3201 493 3261 τοῦ
524 3194 644 3273 αἰῶνος
670 3192 852 3263 ἀσάλευτον
873 3196 929 3262 καί
951 3195 1193 3280 δεδοξασμένον
1216 3197 1253 3263 ἐν
1277 3201 1332 3265 σοὶ
1351 3196 1395 3264 καί

127 3290 273 3373 ἀξίωσον
293 3291 381 3382 ἡμᾶς
403 3292 437 3363 ἐν
460 3294 548 3383 αίτηῦ
571 3295 714 3375 αἰνέσεις
734 3298 790 3364 καί
806 3297 999 3384 δοξολογίας
1013 3295 1292 3384 ἀκαταγνώστους
1306 3323 1396 3385 προς-

126 3392 221 3481 άγειν
242 3401 282 3484 τῇ
305 3393 383 3486 δόξη
406 3420 466 3462 σου
488 3399 543 3463 καὶ
565 3403 611 3485 τηῦ
632 3403 802 3484 μονογενεῖ
823 3423 883 3465 σου
899 3396 970 3485 υἱῷ,
993 3403 1038 3484 τῷ
1056 3396 1168 3486 Καρίην
1191 3395 1290 3487 ήμών
1304 3399 1397 3491 Ἰησοῦ

128 3501 265 3583 Χριστῷ
288 3497 345 3564 καί
365 3503 412 3586 τῷ
436 3495 518 3586 ἁγίῳ
540 3523 601 3566 σου
623 3498 788 3584 πνεύματι
810 3496 844 3566 ἐν
862 3498 1039 3586 ἐπιγνώσει
1053 3500 1109 3568 καὶ
1125 3497 1291 3588 αἰσθήσει
1306 3527 1398 3591 προς-

128 3596 307 3677 κυνοῦντάς
335 3622 372 3665 σε
400 3599 435 3666 ἐν
463 3597 560 3690 φόβην
589 3625 649 3667 σου
670 3608 734 3667 τῶν
757 3600 860 3668 θείων
882 3598 996 3683 ἀξίους
1018 3604 1194 3689 δειχθῆναι
1217 3601 1397 3691 οἰκτιρμῶν,

127 3696 393 3786 είπροςδέκτους
420 3726 457 3767 τε
487 3709 527 3791 τῇ
555 3698 742 3791 ἀγαθότητι
770 3703 928 3789 γίνεσθαι
956 3703 1017 3781 τὰς
1038 3700 1169 3791 δεήσεις
1189 3702 1328 3786 ταί-τας,
1349 3707 1399 3783 τὸς

126 3796 215 3888 ὑπὲρ
243 3797 335 3887 ήμῶν
364 3802 420 3869 καί
450 3804 576 3882 παντὸς
603 3810 663 3871 τοῦ
690 3806 774 3871 λαοῦ
795 3829 865 3885 σου,
893 3813 932 3895 τῇ
954 3801 1075 3892 ἀοράτῳ
1096 3828 1157 3871 σου
1181 3802 1400 3895 εὸσπλαγγνίρ

130 3902 393 3988 προςαγομένας.
435 3902 637 3990 Πρεσβείαις
664 3913 723 3993 τῆς
744 3902 905 3994 ἀχράντου
928 3904 1105 3995 δεσποίνης
1126 3903 1221 3993 ήμῶν
1244 3908 1398 3976 θεοτόκσι·

127 4004 186 4071 καί
209 3999 439 4092 ἀειπαρθένου
461 4004 612 4095 Μαρίας.
631 4005 708 4076 Ὅτι
729 4006 824 4095 ἅγιος
845 4003 875 4076 εἰ
897 4004 915 4076 ὸ
940 4007 1024 4086 Θεὸς
1046 4004 1138 4093 ήμῶν
1159 4008 1217 4075 καί
1243 4010 1280 4077 ἐν
1302 4007 1401 4097 αἰγίοις

129 4100 286 4196 ἀναπαόη
309 4107 366 4173 καί
387 4106 443 4174 σοί
464 4106 523 4194 τήν
546 4108 645 4189 δόξαν
667 4106 909 4195 άναπέμπομεν
929 4114 976 4198 τῷ
998 4109 1104 4197 πατρί
1123 4110 1181 4178 καί
1202 4115 1254 4199 τῷ
1277 4110 1340 4201 υἰῷ
1354 4110 1399 4180 καί

127 4210 176 4292 τῷ
200 4203 283 4295 άγίῳ
304 4205 480 4293 πνεόματι,
503 4214 558 4276 νῦν
580 4210 636 4277 καί
658 4207 721 4291 ἀεί,
743 4211 801 4279 καί
822 4209 870 4291 εἰς
891 4212 968 4290 τοὸς
990 4209 1124 4291 αἰῶνας.

213 4302 299 4375 Εἶτα
319 4309 409 4398 λέγει
430 4310 489 4397 τήν
511 4308 606 4399 είγήν
626 4319 685 4400 τῆς
702 4311 842 4392 εἰςόδου.

213 4410 376 4478 Δέσποτα
391 4409 495 4501 Κύριε
517 4409 535 4481 ὁ
554 4414 639 4494 Θεὸς
659 4410 762 4502 ήμῶν,
786 4412 805 4482 ὸ
826 4413 1035 4503 καταστήσας
1056 4416 1091 4484 ἐν
1106 4410 1242 4505 οὸρανηῦ
1257 4414 1403 4505 τάγματα

124 4504 186 4574 καί
207 4512 364 4597 στρατιάς
385 4511 531 4604 ἀγγέλων
550 4515 609 4584 καὶ
629 4511 838 4605 ἀρχαγγέλων
857 4515 906 4598 εἰς
920 4514 1128 4607 λειτουργίαν
1141 4523 1202 4607 τῆς
1217 4526 1282 4611 σῆς
1296 4519 1404 4609 δόξης·
