3044 4912
86 399 96 469 l

720 244 790 316 193

201 429 281 502 dlio.
316 427 519 501 Benedictus
547 428 590 501 sit
616 429 724 501 bonor
752 439 827 502 tuus
854 428 1054 522 adorandus,
1082 453 1122 502 ex
1147 429 1220 501 loco
1248 442 1305 504 tuo
1323 432 1394 529 glo·

146 533 212 604 rioso
245 531 389 622 Christe,
427 531 623 626 propitiator
657 531 853 602 delictorum
878 540 1081 623 nostrorum,
1116 543 1394 651 peccatorumque

144 645 309 707 nostrorum
344 632 467 728 quiquo
500 631 611 703 aufers
645 632 854 729 insipientias
889 643 1021 704 nostras
1055 657 1115 728 per
1148 635 1304 728 mysteria
1338 648 1393 709 tua
1423 650 1430 667 ·

143 735 297 831 praeclara,
325 744 450 825 sancta,
478 733 603 805 vivilica
619 743 665 815 et
691 734 817 806 divina:
846 731 998 804 Christus
1025 757 1101 831 spes
1129 746 1278 830 naturae,
1308 762 1393 810 sem·

142 860 185 932 per
205 848 237 909 et
262 837 296 907 ln
324 835 467 908 saecula.
518 835 635 907 Amen.

424 1068 628 1165 obsignatio,
656 1094 716 1142 seo
743 1069 861 1141 ultimo
887 1069 1091 1141 Benedictio.

195 1238 277 1310 xxi.
304 1238 467 1312 Dominus
494 1248 608 1310 noster
625 1237 718 1311 lesus
736 1237 889 1320 Christus
916 1237 967 1309 cui
995 1237 1266 1330 ministravimus,
1294 1263 1393 1336 quem

142 1341 286 1413 sensimus
321 1353 355 1412 et
388 1338 622 1412 honoravimus
645 1341 691 1410 ‚in
725 1340 893 1435 mysteriis
927 1339 997 1412 suis
1031 1341 1221 1437 prieclaris,
1256 1342 1392 1434 sanctis,

140 1437 362 1514 deificantihus
385 1451 420 1514 et
446 1441 577 1532 divinis,
606 1441 762 1536 dignos
753 1464 825 1538 rpse
852 1465 914 1512 nos
941 1440 1064 1513 elliciat
1089 1442 1195 1537 gloria
1221 1443 1394 1539 splendida

140 1543 213 1638 regni
247 1544 313 1635 sui,
348 1554 382 1615 ot
414 1543 537 1615 laetitia
564 1565 640 1614 cum
665 1543 802 1658 Angelis
829 1542 900 1614 suis
927 1543 1062 1634 sanctis,
1097 1543 1196 1615 etad
1225 1543 1393 1619 conliden-

116 1644 199 1739 tiam
224 1668 336 1717 coram
363 1668 415 1735 eo,
441 1655 479 1716 ut
504 1655 630 1716 stemus
658 1644 697 1715 ad
726 1645 798 1716 eius
826 1644 1004 1716 dexteram
1057 1644 1100 1716 Et
1126 1668 1226 1742 super
1254 1667 1393 1761 congre·

140 1749 285 1838 potionem
326 1756 472 1818 nostram
508 1745 695 1816 universam
728 1745 961 1859 miserationes
996 1755 1029 1815 et
1056 1747 1285 1821 misericordia
1321 1747 1394 1820 eius

139 1861 278 1944 perpetuo
306 1846 528 1939 effundantur,
556 1869 645 1918 nunc
671 1856 705 1917 et
730 1870 873 1942 semper,
901 1845 935 1916 in
963 1847 1103 1920 saecula.

482 2080 608 2154 Diebus
634 2080 818 2153 Dominicis
846 2091 877 2152 et
904 2081 1025 2153 Fectio.

195 2251 268 2348 lpse
303 2251 359 2349 qui
394 2248 564 2322 benedixit
596 2272 658 2321 nos
685 2247 841 2320 omnibus
870 2247 1157 2320 benedictionibus
1187 2248 1332 2345 Spiritus
1360 2254 1393 2321 in
1418 2224 1425 2235 .

136 2353 231 2446 coelis,
268 2377 328 2451 per
360 2351 469 2424 lesum
503 2349 671 2424 Christum
704 2349 883 2423 Dominum
920 2359 1084 2442 nostrum,
1122 2359 1155 2422 et
1188 2352 1395 2448 praeparavit

133 2475 181 2527 nos
206 2455 247 2527 ad
274 2477 414 2549 regnum
441 2477 551 2546 suum,
576 2453 769 2549 vocavitque
796 2475 857 2522 nos
875 2451 915 2521 ad
932 2451 1019 2523 bona
1038 2451 1282 2543 desiderabilia,
1310 2477 1394 2547 quae

132 2577 182 2629 nec
205 2557 375 2647 desinunt,
404 2578 465 2626 nec
491 2565 643 2650 pereunt,
677 2555 765 2625 sicut
789 2551 955 2647 pollicitus
982 2561 1033 2625 est
1060 2552 1155 2624 nobis
1183 2554 1217 2624 in
1245 2553 1394 2649 Evange-

131 2655 165 2730 lio
195 2683 256 2730 suo
291 2656 485 2747 vivificante,
524 2655 670 2752 dixitque
706 2654 957 2748 congregationi
984 2654 1179 2727 benedictae
1207 2655 1394 2751 Discipulo·

130 2783 191 2831 rum
224 2783 381 2832 suorum:
417 2757 536 2848 Amen,
571 2757 770 2856 amenxdico
798 2755 903 2847 vobis,
931 2757 1007 2853 quia
1035 2756 1144 2828 omnis
1172 2757 1227 2852 qui
1255 2758 1395 2830 mandu-

130 2872 172 2933 cat
205 2884 326 2957 corpus
361 2883 484 2951 meum,
520 2868 554 2929 et
586 2857 670 2929 bibit
696 2858 894 2952 sanguinem
921 2881 1032 2929 meum
1060 2858 1095 2927 in
1121 2881 1175 2928 mo
1202 2868 1326 2950 manet,
1361 2867 1395 2930 et

129 2985 180 3056 ego
214 2964 249 3034 in
277 2986 330 3055 eo,
366 2972 399 3032 et
425 2983 487 3055 ego
515 2958 720 3032 resuscitabo
748 2982 825 3030 eum
852 2959 886 3028 in
914 2958 1093 3029 novissimo
1123 2958 1187 3049 die,
1224 2969 1254 3030 et
1283 2960 1317 3029 in
1345 2959 1395 3030 iu·

129 3065 241 3136 licium
274 3087 341 3135 non
370 3062 470 3154 venit,
504 3061 563 3132 sed
591 3061 732 3133 transire
760 3059 852 3131 illum
879 3059 998 3130 luciam
1025 3059 1065 3129 de
1093 3071 1199 3129 morte
1227 3059 1395 3131 advitam

129 3177 304 3237 aeternam:
333 3165 404 3260 ipse
431 3185 520 3235 nunc
546 3162 722 3234 benedicat
748 3160 997 3254 congregationi
1026 3169 1172 3253 nostrae,
1201 3171 1234 3231 et
1260 3183 1396 3233 conser-

128 3278 173 3338 vet
204 3278 326 3339 statum
360 3276 523 3356 nostrum,
555 3275 587 3336 et
620 3264 803 3358 gloriosum
829 3261 928 3333 saciat
953 3260 1112 3358 populum
1140 3273 1303 3355 nostrum,
1339 3264 1395 3359 qui

130 3368 209 3440 venit
234 3380 267 3440 et
292 3369 432 3440 laetatus
459 3367 570 3438 estin
598 3366 810 3460 susceptione
837 3363 1071 3458 mysteriorum
1099 3364 1183 3455 eius,
1211 3365 1396 3460 praeclaro·

131 3492 206 3562 rum,
232 3480 436 3562 sanctorum,
463 3467 696 3539 vivificantium
723 3475 756 3536 et
782 3465 980 3558 divinorum,
1007 3467 1145 3563 vivoque
1172 3465 1269 3558 siguo
1287 3465 1397 3537 crucis

134 3570 306 3644 dominicae
333 3571 406 3643 sitis
433 3570 599 3664 obsignati
627 3579 659 3639 et
686 3566 853 3659 custoditi,
893 3566 933 3639 ab
962 3566 1116 3639 omnibus
1143 3565 1317 3637 fraudibus
1344 3588 1396 3636 se·

136 3674 232 3767 cretis,
259 3684 293 3746 et
319 3673 441 3771 apertis
468 3695 557 3743 nunc
584 3682 618 3742 et
639 3692 782 3764 semper.
