3044 4912
675 1186 705 1278 G
726 1186 762 1277 t
782 1189 815 1276 P
834 1187 871 1278 U
893 1189 926 1276 T
970 1186 1003 1276 Ι.

559 1364 781 1458 ttruuort
813 1393 1115 1456 otnunurmt.

294 1595 464 1702 Postquam
497 1622 708 1697 Krabbius,
740 1621 902 1703 llre'yius
935 1620 1041 1702 aliique
1075 1620 1206 1683 studium
1235 1639 1302 1683 acre
1329 1628 1360 1683 et
1387 1638 1475 1682 omne

201 1725 352 1804 ingenium
373 1723 561 1786 contulerunt
582 1724 619 1786 ad
634 1724 883 1785 Constitutionum
895 1723 1131 1804 Apostolicorum
1152 1722 1297 1802 originem
1320 1721 1474 1784 illustrau-

201 1827 268 1888 dam
289 1834 377 1906 atque
398 1824 538 1901 indolem,
567 1846 601 1888 ea
635 1824 780 1887 sententia
802 1842 907 1904 magno
931 1833 961 1887 et
981 1822 1126 1904 aequabili
1147 1824 1253 1904 plausu
1275 1831 1395 1903 recepta
1417 1830 1474 1897 est,

200 1946 273 2009 quae
294 1924 411 1989 idoneis
434 1945 506 1989 sane
521 1927 743 1990 commendatur
757 1924 954 2007 argumentis:
977 1944 1029 1988 sex
1042 1924 1136 1987 libros
1151 1925 1269 2005 priores
1284 1925 1473 2005 conscriptos

201 2047 269 2092 esse
290 2028 408 2091 saeculo
430 2030 518 2091 tertio
534 2028 570 2089 ad
586 2029 675 2091 tinem
690 2037 838 2108 vergente,
855 2026 1015 2108 septimum
1031 2027 1126 2106 quarti
1141 2026 1249 2088 saeculi
1266 2026 1352 2088 initia
1368 2034 1472 2088 osten·

198 2131 281 2206 dere,
310 2138 444 2192 octavum
473 2130 549 2192 circa
576 2130 706 2193 medium
729 2129 878 2193 saeculum
906 2137 1040 2209 quartum
1073 2136 1248 2209 congestum
1281 2128 1400 2209 esse¹):
1437 2127 1473 2189 ad

91 2248 100 2257 ·
198 2248 291 2295 unum
314 2250 418 2295 omnes
442 2230 556 2312 Syriam
577 2232 759 2312 provinciam
782 2249 945 2311 agnoscere
966 2237 1100 2292 matrem.

284 2333 430 2396 Omnibus
453 2333 531 2393 inter
551 2351 585 2394 se
606 2333 831 2395 concinentibus
853 2333 924 2393 viris
946 2331 1042 2392 doctis
1065 2349 1119 2411 ego
1141 2349 1203 2391 non
1236 2329 1290 2392 alia
1317 2330 1415 2411 probo
1445 2340 1475 2393 et

200 2434 322 2498 suadeo.
344 2435 380 2495 tt
395 2432 556 2495 cavendum
579 2442 635 2508 est,
658 2452 724 2495 cum
746 2434 776 2495 in
799 2432 864 2494 aliis
881 2425 1064 2510 διατάξεων
1078 2430 1223 2514 partibus,
1246 2440 1308 2494 tum
1322 2433 1351 2493 in
1367 2430 1471 2494 Litur-

199 2537 245 2616 gia
256 2535 323 2597 libri
336 2533 440 2605 octavi,
451 2552 489 2594 ne
500 2534 696 2596 contundatur
709 2545 896 2617 tempusque
911 2534 1114 2615 dispersorum
1127 2534 1199 2596 tacta
1211 2542 1256 2596 est
1269 2532 1473 2596 membrorum

199 2635 332 2698 collectio
355 2653 420 2696 cum
442 2634 489 2695 illa
512 2634 760 2714 quaeLiturgiam
783 2636 965 2697 venerandae
988 2636 1168 2715 antiquitatis
1190 2634 1310 2696 tradidit
1330 2635 1471 2714 posteris.

198 2736 300 2816 Neque
322 2735 351 2796 in
374 2734 429 2797 bac
450 2735 648 2816 disputatione
669 2737 766 2817 placet
780 2737 851 2798 mibi
866 2736 1067 2811 lirabbius‚
1091 2736 1169 2799 haud
1183 2737 1323 2798 immunis
1337 2736 1389 2798 illo
1405 2734 1472 2799 te-

197 2828 430 2920 τουργομάχων
450 2835 535 2898 ritio:
559 2836 682 2899 alienam
705 2839 798 2901 luisse
819 2859 836 2901 a
858 2838 983 2901 saeculis
999 2838 1130 2901 secundo
1146 2858 1180 2900 ac
1194 2839 1281 2899 tertio
1298 2837 1472 2900 industriam

197 2938 228 3000 in
255 2937 403 3019 Liturgica
434 2940 571 3019 positam,
605 2959 639 3001 ac
659 2949 817 3022 propterea
850 2958 955 3002 omnes
976 2939 1135 3021 Liturgias‚
1158 2939 1397 3020 antiquissimam
1419 2959 1469 3001 ec·

197 3039 317 3101 clesiam
339 3039 511 3120 genitricem
533 3041 682 3115 mentitas,
706 3041 823 3103 saeculo
846 3041 964 3103 demum
977 3041 1063 3103 tertio
1080 3041 1126 3102 vel
1140 3052 1244 3122 quarto
1261 3060 1330 3104 esse
1345 3060 1470 3122 compo-

199 3139 281 3202 sitas.
289 3139 312 3217 ¹)
341 3141 545 3204 Probabiliora
560 3151 639 3214 sunt,
655 3161 729 3223 quae
744 3143 774 3204 in
789 3144 844 3206 bac
857 3143 993 3223 liturgica
1009 3143 1183 3222 quaestione
1198 3143 1340 3222 exposuit
1353 3142 1471 3224 Drey-

197 3241 257 3302 ius
277 3240 298 3302 l.
313 3260 338 3303 c
361 3261 391 3322 p.
411 3246 470 3307 139
486 3263 548 3324 sq.:
591 3243 671 3316 „Um
686 3248 750 3306 erice
764 3264 877 3324 gereone
892 3245 1151 3325 Zeitbesta'mmnnq
1166 3263 1207 3306 zu
1223 3244 1372 3317 erbolten,
1387 3251 1473 3307 mbo-

197 3360 251 3404 aen
272 3347 330 3405 wir
350 3344 411 3423 ons
429 3344 476 3406 die
498 3345 660 3408 detondere
682 3345 1053 3425 llr'qeetlutmlt'clrlrer'tdcr
1076 3346 1209 3426 liturgic
1232 3347 1385 3425 er'nqelten.
1417 3346 1472 3409 lltr

198 3455 297 3506 mter
318 3443 526 3508 Bestorcdtlrca‘l
548 3481 582 3492 —
610 3448 775 3530 betreffend
807 3449 852 3510 dte
878 3448 1044 3526 Vorlesonq
1076 3448 1130 3508 der
1161 3446 1286 3527 belligero
1314 3445 1472 3524 Scbrr'stcn

196 3547 260 3608 und
283 3547 328 3608 die
345 3545 493 3628 Vortrdqe
516 3549 660 3622 dorober,
684 3553 724 3610 a'st
747 3550 888 3620 dersclbe,
911 3553 965 3611 wie
987 3567 1021 3610 cr
1043 3548 1136 3610 sebon
1157 3552 1198 3610 rin
1219 3550 1346 3609 zweitcn
1361 3545 1469 3617 Bncbr,

191 3646 230 3725 jo
252 3648 344 3711 sebon
376 3649 423 3710 ber·
451 3647 657 3712 Tertullianus
678 3651 743 3713 und
773 3651 915 3715 lustinus
937 3650 1116 3711 vorlommt.
1167 3649 1224 3710 Dic
1252 3648 1470 3727 Abscedernnq

196 3749 252 3811 der
272 3748 368 3812 Misso
389 3748 534 3812 Fa'debicm
555 3770 617 3813 oon
638 3753 694 3814 der
713 3751 809 3815 Misso
832 3752 1126 3821 Cuteclrumeacorom,
1153 3750 1199 3812 dic
1221 3750 1391 3812 decendero
1414 3749 1471 3812 Ge-

196 3850 259 3912 betc
278 3852 336 3930 [ῆν
358 3851 435 3914 diere
458 3851 598 3927 letztcrn,
620 3858 710 3917 sowr'e
729 3854 788 3933 [ἄν
809 3855 855 3916 dr'e
870 3847 1098 3933 energumenae
1111 3852 1176 3912 und
1189 3850 1379 3924 Ponitenten,
1404 3860 1471 3913 ent-

283 4035 307 4098 1)
324 4037 407 4102 ltaque
423 4041 445 4089 si
463 4040 629 4105 antiquissima
643 4039 845 4090 Constitutionum
855 4037 952 4102 Syriaca
969 4038 1047 4088 versio
1066 4051 1150 4087 mance
1168 4045 1269 4102 apparet
1287 4038 1368 4102 quoad
1381 4038 1470 4088 librum

195 4129 314 4183 octavum,
338 4122 396 4172 nibil
420 4123 485 4173 aliod
503 4124 558 4174 inde
576 4124 692 4174 evincitur
715 4124 762 4174 taisi
780 4136 832 4174 aam
850 4131 958 4174 secutam
976 4138 1031 4175 esse
1048 4121 1155 4173 codicem
1181 4136 1210 4171 ee
1234 4130 1311 4171 aetate
1336 4131 1469 4181 exaratum,

196 4221 243 4272 qna
261 4206 368 4257 nondum
387 4215 462 4258 totum
478 4207 682 4258 constitutionum
701 4223 771 4272 opus,
790 4209 813 4257 in
832 4215 886 4257 octo
906 4207 982 4257 libros
1000 4207 1128 4270 digestum,
1147 4207 1170 4256 in
1190 4206 1267 4256 locem
1286 4207 1387 4270 prodiit.
1425 4269 1427 4273 Α

279 4289 305 4348 2)
322 4291 452 4354 liturgiam
471 4299 577 4341 nostram
595 4307 608 4342 e
626 4291 790 4356 chrysostomi
809 4291 920 4342 Homiliis
937 4292 1128 4342 consarcinatam
1154 4291 1273 4339 existimet
1295 4291 1331 4340 rel
1358 4299 1470 4357 tempore

16 4374 19 4381 '
80 4366 88 4371 “
195 4372 360 4438 Mosteni
379 4376 545 4440 compositam.
573 4373 797 4440 Cl.tamenp.240
814 4376 943 4438 „lladnrcb
961 4378 992 4427 iat
1011 4376 1105 4426 trellicb
1123 4375 1469 4439 lteinesnegesensgescblos·

193 4470 249 4523 aas,
265 4458 323 4512 dau
339 4458 392 4511 siclt
409 4459 475 4512 nicht
491 4460 554 4511 anch
570 4459 695 4512 Elementa
713 4461 781 4512 einer
797 4461 897 4513 trebern
915 4461 968 4512 Zeit
984 4460 1065 4511 boden
1082 4457 1199 4511 sollten.“
