3044 4912
737 215 811 290 135

224 398 292 463 Cum
319 400 357 462 ad
384 400 563 463 bodiemum
590 419 686 480 usque
712 401 792 464 (liena
819 420 881 464 non
908 400 1048 465 inventus
1071 403 1112 465 sit
1132 402 1206 467 alius
1227 404 1331 478 coda,
1362 405 1412 486 qui

165 502 266 563 autari
287 503 388 583 possit
409 521 475 564 aru
491 502 661 564 membrana
676 502 871 577 llossauensi,
892 504 1050 584 ponendus
1067 514 1131 575 erat
1144 505 1220 567 luha
1236 515 1331 569 textus
1344 506 1411 570 rul-

163 612 235 680 gatus.
276 603 364 677 Quod
384 623 461 666 sana
488 604 593 666 accidit
613 604 865 684 perincommode.
909 603 983 667 Nam
1004 615 1167 670 ecmurunt
1192 606 1275 670 initia
1297 616 1411 689 tautum

161 703 318 766 diuersarum
342 705 519 778 orationum,
543 724 618 785 quae
640 705 758 768 aliunde
779 704 923 785 petendae
944 707 1050 768 iurent.
1059 708 1080 784 ¹)

221 807 241 866 h
263 806 379 868 decimo
403 806 520 869 circiter
536 807 653 869 saeculo
665 807 702 868 ah
718 806 1061 887 Constantinopolitanae
1079 809 1201 870 unitatis
1217 809 1411 872 enthusiastis

97 924 99 973 ζ
158 906 272 969 abolitam
295 927 363 970 esse
385 907 461 987 apud
483 908 642 989 Aegyptios
665 907 812 988 liturgiam
836 907 867 970 S.
890 906 979 969 blarci
1008 908 1161 989 „pessimo
1185 918 1214 972 et
1236 930 1252 973 a
1275 911 1411 975 moribus

157 1009 275 1070 eclesiae
309 1009 419 1072 veteris
453 1009 639 1072 alienissimo
668 1009 824 1090 exemplo“
855 1010 912 1071 iam
942 1028 1033 1089 supra
1060 1021 1327 1075 commemoratum
1354 1021 1412 1077 est.

157 1109 201 1170 Sed
220 1109 275 1173 iam
296 1120 381 1171 antea
403 1110 557 1191 emigravit
578 1110 710 1190 Liturgia
732 1111 767 1172 ad
789 1111 1021 1191 Menophpsitas,
1047 1113 1098 1192 qui
1118 1114 1181 1175 lere
1201 1121 1295 1175 totam
1318 1132 1410 1179 uuus·

154 1220 241 1290 parant
261 1212 422 1292 Augustum
446 1221 475 1274 et
495 1212 621 1275 Nubiam
643 1212 882 1288 Christianam.²)
924 1212 996 1273 lnde
1023 1214 1130 1276 tactum
1164 1222 1221 1289 est,
1248 1223 1281 1277 ut
1303 1214 1410 1277 helie-

154 1331 209 1374 num
229 1312 339 1394 Captae
360 1321 447 1394 atque
468 1313 628 1394 Aethiopes
649 1322 770 1376 utuntur
791 1313 929 1392 liturgiis,
956 1333 1030 1395 quae
1052 1312 1088 1375 ad
1110 1333 1201 1377 unum
1225 1334 1330 1379 omnes
1352 1316 1410 1379 llu-

152 1415 269 1478 reriuta
292 1413 323 1475 S.
345 1414 462 1477 Marco.
494 1415 567 1476 vioe
599 1434 674 1496 quae
705 1415 843 1495 exposuit
864 1414 1017 1479 Nealius
1037 1435 1069 1496 p.
1085 1418 1137 1482 39.
1180 1416 1323 1480 Nostrum
1351 1416 1409 1498 igi·

152 1522 191 1576 ur
206 1525 269 1583 arat
290 1516 426 1579 conterre
447 1535 513 1579 eum
535 1516 653 1597 liturgia
676 1514 752 1578 inira
773 1517 884 1598 scripta
905 1517 999 1579 libros
1022 1517 1181 1598 Coptarum
1204 1528 1282 1583 tres:
1305 1519 1335 1582 S.
1351 1519 1410 1583 na-

150 1616 207 1690 sibi,
232 1618 263 1678 S.
295 1616 431 1696 Gregorii
458 1616 646 1705 Nazianzeni,
662 1618 713 1697 (cl.
747 1636 778 1698 p.
805 1621 859 1696 at)
888 1627 919 1680 et
944 1619 975 1681 S.
999 1619 1097 1700 Cprilli
1124 1640 1142 1682 a
1170 1621 1346 1683 Renaldotio
1373 1640 1410 1682 ex

150 1716 256 1796 Coptico
279 1737 455 1781 conversos:
487 1738 504 1780 e
525 1718 612 1781 libris
626 1696 776 1799 {turgicis
798 1720 975 1800 Aethiopum
998 1720 1099 1783 decem
1114 1722 1264 1784 Cononem
1287 1722 1409 1784 unirer·

150 1818 237 1894 salem,
259 1839 347 1900 quem
370 1810 668 1903 omnsssushpostolis
690 1820 832 1896 tribuunt,
855 1820 1021 1885 llenaldotii
1043 1841 1132 1902 opera
1154 1823 1185 1885 in
1206 1823 1328 1886 latinum
1341 1840 1409 1891 set·-

150 1939 252 1984 menem
273 1922 456 1985 hanalatuuu.
464 1920 486 2000 ³)

218 2174 242 2236 1)
259 2174 473 2226 ltenaltiotiua
491 2174 509 2224 l.
528 2191 553 2240 p.
564 2174 698 2225 Lxxxvtt:
716 2174 797 2236 „Nihil
816 2174 872 2225 hnic
890 2175 966 2224 codici
985 2175 1079 2234 deesse,
1098 2183 1213 2239 quantum
1226 2174 1354 2225 observare
1363 2190 1410 2241 pn·

150 2260 233 2322 trinus,
257 2261 305 2309 imo
330 2259 510 2320 integerrimum
529 2274 582 2309 esse
600 2258 766 2321 indicarimus,
791 2261 898 2329 quagpria
917 2260 1010 2310 lacunis
1029 2258 1121 2322 aliquot
1138 2259 1217 2324 prima
1235 2258 1308 2309 editio
1327 2259 1410 2309 dator·

150 2351 199 2393 uata
221 2347 259 2405 sit,
283 2360 311 2394 es
336 2357 420 2393 eornm
444 2344 485 2408 qui
509 2343 690 2409 descripserunt
713 2343 758 2394 leri
781 2342 984 2395 hallucinatione:
1009 2343 1054 2394 nisi
1077 2344 1159 2408 potius
1177 2344 1314 2409 interpretis
1332 2345 1409 2408 ipsius

150 2441 205 2477 error
219 2430 300 2489 luerit,
323 2428 381 2481 uam
399 2427 535 2480 dimidiatas
552 2429 693 2490 sententias,
718 2437 743 2479 ut
761 2429 812 2479 heri
831 2428 894 2479 solet
912 2429 934 2478 in
954 2429 1005 2479 eiua
1023 2428 1120 2490 generis
1131 2427 1215 2490 libris,
1240 2427 1295 2491 quia
1314 2428 1409 2478 formu

150 2509 212 2561 larun
234 2513 414 2563 notissimarum
433 2512 498 2563 initia
516 2520 608 2563 tanturn
626 2511 802 2573 scribebantur,
828 2513 926 2563 lacunas
944 2528 999 2563 ease
1018 2496 1227 2562 existimaritfl'-
1245 2511 1344 2561 lissima
1362 2511 1407 2561 do-

150 2594 221 2657 lemus,
238 2598 301 2662 quod
320 2597 454 2647 doctissimi
471 2597 539 2660 bngbi
559 2597 661 2657 Curzon,
680 2597 782 2658 Tattam,
801 2597 889 2658 Pacbo,
907 2597 947 2662 qui
966 2612 1044 2660 nuper
1061 2598 1084 2647 iu
1104 2596 1235 2661 Coptorum
1255 2596 1408 2647 monasteriis

150 2689 237 2732 tunsus
262 2682 415 2732 membranas
439 2683 516 2733 renati
540 2690 595 2731 sunt
621 2696 705 2744 magna
731 2697 784 2731 cum
810 2681 908 2731 solertia
927 2697 956 2731 ac
973 2681 1144 2747 prosperitate,
1163 2689 1278 2731 curarunt
1296 2680 1408 2749 inprinffi

152 2767 331 2827 burrianum,
355 2764 511 2830 neglexerunt
533 2766 629 2817 chartas
656 2766 786 2829 liturgicus.
822 2767 937 2817 Fortasse
956 2782 1080 2830 emergere
1098 2774 1209 2831 poterant
1228 2780 1256 2816 ex
1268 2764 1407 2827 monacho·

150 2861 191 2898 run
206 2850 355 2901 bibliothecis
372 2850 409 2901 rel
426 2857 454 2902 ut
468 2848 560 2903 mutas
577 2851 664 2912 dicam,
683 2850 752 2902 cellis
770 2850 868 2900 oleariis
884 2850 1006 2915 liturgiae
1025 2852 1105 2902 iacobi
1124 2857 1147 2901 et
1164 2850 1245 2912 blarci,
1265 2850 1406 2901 celebratis·
1464 2852 1467 2862 '

150 2932 197 2982 sino
213 2935 246 2984 illi
263 2936 390 2987 Edessena
407 2934 485 2989 mutu
501 2934 641 2999 antiquitate
658 2935 722 2995 bapd
741 2936 877 2985 inferiores.
1391 3000 1395 3007 Ι

218 3019 241 3080 2)
265 3019 370 3082 iusignia
394 3019 498 3073 asciuit
514 3018 540 3070 S.
560 3019 632 3070 btarci
658 3020 681 3070 iu
698 3018 850 3070 venetiarum
876 3020 934 3071 urbe
958 3020 1058 3085 proprio
1078 3020 1151 3069 utitur
1169 3019 1249 3069 olhcie
1269 3031 1281 3067 a
1301 3004 1407 3067 Romanis

150 3101 306 3166 aliquantulum
334 3105 438 3167 uirens,
458 3104 523 3173 guod
541 3120 554 3153 a
571 3104 598 3154 S.
615 3103 696 3154 blarco
716 3105 829 3154 traditum
848 3120 902 3154 esse
929 3104 1045 3167 gloriatur
1063 3105 1141 3168 plebis
1158 3100 1310 3167 simplicitas.
1343 3100 1407 3150 Fos-

150 3188 214 3237 cariau
237 3189 316 3239 iudice
340 3189 417 3250 (Delia
441 3188 579 3241 letteratura
598 3187 729 3238 Veneriano
747 3189 798 3238 Vol.
809 3191 826 3239 Ι.
855 3190 946 3238 Padusa
968 3187 1040 3238 1752.
1058 3205 1082 3254 p.
1095 3186 1201 3253 lausqi
1217 3187 1320 3250 „iiiito
1339 3182 1362 3235 di
1381 3185 1406 3237 S.

150 3268 213 3322 lurco
236 3272 298 3323 nella
316 3282 427 3323 sostanza
446 3276 459 3323 e
477 3274 597 3323 uniforme
615 3273 638 3322 al
657 3274 764 3327 Romanu
784 3276 941 3337 Gregoriano,
966 3273 1028 3324 com'
1047 3289 1087 3322 era
1106 3274 1129 3322 iu
1149 3287 1192 3323 uso
1211 3273 1236 3322 in
1253 3262 1327 3321 multe
1346 3270 1406 3321 altre

151 3354 215 3407 chiesa
235 3360 313 3423 prima
338 3357 402 3409 ¹(bella
427 3359 565 3408 correzione
588 3357 626 3407 del
645 3359 670 3408 S.
690 3358 804 3408 Pontihcc
823 3360 865 3408 l‘io
884 3359 927 3407 V.“
963 3358 1052 3408 Tamen
1072 3373 1119 3407 non
1138 3354 1350 3423 praetermittenda
1369 3361 1407 3404 est

150 3437 243 3493 trama·
260 3426 412 3493 ¹i'enetiarum
431 3457 484 3493 curn
503 3443 606 3508 imperio
625 3442 736 3492 orientali
756 3443 892 3492 coniunctio
912 3458 986 3508 aeque
1005 3451 1076 3507 atque
1094 3440 1245 3492 Ambrosiani
1273 3442 1332 3490 ritus
1359 3433 1406 3486 ἑλ-

148 3523 284 3584 ίψίζοντος
308 3527 422 3578 vicinitas.
458 3527 509 3578 Nisi
533 3527 606 3578 fallor
630 3528 731 3577 ecclesia
751 3528 837 3578 Veneta
862 3528 961 3577 saeculo
985 3536 1052 3577 sesto
1071 3535 1095 3576 et
1113 3529 1216 3591 septimo
1235 3524 1294 3574 ritus
1312 3520 1407 3585 accepit

147 3608 244 3675 ΰηιωι,
262 3604 372 3663 ¹tortasse
389 3613 507 3675 liturgiam
527 3612 698 3675 chrysostomi.
732 3612 767 3661 Eu
785 3626 832 3675 quo
851 3618 961 3674 ternpore
979 3611 1145 3676 potentissima
1165 3611 1223 3659 urbs
1242 3621 1295 3657 cum
1315 3606 1343 3654 ad
1362 3620 1404 3656 oc-

145 3692 261 3747 cidentales
279 3698 392 3760 regiones
409 3706 458 3748 tum
478 3696 507 3746 ad
527 3697 639 3747 italorum
658 3711 698 3746 res
717 3697 822 3745 animum
841 3696 964 3745 advertere
983 3697 1071 3759 coepit,
1090 3693 1245 3744 occidentalis
1257 3691 1351 3753 liturgia
1363 3705 1405 3740 ea·

143 3793 179 3843 que
194 3782 298 3832 Romana
325 3783 450 3847 paullatim
469 3782 492 3831 in
512 3781 637 3833 ecclesiam
657 3782 765 3843 ingressa
783 3787 827 3829 est
862 3779 960 3843 Recepit
977 3793 1031 3828 sese
1049 3779 1149 3842 pristina
1169 3776 1318 3827 consuetudo
1335 3776 1359 3824 in
1378 3773 1403 3824 S.

140 3864 202 3917 larci
219 3867 313 3929 aedem,
332 3876 355 3918 et
373 3868 406 3916 ihi
423 3875 507 3931 postea
526 3867 634 3916 Romanu
653 3866 734 3916 colore
752 3863 851 3913 imbuta.

214 3967 240 4029 3)
257 3969 475 4019 lienaldotius
493 3969 512 4018 l.
530 3968 732 4033 ptxxxtxsqa
750 3967 783 4015 Ea
803 3967 874 4028 igitur
891 3964 969 4029 prima
988 3964 1065 4013 oratio
1084 3963 1173 4012 dudum
1191 3975 1236 4011 nos
1250 3962 1404 4012 iuearuseu·

135 4055 227 4104 tentiam
245 4053 380 4112 inuaserat,
398 4067 459 4117 quae
477 4053 605 4116 liturgiam
624 4053 695 4102 blarci
715 4053 812 4101 nominc
831 4049 985 4114 publicatam,
1005 4056 1044 4098 aut
1062 4038 1133 4098 t'rium
1146 4047 1340 4111 aegyptiacarum
1351 4045 1410 4110 pri-¹
1448 4056 1451 4061 ·

133 4153 236 4189 nassum
263 4138 386 4202 exemplar
410 4152 473 4197 csse,
497 4145 538 4188 aut
558 4153 642 4189 aarum
661 4137 748 4186 saltem
767 4135 877 4192 alicuius,
902 4135 1101 4183 existimaremus.
1136 4132 1196 4183 Nam
1215 4146 1278 4191 cum,
1303 4138 1329 4180 ut
1345 4128 1403 4181 alibi

129 4224 208 4275 insius
226 4225 369 4288 explicatum
389 4230 433 4282 eat,
453 4222 563 4272 Olticium
581 4222 737 4283 liturgicum,
756 4219 820 4285 quod
838 4219 920 4282 hnap
931 4219 1007 4266 hura
1025 4217 1095 4279 vulgo
1112 4217 1142 4267 ab
1155 4214 1328 4274 Orientalibus,
1345 4228 1403 4265 rece

129 4310 218 4360 Graeca
237 4308 384 4373 appellatur,
404 4308 524 4356 contineat
542 4316 622 4370 partes
640 4307 715 4367 urtam
734 4320 805 4355 uuam
825 4319 885 4369 qnae
904 4319 916 4351 a
934 4303 1118 4367 praeparatione
1137 4301 1219 4351 altaris
1228 4300 1312 4365 incipit
1334 4299 1401 4351 alesi-

124 4398 209 4460 uitque
233 4395 257 4443 iu
284 4395 351 4457 pacis
370 4392 469 4441 osculo:
494 4391 591 4441 alteram
611 4406 624 4440 a
643 4391 709 4454 pacis
728 4391 812 4439 osculo
832 4404 907 4453 usque
926 4388 955 4437 ad
974 4388 1055 4447 linem,
1079 4387 1102 4437 in
1122 4387 1212 4437 Graeca
1230 4384 1302 4436 lissei
1319 4384 1399 4435 Litus·

123 4482 161 4542 gis
186 4479 256 4545 prior
274 4479 317 4528 illa
334 4493 393 4543 pars
410 4478 469 4528 satis
487 4477 578 4541 integra
597 4484 641 4528 est.
677 4473 789 4536 Quamvis
807 4475 871 4525 enim
889 4488 939 4525 non
956 4480 1067 4527 accurate
1086 4472 1192 4535 omniuo,
1218 4484 1296 4537 neque
1313 4466 1399 4521 tutem
