3044 4912
655 301 727 374 107

10 546 12 551 .
76 512 127 560 σου
154 484 415 585 θυσιαστηρίῳ
447 484 510 561 καὶ
543 483 761 587 πραςφίρειν
794 483 863 580 τήν
896 482 1067 582 φοβερὰν
1099 479 1241 581 ταύτην
1265 482 1329 559 καλ

10 619 12 623 ·
75 586 288 683 ἀναίμακτον
319 587 465 662 θυσίαν
496 584 590 685 ὑπὲρ
621 594 702 661 τῶν
732 584 921 684 ἡμετέρων
953 582 1234 684 ἁμαρτημάτων
1266 585 1330 661 καὶ

74 697 134 763 νῦν
162 697 231 764 τοῦ
259 697 352 764 λαοῦ
378 685 645 791 ἀγνοημάτων·
681 684 937 773 ἐξαπόστειλσν
962 686 982 762 ἁ
1011 687 1099 772 Θεὸς
1123 686 1193 784 τὴν
1214 684 1329 785 χάριν

74 815 126 865 σου
154 791 223 887 τὴν
256 790 424 892 ἀγαθὴν,
449 789 513 865 καὶ
538 787 697 892 ἁγίασον
720 788 830 886 ήμῶν
853 789 921 874 τὰς
945 790 1071 888 ψυχὰς
1094 790 1158 887 καὶ
1181 790 1229 865 τὰ
1255 785 1330 864 σοί-

71 921 153 985 μοτα
178 891 243 969 καὶ
268 891 316 966 τὰ
341 888 553 986 πνεύματα·
580 889 646 967 νιιλ
670 889 875 967 ἀλλοίωσον
899 891 1010 988 ήμῶν
1033 890 1081 967 τά
1103 888 1327 990 φρονήματα

10 1054 12 1059 .
71 993 144 1089 πρὸς
175 994 381 1091 εὐσέβειαν,
416 995 481 1070 ἵνα
513 996 554 1068 ἐν
578 995 741 1092 καθαρῷ
768 991 953 1069 συνειδότι
980 994 1243 1093 προςφέρωμὲν
1269 1019 1328 1069 σοι

10 1154 14 1165 ,
69 1096 154 1173 ἔλεον
178 1093 337 1199 ελρήνης,
362 1095 508 1172 θυσίαν
534 1094 717 1178 αἰνέσεως.

577 1224 791 1318 Ἐκφάνησις.

10 1346 14 1352 ’
123 1325 231 1404 Ἐλέει
263 1330 327 1405 καὶ
359 1325 630 1433 φιλανθρωπίη
655 1339 723 1406 τοῦ
748 1339 975 1434 μονογενοῦς
1001 1355 1068 1406 σου
1101 1331 1199 1422 Υἱοῦ,
1231 1331 1322 1427 μεθ’

10 1447 14 1455 ·
68 1419 101 1501 οὗ
129 1430 324 1535 εὐλογητὸς
356 1433 389 1508 εί
420 1433 492 1510 σῦν
523 1442 577 1532 τῷ
610 1432 784 1536 παναγίιρ
815 1433 880 1509 καὶ
905 1432 1044 1535 ἀγαθῷ
1069 1431 1132 1508 καὶ
1159 1431 1327 1533 ζωοποιῷ

69 1553 122 1605 σου
148 1531 361 1632 Πνεῦματι,
386 1543 459 1612 νῦν
482 1535 546 1612 καὶ
571 1532 639 1610 ἀεί.

10 1751 15 1760 ,
122 1769 132 1794 ‚
202 1766 212 1795 Ι
609 1681 647 1752 ‘0
675 1683 767 1766 λαός.

10 1851 15 1860 .
124 1777 249 1868 Λευ·

601 1866 638 1938 Ὁ
661 1868 777 1961 λερείς.

129 1952 269 2055 Ελρήνη
295 1965 421 2034 πᾶσιν.

574 2054 611 2125 Ὁ
633 2054 797 2136 διάκονος.

10 2244 14 2271 ¹
129 2166 292 2256 Στῶμεν
325 2162 506 2258 εὐλαβῶς,
541 2169 690 2257 στῶμεν
721 2158 815 2256 μετὰ
850 2155 975 2257 φόβου
1005 2162 1098 2235 Θεοῦ
1123 2160 1186 2235 καὶ
1210 2189 1326 2237 κατα-

10 2316 11 2325 1
71 2244 202 2345 τάξεως·
230 2259 455 2360 πρόσχωμεν
478 2271 523 2362 τῇ
552 2262 640 2365 ἁγίᾳ
661 2263 850 2361 ἀναφορᾷ,
878 2256 1027 2359 εἰρήνην
1042 2270 1096 2362 τῷ
1118 2267 1196 2362 θεῷ
1214 2292 1323 2363 προς-

10 2388 14 2394 ’
71 2360 185 2460 ρίρειν.
716 2372 722 2381 ’

608 2458 646 2530 ‘0
673 2458 765 2541 λαός.

122 2566 244 2643 Ἔλεον
269 2562 425 2665 εἰρήνης,
452 2566 597 2643 θυσίαν
623 2566 805 2648 αἰνέσεως.

597 2697 635 2767 Ὁ
659 2695 774 2787 ἱερεύς.

126 2802 200 2877 Καὶ
232 2803 278 2877 τὰ
314 2805 546 2903 περικείμενα
578 2812 623 2899 τῇ
658 2805 739 2900 ἱερᾷ
780 2803 897 2897 ταῦτη
930 2808 1052 2899 τελετῇ
1088 2806 1325 2900 συμβολικῶς

63 2899 302 3000 ἁμιμιιίσματα
333 2914 411 2983 τῶν
446 2903 680 3009 αἰνιγμάτων
714 2902 973 3002 ἀνακαλύψας)
1005 2910 1198 3035 τηλαυγῶς
1232 2906 1325 3005 ἡμῖν

62 3002 265 3090 ἀνάδειξον·
292 3007 355 3081 καὶ
380 3007 447 3092 τὰς
472 3008 604 3104 νοερὰς
627 3006 737 3103 ἡμῶν
763 3006 866 3102 ὄψεις
890 3014 959 3081 τοῦ
980 3007 1226 3104 ἀπεριληπτου
1243 3037 1325 3107 φω-

59 3105 113 3189 τὸς
137 3105 346 3207 πλήρωσον,
373 3110 436 3185 καὶ
462 3106 638 3208 καθάρας
661 3107 730 3204 τὴν
755 3106 941 3204 πτωχείαν
965 3107 1074 3203 ἡμῶν
1093 3108 1166 3182 ἀπὸ
1185 3109 1324 3194 παντὸς

55 3217 246 3304 μολυσμοῦ
279 3211 414 3310 σαρκὸς
445 3211 509 3286 καὶ
541 3208 763 3306 πνεύματος,
799 3209 907 3294 ἀξίαν
933 3209 1139 3311 ἀπέργασαι
1165 3218 1229 3307 τῆς
1254 3241 1325 3312 φο-

54 3309 163 3406 βερᾶς
188 3308 324 3409 ταύτης
344 3313 409 3389 καὶ
424 3321 580 3412 ιμρικτῆς
597 3309 878 3411 παραστάσεως·
908 3309 963 3386 ὅτι
980 3309 1325 3414 ῦπερεάσπλαγχνος

52 3411 111 3484 καὶ
144 3410 309 3509 ἐλεήμων
337 3413 424 3499 Θεὸς
448 3411 637 3514 ῦπάρχεις,
670 3413 734 3489 καὶ
761 3413 819 3488 σοὶ
844 3413 912 3510 τὴν
939 3410 1055 3498 δόξαν
1080 3413 1143 3489 καὶ
1168 3413 1237 3510 τήν
1263 3416 1325 3490 εῦ-

48 3513 247 3608 χαριστίαν
272 3517 551 3613 ἁναπίμπομεν,
576 3525 631 3613 τῷ
648 3516 774 3611 Πατρὶ
799 3514 862 3589 καὶ
886 3524 940 3612 τῷ
961 3517 1034 3613 Υἶῷ
1059 3517 1123 3590 καὶ
1147 3525 1200 3613 τῷ
1228 3515 1324 3616 ἁγίῳ

52 3613 260 3714 Πνεῦματι,
286 3626 359 3695 νῦν
384 3618 448 3694 καὶ
473 3619 530 3693 ἀεὶ
555 3618 618 3693 καὶ
644 3623 694 3700 είς
718 3617 806 3699 τοῦς
832 3622 1000 3710 αἰῶνας]

552 3745 636 3820 Εἶτα
658 3751 810 3841 ἐκφανεῖ.

126 3856 283 3931 XXVIII.
305 3855 356 3930 ‘H
377 3853 531 3957 ἀγάπη
556 3864 637 3930 τοῦ
664 3853 844 3952 Κυρίου
870 3852 947 3928 καὶ
967 3851 1172 3948 Πατρὸς,
1198 3851 1221 3948 ἡ
1245 3848 1323 3947 χά-

50 3986 119 4047 ρις
151 3965 235 4032 τοῦ
268 3957 445 4055 Κυρίου
477 3957 555 4032 καὶ
596 3958 723 4045 Υἱοῦ,
764 3954 841 4030 καὶ
873 3954 895 4050 ἡ
930 3952 1155 4028 κοινωνία
1189 3954 1267 4028 καί
1299 3952 1322 4050 ἡ

48 4058 200 4182 ιίοιρεὰ
249 4067 330 4134 τοῦ
373 4058 508 4161 ἁγίου
550 4056 829 4154 Πνεύματος
869 4060 936 4153 είη
978 4056 1091 4147 μετὰ
1134 4052 1323 4130 πάντων
1421 4144 1426 4153 Ι

48 4189 189 4255 ημων.

133 4400 190 4464 Cap.
211 4400 308 4451 xxvm.
344 4399 375 4448 II.
395 4401 419 4450 R.
440 4404 649 4465 conspiramenta
670 4400 741 4449 οιλὶιο.

132 4486 184 4549 Syr.
200 4486 259 4535 Vere
278 4486 384 4549 dignum,
403 4500 514 4550 aequum,
533 4487 621 4536 decens
640 4494 663 4534 τι
680 4486 767 4532 iustum
787 4491 824 4532 εει
841 4497 886 4531 uos
905 4490 926 4532 ιε
945 4482 1091 4541 collaudare,
1109 4481 1151 4530 libi
1171 4480 1321 4541 benedicere,

47 4578 70 4620 ιε
87 4571 236 4635 glorificare,
253 4578 279 4623 ιε
295 4570 406 4632 adorare,
424 4569 468 4621 tibi
486 4570 573 4632 gratias
593 4584 672 4633 ιςειε,
690 4569 776 4619 factori
794 4568 901 4618 omnium
921 4576 1085 4619 creaturarum
1096 4565 1230 4619 ιιεῦιῦιιιω
1246 4573 1273 4616 ει
1285 4566 1328 4616 ἰι-
