3044 4912
804 233 945 308 94·

276 409 362 484 Εἶτα
383 411 640 504 ἀναγινώσκεται
661 412 920 497 διεξοδικῶτατα
928 420 950 498 ¹)
971 414 1015 482 τά
1036 411 1111 503 ἱερὰ
1130 410 1229 502 λόγια
1242 417 1303 503 τῆς
1316 413 1469 491 παλαιᾶς

193 516 359 608 διαθήκης
378 518 434 587 καί
455 523 521 585 τῶν
540 523 732 607 προφητῶν,
753 543 811 585 και
801 512 1111 586 ἀποδείκνυται(
1089 542 1110 606 η
1126 522 1187 583 τοῦ
1206 512 1287 587 Υῖοῠ
1301 537 1361 581 του
1346 515 1468 580 Θεοῦ

193 617 458 711 ἐκανθρῶπησις,
484 615 527 687 τό
553 644 590 687 τε
616 615 715 709 πάθη
737 617 794 688 καί
814 643 835 708 η
824 613 895 687 εἐκ
916 624 1035 713 νεκρῶν
1057 612 1248 697 ἀνάστασις,
1275 612 1296 704 ἦ
1320 612 1370 694 είς
1390 612 1469 693 τοὺς

194 717 355 846 οὐρανοὺς
376 716 505 802 ἀνοδος,
526 746 584 788 και
574 717 749 789 παλιν
728 745 749 808 η
774 721 912 807 δευτέρα
933 716 1039 788 αότοῶ
1057 717 1142 844 μετὰ
1165 715 1265 809 δόξης
1280 711 1467 805 παρουσία·

192 823 369 892 καὶτοῦτο
390 819 515 910 γίνεται
534 794 613 890 xo6'
637 817 775 911 ἓκάστην
797 820 833 890 δν
852 826 893 912 τῇ
915 818 990 912 ἱερᾷ
1010 821 1068 890 καὶ
1088 819 1171 911 θείη
1194 815 1411 914 ἱερουργίᾳ.

318 990 422 1061 Μετὰ
442 990 481 1060 δὲ
500 987 583 1060 τδ’
562 996 752 1080 αναγνῶσαι
771 1017 829 1061 και
819 987 989 1073 διδάξαι
1009 986 1138 1079 λέγει(
1120 1014 1139 1058 o
1163 986 1334 1070 διάκονος·

270 1115 345 1188 ΧΗ.
372 1117 548 1210 Ε’ίπωμεν
572 1109 718 1200 πάντες,
744 1109 859 1209 Κύριε
884 1111 1041 1210 ἐλέησον.

234 1212 382 1345 ιΚόριε
408 1211 667 1314 παντοκράτορ
693 1213 713 1290 6
743 1213 830 1297 θεὸς
854 1221 933 1289 τῶν
958 1212 1129 1313 πατέρων
1149 1196 1271 1309 ἡμῶν,
1298 1204 1469 1308 δεόμεθά

194 1341 276 1406 σου,
302 1313 522 1395 ἐπάκουσαν.

265 1416 369 1513 (Υπὲρ
402 1425 467 1515 τῆς
492 1418 647 1492 ἀνωθεν
673 1411 817 1513 εἰρήνης
841 1415 904 1491 καί
928 1423 994 1515 τῆς
1018 1413 1202 1513 σωτηρίας
1225 1422 1305 1491 τῶν
1329 1419 1469 1513 ψυχῶν

192 1519 313 1617 ἡμῶν,
339 1525 408 1593 τοῦ
432 1517 577 1647 Κυρίου
601 1515 824 1648 δεηθῶμεν.

265 1618 370 1718 Υπὲρ
403 1628 468 1717 τῆς
499 1617 643 1717 εἰρήνης
674 1626 742 1694 τοῦ
776 1616 991 1715 σύμπαντος
1022 1615 1179 1714 κόσμου,
1213 1615 1276 1692 καὶ
1301 1609 1471 1697 ἑνῶσεως

193 1728 327 1796 πασῶν
359 1729 437 1798 τῶν
469 1720 590 1823 ἁγίων
622 1728 690 1795 τοῦ
726 1725 819 1796 Θεοῦ
851 1723 1073 1818 ἐκκλησιῶν,
1111 1728 1174 1794 τοῦ
1206 1718 1350 1817 Κυρίου
1385 1714 1471 1812 δεη-

192 1827 338 1919 θῶμεν

282 1977 305 2040 t)
323 1980 453 2025 Fusisriure.
480 1978 588 2035 Augusti:
606 1978 650 2024 Der
667 1979 814 2035 Rethoutotge
832 1979 897 2024 nuotr.

195 2185 244 2233 i..e
267 2181 400 2233 uersiculos
426 2181 544 2247 praevios,
569 2181 608 2246 qui
627 2181 799 2246 praecinuntur
816 2189 871 2231 oute
895 2179 1036 2246 Epistotrm.
1072 2180 1185 2245 Sequitur
1208 2177 1339 2244 Apostolus
1357 2175 1471 2237 tuetur,

194 2251 261 2361 εδγὴ
277 2265 318 2324 είς
333 2258 364 2316 τό
380 2264 512 2334 θυμίαμα
529 2262 578 2314 τοῦ
590 2258 757 2328 Ἀλληλοόλα,
775 2258 840 2331 εὐχὴ
857 2257 912 2331 πρό
930 2278 977 2314 του
967 2261 1171 2330 εδαγρλίουε
1189 2261 1242 2311 Σολ
1252 2256 1473 2328 εὐχαριστοῦμεν

193 2341 269 2421 κδ’ριε
292 2347 330 2415 τῷ
353 2339 590 2406 ίξανατείλαντι
577 2349 646 2416 ημῖν
669 2346 730 2416 φῶς
753 2345 784 2398 lx
801 2345 916 2403 σκότους
931 2345 980 2397 καλ
995 2339 1209 2412 ἀποκαλύψαντι
1225 2338 1288 2402 τούς
1305 2337 1474 2411 δφθιτλμοάς

194 2433 241 2498 τῆς
262 2425 422 2490 διανοίας
408 2431 489 2498 ημῶν
511 2431 551 2489 είς
572 2426 739 2495 κατανόησιν
762 2431 817 2481 τῶν
835 2432 1010 2529 ιθαυμασίων
1032 2444 1084 2483 σου
1100 2430 1148 2481 καὶ
1171 2425 1313 2488 ἀνοίξαντι
1331 2424 1362 2479 τό
1379 2419 1472 2495 στόμα

194 2513 275 2585 ἡμῶν
298 2517 337 2574 εἰς
360 2512 563 2583 ίξομολόγησιν
586 2512 641 2564 τῶν
663 2508 804 2583 ἡμετέρων
827 2508 978 2583 ἁμαρτιῶν,
1001 2516 1118 2584 μελέτην
1141 2511 1172 2565 δὲ
1195 2515 1249 2564 τῶν
1265 2511 1325 2563 σῶν
1342 2509 1471 2563 ἐντολῶν.

92 2658 96 2670 Ι
194 2597 286 2657 Αότός
308 2600 356 2650 καλ
378 2597 429 2650 νῦν
447 2597 577 2649 Δέσποτα
601 2590 748 2664 πρόςδεξιιι
765 2594 813 2660 τὴν
830 2592 983 2663 προςευχὴν
999 2592 1079 2667 ἡμῶν
1096 2598 1151 2649 τῶν
1167 2593 1340 2667 ἁμαρτωλῶν
1357 2593 1405 2645 καί
1421 2589 1471 2645 26-

192 2687 334 2752 χαρίστων
351 2674 458 2733 δοόλων
475 2694 527 2732 σου
544 2680 591 2729 καλ
607 2676 646 2750 μὴ
665 2675 795 2751 ὑπερίδης
819 2676 867 2745 τὴν
884 2679 980 2746 δεήσιν
996 2677 1076 2744 ἡμῶν
1093 2677 1161 2733 ιἰλλά
1179 2682 1226 2733 καλ
1243 2677 1292 2746 τὴν
1309 2677 1363 2744 σὴν
1378 2695 1472 2748 μεγα-

90 2809 94 2815 .
196 2769 364 2835 λοπρέπειαν
382 2759 507 2835 φύλαξον
526 2759 593 2831 ἡμῖν
609 2765 657 2815 καί
674 2760 737 2822 τούς
754 2760 939 2823 συνελθόντας
955 2766 1002 2817 καί
1019 2767 1241 2836 συνευχομένους
1253 2759 1321 2832 ἡμῖν
1329 2763 1380 2814 καλ
1388 2755 1472 2814 rmnt-

195 2866 284 2923 γασον
307 2851 339 2903 ἐν
362 2853 421 2908 ταῖς
442 2846 568 2920 καρδίαις
584 2843 664 2914 ἡμῶν
680 2864 707 2900 τε
726 2848 773 2898 καί
790 2845 882 2900 αὐτῶν
899 2846 946 2902 τόν
963 2845 1111 2919 φωτισμὸν
1127 2850 1182 2900 τῶν
1198 2852 1284 2900 θείων
1301 2849 1406 2915 λογίων
1424 2845 1473 2898 τοῦ

196 2927 359 3006 εάαγγελίου
383 2935 431 2986 τοῦ
448 2935 569 3001 Χριστοῦ
592 2945 653 2984 σου.
688 2936 807 3001 Deinceps
824 2951 918 3000 preces,
943 2952 1002 3002 ques
1023 2938 1100 2987 editus
1119 2938 1191 2986 hebet
1209 2953 1228 2986 c.
1243 2935 1273 2985 λλ
1291 2935 1321 2984 ud
1339 2934 1409 2999 Kyrie
1428 2949 1470 2984 ue-

197 3038 251 3088 que.
287 3023 420 3074 Sueerdos:
444 3017 591 3088 ἔλλαμψον
614 3015 645 3068 ἐν
669 3020 727 3076 ταῖς
749 3015 874 3084 καρδίαις
891 3029 935 3071 etc.
955 3030 979 3072 ut
997 3022 1021 3071 iu
1038 3022 1143 3084 Liturgiu
1161 3022 1186 3072 S.
1203 3020 1285 3070 Basilii
1304 3019 1384 3069 addite
1403 3020 1471 3070 otuu·

197 3108 265 3159 oute:
284 3103 317 3156 σίν
334 3100 389 3173 γάρ
407 3095 435 3155 εἷ
449 3113 494 3155 etc.
513 3114 539 3154 ut
556 3120 576 3154 ο.
589 3103 629 3153 13.
663 3104 859 3154 λτολιίδίτεοιιιιε.
872 3101 978 3171 Ὀρδολ
991 3099 1168 3173 Ἀκοιίσωμεν
1185 3104 1232 3153 τοῦ
1249 3096 1331 3169 ἁγίου
1349 3100 1471 3170 εὐαγγε-

196 3191 266 3241 λίου.
301 3192 428 3242 Sacerdos.
456 3178 548 3255 εἰρήνη
567 3187 661 3236 πᾶσιν.
697 3189 825 3240 Diuoouus.
852 3184 882 3237 ἐκ
899 3187 947 3238 τοῦ
963 3184 1032 3238 κατὰ
1049 3189 1208 3239 Ματδαῖον.

212 3323 214 3327 ,
279 3277 304 3325 lt.
324 3277 382 3325 Post
400 3275 484 3324 Putem
503 3273 584 3322 dieunt
602 3273 715 3323 Lectores
734 3273 882 3339 Propsulmr,
901 3282 925 3325 et
942 3275 1074 3339 Epistulam
1093 3285 1115 3324 et
1128 3275 1308 3336 Stichologiom.
1343 3271 1471 3337 Excipiunt

197 3375 251 3410 erm
268 3360 410 3424 Deprecatio
435 3373 511 3422 usque
535 3359 564 3407 ud
587 3351 747 3424 ίκετεόομίν
769 3368 800 3407 σε
824 3359 880 3409 incl.
915 3359 997 3410 Oratio
1017 3360 1185 3424 Ttrpmiumrtis
1203 3368 1258 3409 oute
1275 3356 1398 3420 Euergetz
1417 3356 1468 3406 Tibi

198 3445 298 3495 Domine
310 3444 374 3493 Deus
393 3451 476 3492 noster
494 3451 538 3493 etc.
574 3442 687 3507 Sequitur
705 3442 751 3492 eliu
771 3443 871 3495 collecte
890 3452 945 3494 unte
964 3445 1066 3494 divinum
1076 3445 1244 3506 Euangeliou:
1261 3444 1309 3493 Fue
1327 3449 1353 3492 ut
1371 3442 1395 3491 in
1414 3455 1468 3491 cor·

197 3530 267 3581 dibus
286 3529 385 3590 uostris,
404 3537 430 3578 ut
447 3529 470 3578 iu
483 3527 513 3577 tt.
532 3528 645 3577 desinens
664 3528 710 3576 itu:
729 3522 763 3575 σι)
779 3520 834 3593 γὰρ
852 3517 879 3576 εί
894 3522 908 3577 6
926 3523 1127 3595 εὐαγγελισμδς
1144 3538 1170 3579 ut
1182 3545 1200 3579 ε.
1214 3528 1243 3578 13
1272 3528 1466 3578 Διολιίιλίτεοοιιε.

197 3615 262 3665 Recti
289 3615 414 3664 audiamus
440 3620 550 3662 sanetum
573 3613 614 3663 Er.
649 3611 777 3662 Sacerdos.
806 3612 852 3662 Por
876 3612 995 3663 omnibus.
1030 3613 1164 3664 trchtdtec.
1192 3612 1347 3664 Διῑεσδτιυιιτ
1372 3620 1467 3662 εεοιιττ

197 3699 301 3750 lectioni.
337 3699 366 3748 Et
383 3705 439 3763 post
456 3699 495 3748 Er.
514 3697 577 3748 diert
594 3697 721 3746 Sacerdos.
751 3697 798 3748 Ρττ
817 3698 867 3747 tibi.
902 3698 1018 3763 Populus.
1046 3698 1127 3750 Gloria
1145 3699 1188 3748 tibi
1206 3698 1315 3747 Domine.

282 3818 339 3882 Cep.
358 3817 408 3868 xtt.
444 3817 473 3867 tt.
491 3825 587 3882 praeter
604 3830 679 3880 eupru
696 3816 800 3880 scriptur
817 3830 902 3881 procos
920 3818 998 3867 tundit
1013 3832 1058 3881 pro
1078 3817 1148 3868 Ctero
1167 3825 1191 3867 et
1207 3815 1309 3882 populo,
1333 3807 1405 3881 ὑπὲρ
1423 3813 1470 3863 τοῦ

196 3894 391 3963 εὐσεβεστάτου
408 3899 455 3950 καλ
473 3899 652 3967 φιλοχρίστου
668 3894 749 3967 ἡμῶν
764 3900 906 3966 βασιλέως,
924 3894 1026 3956 παντός
1043 3902 1092 3949 τοῦ
1107 3900 1241 3951 παλατίου
1259 3897 1304 3947 καλ
1322 3897 1372 3947 τοῦ
1383 3911 1469 3964 στρα-

198 3982 314 4034 τοπέδου
332 3984 379 4034 καὶ
396 3987 472 4048 νίκης
488 3979 588 4048 αὐτῶν,
605 4000 650 4050 pro
669 3993 752 4035 sancte
762 3985 850 4036 Christi
869 3987 970 4046 civitate,
988 4001 1033 4050 pro
1052 3986 1143 4035 civitate
1161 3986 1289 4051 imperiali.
1310 3984 1469 4034 Petitioneur:

197 4060 318 4133 ὕψωσαν
334 4070 415 4135 κέρας
432 4071 477 4120 hue
494 4072 587 4120 rutioue
605 4072 824 4135 persequitur-
840 4067 969 4135 σταυροῦ,
987 4085 1017 4137 τη
1031 4061 1124 4135 χάριτι
1137 4084 1181 4131 της
1189 4067 1395 4136 τριηιιίρουκαλ
1405 4083 1470 4134 φοι

197 4144 376 4248 τοφρροόσης
391 4149 421 4201 ἐκ
439 4152 544 4219 νεκρῶν
561 4150 705 4222 ἔγίρσεως,
724 4154 872 4221 πρεσβείας
887 4154 934 4204 τοῦ
951 4166 1049 4219 παναγ
1050 4168 1100 4202 νου
1117 4149 1303 4229 εὐλογημίνης
1320 4150 1472 4215 δεσποίνης

196 4229 277 4304 ἡμῶν
293 4227 428 4287 δεοτόκου
444 4236 492 4286 καὶ
508 4232 696 4304 ἀειπαρθίνου
713 4238 829 4303 Μαρίας
845 4235 893 4287 καλ
909 4230 1023 4287 πόντων
1040 4238 1094 4286 τῶν
1111 4230 1200 4304 ἁγίων
1216 4249 1277 4287 σου.
1297 4230 1471 4304 Ἱκετεόομεν

196 4329 292 4371 ete.-
309 4323 339 4372 Et
357 4323 477 4387 completo
495 4324 621 4385 Evangelio
640 4325 698 4374 dicit
715 4324 849 4374 Diaconos:
874 4312 1058 4417 σχολόσωμεν
1074 4320 1202 4378 ίκτενῶςι
1223 4320 1271 4372 τοῦ
1286 4322 1384 4390 κυρίου
1402 4317 1471 4384 δεη-

194 4403 293 4471 θῶμεν
311 4417 334 4457 ιι
350 4409 459 4472 requitur
474 4399 593 4473 ὑπὲρ
563 4423 607 4470 της
623 4401 731 4476 εἰρήνης
748 4405 795 4457 τοῦ
812 4400 974 4475 σύμπαντος
986 4401 1093 4475 κόσμου
1112 4409 1141 4459 ab
1154 4408 1389 4473 elirdopreoutiouis
1400 4421 1472 4471 pars,

195 4491 282 4542 iterum
300 4491 392 4556 mutilo,
410 4501 436 4543 ut
452 4492 544 4544 ridetur
561 4493 592 4543 rb
605 4494 669 4546 edito
689 4495 790 4546 direreu.
