3044 4912
659 278 734 355 435

109 491 126 547 ς
147 454 397 557 χρηστὸτητάς
422 484 501 534 σου.
538 465 700 538 Παῦσον
723 463 771 538 τά
799 461 993 593 σχίσματα
1010 473 1090 543 τῶν
1114 467 1332 565 ἐκκλησιῶν·

108 562 201 638 ἐ’σον
232 560 280 636 τά
313 558 562 689 φρυάγματα
569 571 649 639 τῶν
674 567 816 654 ἓθνιῦν,
849 564 916 650 τὰς
940 574 1019 642 τῶν
1044 567 1222 697 αἱρέσεων
1245 573 1335 645 ἐπα-

108 661 259 748 στάσεις
292 663 432 760 ταχέως
465 663 697 755 κατάλυσον,
738 674 785 764 τῇ
821 664 981 763 δυνάμει
1015 677 1084 744 τοῦ
1119 669 1229 799 ἁγίου
1266 696 1334 747 σου

108 762 288 862 τάματος·
321 762 465 850 πάντας
484 765 595 861 ἡμᾶς
624 765 819 862 πρόςδεξαι
850 773 902 852 ἀς
931 770 1001 868 τὴν
1030 771 1226 870 βασιλείαν
1251 798 1334 863 σου,

108 868 168 996 ρῦς
200 867 324 995 φωτὸς
354 866 418 996 κριὸ
443 867 548 952 υἱοὺς
570 867 709 998 ημίρας
734 868 949 956 ἀναδείξας·
982 871 1051 970 τὴν
1076 872 1148 970 σὴν
1172 872 1333 1003 εἰρήνην,

110 968 229 1066 ὶτὴν
266 966 336 1066 σὴν
373 968 523 1070 ἀγάπην
556 967 711 1067 χάρισαι
734 970 839 1069 ημῖν,
875 971 1065 1071 Κύριος
1046 1004 1067 1049 ο
1096 974 1227 1060 Θεὸς“
1207 983 1332 1072 ημιῦν·

107 1068 186 1147 ἕντο
211 1071 285 1173 γάρ
311 1070 548 1155 ἀπέδωκαςε
527 1078 629 1168 ημῖν.

522 1217 695 1311 Ἐκφυίνως
716 1218 769 1291 5‘
758 1220 873 1311 ιερεῦς.

149 1322 223 1397 Καὶ
249 1322 358 1407 δὸς
338 1329 429 1420 ημῖν
454 1327 496 1398 ἐν
521 1326 577 1400 575
617 1323 773 1455 στόματι
807 1328 870 1402 καὶ
894 1334 963 1425 μιᾷ
988 1325 1125 1425 καρδίη
1152 1323 1333 1419 δοξάζειν,

107 1425 126 1500 5
153 1427 335 1520 ἀναπνεῖν
359 1424 403 1500 τὸ
428 1423 616 1520 πάντιμον
639 1428 703 1503 καλ
727 1429 1039 1560 μεγαλοπρεπες”
1017 1426 1140 1526 ονομά
1157 1454 1240 1520 σου,
1266 1437 1335 1504 τοῦ

107 1526 213 1625 πρὸς,
249 1526 312 1600 καὶ
347 1535 414 1656 τρῦ
449 1528 548 1617 υἱοῦ,
583 1529 647 1604 καὶ
678 1537 746 1605 τοῦ
761 1530 884 1660 ἀγίσυ
909 1529 1136 1628 πνεύματος·
1173 1539 1246 1607 νῦν
1271 1530 1335 1607 καὶ

106 1630 132 1719 5,
159 1628 222 1702 καὶ
247 1632 297 1711 εὶς
320 1627 407 1712 τοὺς
433 1633 573 1715 αἰῶνας
596 1636 675 1707 τιῦν
701 1629 863 1707 ἀλαίνων.

146 1740 185 1810 ‘0
211 1740 320 1833 κοιόε
355 1727 483 1827 Ἀμήν

106 1859 162 1931 9⁴
152 1861 259 1948 ιερεὸς
280 1862 479 1954 ἐπιστρέφει
499 1863 585 1951 πρὸς
605 1871 645 1955 τῇ
667 1861 767 1956 θίρη,
788 1891 847 1933 και
837 1861 1010 1954 εὸλογῶν
1032 1864 1120 1953 λέγει
1142 1861 1309 1956 ἐκφοίνως.

147 1966 258 2041 Kaz’
246 1991 347 2039 εσται
372 1966 419 2040 τά
445 1967 523 2063 ἐλίη
548 1975 616 2095 τρῦ
641 1968 806 2096 μεγάλου
827 1972 919 2044 θεοῦ
944 1967 1007 2046 καὶ
1033 1976 1196 2067 σωτῆρος
1225 1968 1335 2065 ημῶν

106 2076 178 2143 σοῦ
203 2073 384 2206 Χριστοῦ,
410 2068 503 2162 μετὰ
530 2066 683 2145 πάντων
707 2070 826 2167 ηιιιῦν.

146 2179 258 2250 Καὶ(
240 2207 258 2250 ο
280 2181 435 2264 διάκονος
456 2181 674 2270 ἐξέρχεται’
643 2210 674 2254 ει
696 2182 795 2268 ἔστιν,
818 2181 897 2254 εἶδ’
914 2177 982 2268 οάν,
1004 2180 1160 2272 δίερείς·
1181 2184 1239 2253 καὶ
1253 2184 1335 2264 στάς

115 2291 166 2374 τῷ
187 2282 328 2372 συνήθει
347 2282 453 2375 τόπῳ,
476 2287 575 2374 λέγει.

148 2384 315 2464 Πάντων
340 2397 418 2464 τῶν
445 2389 564 2487 ἁγίων
589 2386 925 2485 μνημονεύσαντες,
960 2391 1011 2464 ἔτι
1044 2388 1107 2465 καὶ
1139 2391 1191 2464 ἔτι
1216 2393 1258 2467 ἐν
1283 2394 1335 2465 ἀ-

105 2520 153 2588 νῃ
182 2497 249 2564 τοῦ
275 2490 419 2589 Κυρίου
446 2490 656 2587 δεηθῶμεν.

143 2603 184 2674 ‘0
212 2604 319 2693 χορός,
364 2589 477 2691 Κύριε
503 2592 660 2689 ἐλέησον.

192 2726 261 2793 Καὶ
281 2724 324 2792 τὸ
345 2726 461 2805 λοιπὰ,
485 2722 531 2806 ιὸς
552 2723 588 2794 ἐν
607 2732 648 2817 τῇ
668 2714 729 2794 τοῦ
749 2721 992 2814 Χρυσοστάμου
1013 2721 1211 2818 λειτουργίᾳ.

140 2826 248 2923 ’Υπὲρ
272 2837 351 2903 τῶν
377 2831 739 2924 προςκομισθέντων.
755 2827 883 2914 Ὅπως
908 2829 928 2905 5
954 2827 1225 2928 φιλάνθρωπος
1247 2829 1336 2915 Θεὸς

104 2939 182 3005 ιιῦν.
213 2928 316 3027 Ὑπὲρ
343 2939 411 3004 τοῦ
438 2934 626 3028 ῥυσθῆναι
651 2931 760 3028 ἡμᾶς.

420 3077 490 3147 “0
480 3079 586 3168 ιερεῦς
606 3076 783 3163 ἐπεύχεται
803 3083 978 3163 μυστικῶς.

140 3183 186 3260 Ὁ
214 3181 346 3267 Θεὸς
323 3192 445 3309 ημῶν,
473 3183 493 3257 5
523 3182 609 3266 Θεὸς
634 3191 702 3257 τοῦ
729 3180 874 3311 σώζειν,
900 3182 948 3257 σά
972 3178 1071 3279 ἡμᾶς
1095 3179 1310 3268 δίδαξσν’
1272 3213 1334 3258 ευ-

103 3291 251 3414 ριστεῒν
278 3286 336 3358 σοὶ
371 3284 528 3369 ἀξίως’
507 3284 600 3413 υπὲρ
625 3293 703 3359 τῶν
730 3285 950 3412 εὐεργεσιῶν
975 3309 1056 3372 σου,
1083 3276 1139 3358 57
1164 3284 1335 3383 ἐποίησας

103 3389 125 3462 5
152 3393 265 3470 ποιεῖς
289 3386 424 3482 μεθΗ
403 3395 529 3481 ημῶν·
559 3386 606 3461 σὺ
632 3385 652 3459 ὸ
683 3384 813 3470 Θεὸς
792 3393 901 3484 ημῶν
927 3415 947 3460 ο
933 3383 1329 3484 ’προςδεξάμενος
1287 3418 1333 3460 τα

103 3497 171 3586 ῦρα
196 3496 328 3577 ταῦτα,
354 3486 611 3616 καθάρισον“
592 3497 690 3582 ημᾶς
715 3486 789 3562 ἀπὸ
815 3487 954 3573 παντὸς
977 3495 1174 3582 μολυσμοῦ
1200 3488 1335 3615 σαρκὸς

103 3591 126 3665 ἀ
163 3588 385 3723 πνεύματος,
420 3591 483 3664 καὶ
517 3588 728 3674 δίδαξον“
706 3586 911 3717 αγιοσάνην
949 3591 1172 3663 ἐπιτελεῖνέ
1174 3617 1197 3663 ν
1222 3587 1334 3715 τρίβῳ

102 3720 151 3768 ιυ·
183 3694 248 3767 ἵνα
281 3695 321 3767 εν
354 3696 514 3789 καθαροῦ
547 3700 600 3789 τιῦ
633 3691 828 3789 μαρτυρίῳ
862 3720 926 3819 της
959 3685 1246 3786 συνειδησεως“
1225 3698 1336 3787 ημῶν

102 3791 330 3890 ισδεχόαενοι
363 3822 477 3890 τηνγ
464 3764 600 3925 μερίδα
632 3800 709 3867 τῶν
742 3789 987 3894 ἀγιασμάτων
1013 3817 1094 3880 σου,
1127 3793 1335 3884 ἑνωθῶμεν

102 3902 117 3971 5
144 3894 240 3997 ἀγίῳ
267 3893 411 3989 σώματι
433 3896 496 3969 καὶ
523 3899 650 3992 αιματι
677 3924 744 3969 του
726 3900 926 3993 Χριστοῦ
953 3919 1037 3968 σου·
1066 3921 1129 3967 και
1116 3891 1335 3979 ἀποδεξά-

102 4026 170 4072 ενοι
197 3998 293 4072 αὐτὰ
320 3966 441 4085 ἀξίως,
470 4005 618 4092 σχῶμεν
643 3995 711 4072 τὸν
731 3995 910 4126 Χριστὸν
923 4002 1169 4070 κατοικοῦντα
1194 3997 1235 4071 ἐν
1254 4000 1335 4081 ταῖς

102 4097 274 4199 ιρδίας
247 4108 373 4195 ηιιιῦν,
407 4099 470 4173 καὶ
502 4096 702 4200 γενοίμεθα
728 4097 819 4181 ναὸς
843 4105 912 4171 τοῦ
937 4096 1048 4224 ἀγίου
1075 4121 1144 4170 σου
1169 4095 1335 4192 πνεύμα-

101 4201 317 4291 ιςΝαὶ,“
300 4233 320 4276 ο
350 4201 488 4283 Θεὸς“
468 4211 595 4298 ημῶν·
629 4201 692 4276 καὶ
724 4198 913 4328 μηδενα
892 4208 1001 4296 ημῶν
1026 4201 1157 4326 ἔνοχογ
1183 4196 1336 4296 ποιησης

101 4228 144 4381 ἀν
169 4310 338 4403 φρικτῶν
365 4328 433 4427 σορ
458 4301 603 4378 τούτων
628 4303 691 4377 καὶ
717 4303 951 4398 επουρανίων
981 4300 1212 4397 μυστηρίων,
1239 4300 1333 4398 μηδὲ

101 4406 217 4513 τθενη
235 4410 338 4503 ψυχῇ
365 4403 427 4480 καὶ
454 4400 610 4529 σρίματι,
638 4408 678 4477 ἐκ
703 4413 771 4481 τοῦ
797 4403 958 4489 ἀναξίως
982 4400 1128 4478 τούτων
1145 4410 1334 4498 μεταλαμ-

101 4494 214 4583 5757:
253 4490 345 4581 ἀλλὰ
378 4503 497 4589 δὸς
476 4511 567 4602 ηαῒν
598 4506 705 4603 μέχρι
730 4512 794 4604 τῆς
818 4503 1017 4602 ἐσχάτης“
996 4513 1106 4603 ημῶν
1131 4505 1333 4602 ἀναπνοῆς,
