3044 4912
665 214 738 293 435

99 428 197 489 ατι,
232 406 319 477 νῦν
354 398 432 474 καὶ
458 397 548 488 555,
583 400 661 474 καὶ
687 404 752 483 εἰς
776 397 884 484 τοὺς
909 403 1086 484 αἰῶνας
1109 407 1202 476 τῶν
1226 396 1339 479 5255-

99 529 162 580 ων
186 502 263 598 (Iac.
275 504 347 599 36).

148 614 322 708 ‘·0505⁶c
365 599 494 699 Ἀμήν·

515 745 553 818 ‘0
576 746 683 839 ίιρείς
704 748 890 836 ἐπεύχεται.

151 854 334 955 Πρόσχες,
361 852 475 954 Κύριε
492 854 616 952 Ἰησοῦ
640 853 794 952 Χριστέ,
821 853 840 930 5
870 854 958 939 Θεὸς
981 852 1091 953 ἡμῶν
1115 856 1245 956 15355.

611 1017 795 1113 Ἔκφῶνως.

153 1106 621 1239 11900wa·‘05§9⁸}55·

157 1211 269 1285 T5‘'
245 1240 354 1313 αγια
379 1217 479 1295 τοῖς
503 1208 667 1313 ἁγίοις.

152 1321 237 1396 Εἶτα
263 1333 322 1416 τῆς
352 1325 574 1418 μεταλήψεως
592 1321 838 1415 τελειωθείσης,
866 1323 1009 1394 καὶτῶν
1030 1321 1133 1415 ἁγίων
1151 1325 1339 1419 μυστηρίων

99 1428 138 1496 τὸ
160 1437 219 1518 τῆς
242 1426 333 1516 ίερῦς
353 1424 525 1517 ἀρθέντων
544 1419 769 1518 τραπέζης”
731 1450 862 1511 εοχεται
883 1422 902 1495 5
925 1422 1042 1515 ίερείς.

153 1533 545 1630 Εὐχαριστοῦμέν
577 1555 667 1621 σοι,
701 1527 867 1661 Κύριε
848 1559 868 1604 ο
905 1529 1046 1616 θεὸς
1024 1539 1145 1629 ημῶν,
1179 1532 1252 1607 ἐπὶ
1284 1541 1338 1630 τῇ

102 1632 325 1730 εταλήψει
350 1643 442 1710 τῶν
462 1633 632 1736 ἁγίων,
660 1631 930 1730 ἁχροίντων,
970 1631 1231 1709 ἀθανάτων
1261 1636 1340 1709 καὶ

99 1735 365 1864 τουρανίριν
397 1761 481 1811 σου
514 1736 790 1832 μυστηρίων
816 1737 892 1829 (Ιεσ.
912 1737 988 1831 44),
1023 1735 1048 1808 ἁ
1082 1733 1269 1820 ἔδωκας
1247 1742 1341 1833 ημῖν

99 1838 122 1912 5'
154 1837 371 1966 εὐεργεσίη
374 1837 437 1912 καὶ
469 1836 657 1938 ἁγιασμῷ,
691 1835 755 1910 καὶ
787 1833 882 1910 ῑὰσει
907 1842 987 1910 τῶν
990 1844 1147 1963 ψυχῶν
1173 1837 1237 1913 καί
1259 1844 1341 1915 τῶν
1434 1896 1439 1903 -

99 1936 256 2034 ομοίτων
288 1938 409 2035 ἡμῶν.
461 1938 597 2026 Αὐτὸς,
624 1936 784 2013 δέσποτα
809 1944 888 2012 τῶν
922 1932 1114 2027 ἁπάντων,
1147 1938 1213 2021 559
1236 1938 1339 2039 γενέ-
1392 1950 1395 1955 ’

99 2040 216 2116 θαιε
195 2047 286 2136 ημῖν
318 2040 387 2136 τὴν
419 2040 621 2117 κοινωνίαν
652 2047 721 2114 τοῦ
753 2037 864 2164 ἁγίου
896 2034 1070 2132 σώματος
1093 2038 1157 2114 καὶ
1183 2041 1340 2135 αἵματος

99 2151 135 2218 ιῦ
160 2148 330 2239 Χριστοῦ
356 2168 438 2231 σου,
465 2147 515 2228 εὶς
532 2140 658 2217 πίστιν
675 2139 986 2236 ἁκαταίσχαντον,
1013 2141 1100 2224 εἰς’
1080 2138 1236 2267 αγοίπην
1245 2142 1339 2218 ἁνυ-

99 2241 257 2341 ίκριτον,
293 2249 343 2329 εὶς
377 2241 593 2373 πλησμονὴν
630 2240 791 2342 σοφίας,
813 2245 913 2326 ew
895 2264 999 2316 ιασιν
1030 2250 1152 2339 ψυχῆς
1175 2242 1238 2317 καὶ
1265 2239 1339 2319 σαί-

99 2373 199 2434 ατος,
226 2347 322 2430 εἰς’
301 2344 517 2442 αποτροπὴν
542 2343 682 2429 παντὸς
707 2342 893 2433 ἐναντίου,
930 2346 981 2426 εἰς
1005 2342 1235 2442 περιποίησιν
1259 2354 1338 2420 τῶν

99 2455 230 2522 τολῶν
262 2472 344 2537 σου,
367 2451 429 2531 τίς
454 2446 659 2548 ἀπολογίαν
685 2442 963 2543 εὐπρόςῦεκτον,
996 2444 1066 2543 τὴν
1090 2445 1150 2521 ἐπὶ
1174 2453 1242 2521 τοῦ
1268 2475 1339 2546 φο-

99 2556 185 2647 εροῦ
208 2546 377 2646 βηματος
400 2557 469 2625 τοῦ
493 2555 663 2645 Χριστοῦ
689 2570 770 2621 σου.

593 2711 632 2781 Ὁ
654 2711 819 2794 διάκονος.

145 2818 281 2917 Ορθοὶ
303 2815 575 2916 μεταλαβόντες
592 2827 668 2894 τῶν
686 2814 867 2906 θείων,“
845 2816 977 2919 αγίων,
1001 2813 1215 2919 ἁχρὰντων,
1236 2818 1338 2895 535-

99 2947 461 3119 πίίίντιλαβοῦ,
408 3029 545 3109 σῶσον,
572 3020 720 3117 ἐλέησον
744 3047 809 3095 και
796 3015 1077 3117 διαφύλαξον.

159 3122 280 3218 Τὴν
259 3122 400 3220 ημέραν
426 3130 552 3197 πᾶσαν
577 3121 732 3209 τελείαν,
759 3119 883 3223 ἁγίαν.
929 3170 930 3173 =

608 3283 792 3377 Ἐκφοίνως.

143 3393 228 3470 ’Ότι
255 3392 310 3490 σύ
328 3393 348 3469 5
374 3390 557 3522 ἁγιασμὸς
580 3389 715 3518 ημῶν,
737 3388 802 3465 καὶ
837 3387 897 3464 σοὶ
932 3386 1100 3487 τηνόξ
1032 3386 1100 3476 ῦόξ
1163 3390 1341 3499 ἄναπέμ

99 3524 202 3592 ομεν,
236 3504 290 3594 τῷ
306 3495 480 3622 πατρὶ,
477 3493 541 3570 καὶ
564 3521 618 3591 τῳ
644 3491 729 3590 υἱῳ,
748 3490 819 3567 καὶ
843 3499 898 3620 τῷ
924 3489 1020 3595 ἁγίῳ
1045 3518 1098 3569 πν
1135 3504 1241 3593 ματι,
1267 3501 1340 3571 νῦν

99 3596 131 3672 τὶ
158 3596 229 3685 ἀεὶ,
254 3595 318 3671 καὶ
343 3602 395 3681 εὶς
418 3594 505 3681 τοῦς
530 3599 671 3680 αἰῶνας
695 3600 775 3669 τῶν
800 3588 962 3669 αἰώνων.

146 3699 265 3772 Ἐν
236 3695 362 3795 ειρήνη
386 3700 641 3796 προελθῶμεν.

158 3805 236 3874 Τοῦ
259 3802 402 3900 Κυρίου
428 3798 638 3897 ἁεηθῶμεν.

222 3963 309 4058 Εῦχῆ
333 3962 599 4052 ὅπισθὰμβωνος
618 3934 852 4052 έκφωνοῠρίένη
873 3924 969 4050 παρὰ
988 3966 1048 4028 τοῦ
1063 3957 1188 4050 ἱερέως.

149 4071 194 4148 ‘0
219 4072 383 4172 εὐλογῶν
407 4068 495 4154 τοὺς
520 4061 767 4169 εῦλογοῦντὰς
792 4089 831 4140 σε
857 4059 970 4163 Κύριε
995 4090 1028 4164 ρ.
1041 4064 1126 4140 370.

418 4232 504 4324 Εὐχή
528 4233 563 4302 ἒν
583 4239 631 4324 τῷ
652 4231 880 4301 συστεῖλαι
843 4256 886 4300 τα
906 4226 997 4320 ἅγια.

139 4342 323 4416 ’Ἡνοσται
357 4338 420 4417 καὶ
445 4336 692 4414 τετέλεσται“
672 4361 762 4413 οσον
788 4341 839 4420 εἰς
861 4334 931 4432 τὴν
955 4332 1138 4464 ἡμετέραν
1162 4332 1340 4430 δύναμιν,

99 4438 265 4543 (ριστΓ
248 4472 268 4518 ο
307 4441 446 4527 0559‘
426 4449 556 4539 ημῶν,
594 4440 637 4515 τὸ
672 4468 738 4539 της
772 4446 838 4536 σῆς
873 4435 1088 4535 οἰκονομίας
1122 4432 1339 4539 μυστήριον.

1106 4557 1140 4610 τε
