3044 4912
721 207 793 280 127

703 377 799 456 Εἶτα.

194 485 345 590 Ὑιγιύσω
372 513 426 579 σε,
453 487 473 564 5
502 484 589 574 Θεὸς
612 516 688 584 μου
715 487 734 565 5
759 485 951 589 βασιλεύς·
972 503 1031 574 καὶ
1049 505 1093 574 τὰ
1115 501 1200 596 ἑξῆς.

702 616 798 692 Εἶτα.

79 732 83 764 ⁸
196 730 337 801 Αλνεῖτε
362 725 431 802 τὸν
456 721 598 824 Κύριον
623 720 747 802 ποίντα
772 726 820 802 τὸ
846 729 957 824 ἔθνη·
984 741 1042 810 καὶ
1062 741 1106 811 τὰ
1126 739 1211 834 ἑξῆς.

637 855 676 927 Ὁ
699 856 863 942 διάκονος.
886 902 891 907 -

194 941 306 1046 Κύριε
331 940 542 1048 εύλὸγησον.

659 1041 838 1134 Ὁῖερεύς.

190 1145 410 1279 ΟΚύριος
426 1143 626 1250 εὐλογήσει,
659 1149 722 1276 καὶ
756 1147 1077 1276 ἀκατακρίτους
1055 1157 1155 1248 ημᾶς
1177 1142 1391 1282 διατηρήσει

129 1249 179 1324 ἐπὶ
201 1257 245 1348 τῇ
270 1245 473 1347 μεταλήψει
498 1257 577 1325 τῶν
601 1247 802 1349 ἀχράντιον
827 1250 945 1326 αὐτοῦ
971 1249 1121 1353 δωροῖν,
1144 1260 1220 1329 νῦν
1244 1254 1306 1329 καὶ
1333 1254 1391 1330 ἀεὶ

125 1350 182 1426 καὶ
204 1357 254 1437 εἰς
276 1351 367 1436 τοὺς
390 1357 541 1435 αλῶνας.

402 1482 514 1553 Καὶ”
495 1510 575 1552 οταν
595 1482 808 1573 πληρώσασι,
830 1487 920 1574 λέγει
941 1483 1105 1567 διάκονος.

196 1587 307 1689 Κύριε
332 1585 618 1711 εῧλύγρσσν.

607 1683 774 1777 Ὁῖερεὸς
793 1687 894 1778 λέγει.

189 1789 395 1920 ὈΚύριος
430 1791 629 1894 εὐλογήσει,
664 1790 728 1869 καὶ
754 1791 947 1878 551505‘
925 1800 1023 1890 ημᾶς
1049 1791 1182 1894 ἁγναῖς
1206 1799 1288 1878 ταῖς
1312 1802 1391 1870 τῶν

122 1891 312 1969 δακτύλων
338 1895 483 1991 λαβαῖς,
509 1895 643 2021 λαβεῖν
663 1892 730 1968 τὸν
756 1890 915 1987 πύρινον
940 1895 1131 2020 ἄνθρακα,
1161 1892 1225 1968 καὶ
1249 1898 1392 1970 ἐπιθεῖ-

123 2025 181 2070 ναι
205 2003 281 2080 τοῖς
304 2004 385 2071 τῶν
409 2004 553 2072 πιστῶν
578 1990 772 2084 στόμασιν,
801 2000 853 2080 εἰς
876 1992 1120 2123 καθαρισμὸν
1143 1993 1208 2070 καὶ
1234 1995 1391 2072 ἀνακαι-

124 2097 252 2196 νισμὸν
276 2106 356 2173 τῶν
381 2105 518 2195 ψυχῶν
543 2097 671 2173 αὐτῶν
696 2096 759 2170 καὶ
784 2105 863 2174 τοῖν
888 2095 1088 2189 σωμοίτυιν,
1113 2104 1187 2175 νῦν
1212 2097 1276 2172 καὶ
1295 2097 1362 2173 ἀεὶ.

702 2222 797 2297 Elea.

195 2331 403 2423 Γεύσασθε,
429 2363 492 2408 και
480 2331 682 2424 ἰ’δετε,“
662 2361 719 2408 οτι
708 2331 943 2458 χρηστὸς’
924 2363 944 2407 ο
971 2331 1172 2432 Κύριος,“
1155 2363 1174 2408 ο
1200 2280 1392 2434 μελιζόμε-

127 2463 183 2562 νος
212 2437 273 2512 καὶ
298 2436 351 2532 μὴ
376 2431 627 2563 μεριζόμενος,
657 2432 721 2509 καὶ
745 2441 824 2561 τοῖς
847 2441 989 2520 πιστοῖς
1012 2432 1303 2535 μεταδιδύμενσς
1326 2436 1390 2512 καὶ

130 2535 174 2631 μὴ
203 2535 483 2666 δαπανώμενος,
519 2542 569 2621 είς
601 2537 736 2634 ἄφεσιν
770 2536 966 2633 ἁμαρτιῶν
991 2536 1053 2613 καὶ
1080 2536 1179 2635 ζωὴν
1200 2536 1273 2635 τὴν
1300 2535 1390 2614 555-

132 2665 213 2729 νιον,
237 2649 310 2716 νῦν
335 2640 398 2714 καὶ
424 2637 569 2714 ἀείκαὶ
594 2644 643 2723 είς
668 2637 755 2722 τοὺς
781 2644 930 2723 αίοῖνας

636 2768 674 2841 ‘0
697 2767 859 2853 διάκονος.

189 2875 248 2952 Ἕν
273 2873 397 2975 είρήνῃ
424 2879 593 2973 Χριστοῦ
617 2870 829 2974 ψύλλωμεν.

651 3004 695 3075 05
716 3004 857 3096 ψάλται.

198 3118 232 3184 Γ
228 3109 404 3200 εύσασθε,
430 3110 494 3186 καὶ
518 3109 626 3199 ἴδετε,
654 3109 709 3184 ὅτι
732 3110 892 3210 χρηστὸς
916 3109 936 3185 5
963 3107 1109 3211 Κύριος.

349 3241 387 3312 ‘0
410 3241 516 3333 ἱερεὺς
537 3245 625 3332 λέγει
646 3239 742 3332 εὐχὴν
762 3242 830 3374 πρὸ
848 3249 907 3332 τῆς
912 3241 1157 3375 '555555559

196 3345 373 3475 Κύριος
355 3379 374 3423 ο
396 3347 528 3433 Θεὸς
507 3357 629 3446 ηαῶν,
657 3348 676 3421 5
704 3346 877 3445 οὐροίνιος
903 3350 1027 3479 ἄρτος,
1052 3380 1075 3447 η
1062 3347 1176 3445 ζωὴ
1202 3355 1270 3477 τού
1296 3375 1391 3422 παν-

134 3447 194 3538 τὸς,
218 3451 385 3547 ἥμαρτον
411 3457 462 3534 είς
486 3450 554 3526 τὸν
581 3448 757 3579 οὐρανὸν,
783 3449 847 3523 καὶ
864 3447 1025 3526 ἐνώπιόν
1042 3476 1124 3539 σου,
1150 3450 1213 3524 καὶ
1230 3449 1298 3524 οὐκ
1315 3448 1391 3542 είμὶ

134 3549 218 3636 ἄξιος
251 3554 476 3649 μεταλαβεῖν
510 3559 590 3627 τοῖν
624 3546 841 3680 ἀγρύντισν
860 3575 929 3681 σου
964 3550 1193 3680 μυστηρίων,
1227 3549 1308 3624 ἀλλ’
1341 3548 1391 3647 ιὸς

132 3651 368 3756 εύσπλαγχνος
397 3654 484 3738 Θεὸς
518 3652 579 3738 ἆξί
580 3651 680 3782 5055
714 3681 761 3748 με
796 3658 841 3747 τῇ
875 3650 1001 3751 χάριτί
1037 3678 1106 3781 σου
1138 3649 1394 3826 52515555555

131 3764 313 3880 μετασχεῖν
347 3765 416 3831 τοῦ
432 3754 561 3883 ἁγίου
598 3751 770 3850 σώματος
804 3752 867 3828 καὶ
902 3760 970 3829 τοῦ
1002 3753 1129 3852 τιμίου
1162 3783 1185 3828 α
1185 3754 1317 3850 ίματος
1341 3757 1392 3838 είς

131 3854 253 3954 ἄφεσιν
278 3857 475 3956 ἁμαρτιῶν
500 3887 564 3931 και
551 3855 688 3955 ζωὴν
716 3851 880 3932 αλιύνιον.

196 3995 340 4068 XLIII.
346 4000 439 4074 Εἶτα
457 4007 664 4091 μεταδίδωσι
684 4012 732 4096 τῷ
752 4003 876 4095 κλήρῳ·
903 4002 959 4073 ὅτε
982 4002 1020 4070 δὲ
1041 4001 1239 4089 ἐπαίρουσιν
1260 4001 1294 4074 05
1316 4000 1392 4072 διοί-

130 4131 209 4176 κονοι
235 4109 315 4190 τοὸς
342 4106 503 4191 δίσκουςί)
524 4107 583 4177 καὶ
603 4108 682 4188 τοὺς
701 4114 866 4196 κρατῆρας
886 4103 936 4186 είς
954 4103 993 4172 τὸ
1014 4106 1218 4189 μεταδοῦναι
1238 4113 1286 4195 τῷ
1308 4108 1391 4194 λαῷ,

130 4205 206 4293 λέγει
226 4206 245 4277 5
268 4206 546 4301 5555050925'555
565 4206 625 4281 τὸν
645 4215 779 4298 πρῶτον
800 4208 920 4277 δίσκον.

194 4311 305 4412 Κύριε
330 4310 543 4416 εὐλύγησον.

205 4470 227 4527 1)
247 4472 350 4517 Ροιεοοι.
