3044 4912
717 249 789 320 374

121 430 246 514 μᾶλλον
267 434 333 495 τῶν
354 421 463 496 ἄλλων
484 423 674 511 ἀνθρώπων
694 425 869 518 ὀφείλουσι
890 433 948 517 τῆς
968 423 1202 514 καθαρότητος
1220 425 1379 511 ἐπιμελεῖ-

123 538 219 609 odat,
249 533 473 596 commendatur
495 532 591 613 primo
616 535 769 595 Sacerdoti
799 533 1010 605 confessio,
1041 533 1235 612 potissimum
1268 532 1294 593 si
1321 551 1380 593 reus

123 647 169 698 est
191 637 304 716 peccati
328 636 461 696 mortalis
482 628 583 714 ὅμως,
606 627 645 696 tto
660 627 678 697 ἁ
695 627 800 716 ἱερεὺς
814 627 1024 719 λειτουργήοῃ
1041 625 1381 719 ἀνεξομολόγητοςκοί

121 733 164 819 μὲ
185 730 374 817 θανάσιμον
391 729 563 817 ἁμαρτίαν,
586 728 696 817 σμίγει
710 728 873 820 ἁμαρτίαν
888 730 936 811 είς
950 729 1114 817 ἁμαρτίαν
1126 730 1185 799 καὶ
1199 727 1380 813 κολάζοιται

123 832 274 914 αἰωνίοις,
297 848 372 899 teste
395 837 553 897 Nicolao
577 836 727 913 Bulgari
751 837 781 898 in
796 837 942 912 imbricis,
966 856 1040 916 quas
1066 838 1187 899 assidua
1204 855 1378 899 commemo-

123 941 237 1002 ratione
260 939 464 1001 excitabimus.
498 938 591 998 Porro
614 938 821 1017 antiquissima
845 938 1004 1019 disciplina
1026 947 1081 1005 est,
1104 946 1137 999 ut
1160 938 1313 1000 Sacerdos
1327 939 1378 999 lleo

123 1041 308 1111 conciliatus,
331 1041 420 1101 etiam
444 1040 615 1119 proximo
639 1039 871 1100 concilietur
892 1039 994 1100 Mattlr.
1018 1042 1046 1110 5,
1063 1041 1114 1103 23.
1159 1039 1236 1100 item
1260 1040 1329 1101 iude
1348 1039 1378 1098 ab

124 1143 251 1222 Vespera
274 1124 469 1220 praecedente
492 1141 639 1201 Sacerdos
662 1140 749 1201 debet
772 1159 839 1202 esse
862 1140 1015 1202 ieiunus
1037 1149 1066 1201 et
1088 1140 1243 1202 abstinere
1265 1159 1377 1202 uonso·

123 1243 181 1307 lunt
210 1263 226 1302 a
249 1242 325 1304 cibis
352 1250 382 1303 et
411 1250 482 1322 potu
510 1242 563 1303 sed
587 1261 602 1301 a
626 1242 731 1321 copula
753 1241 841 1303 etiam
865 1241 1024 1320 coniugali.
1068 1241 1205 1322 benique
1229 1241 1378 1304 consulunt

121 1342 257 1405 rubricae
273 1342 466 1414 celebraturo,
490 1352 522 1403 ut
545 1352 689 1404 noctem
712 1343 824 1403 ducat
846 1342 1066 1414 insomnem,
1090 1343 1126 1403 ad
1143 1352 1266 1423 tempus
1280 1344 1375 1405 blissae

122 1466 215 1526 osque
245 1445 265 1505 i.
289 1465 314 1505 e.
336 1445 372 1504 ad
396 1445 497 1504 boram
520 1442 579 1504 diei
604 1443 729 1516 tertiam,
759 1462 846 1524 quam
870 1462 925 1504 nos
949 1462 1057 1504 nonam
1081 1463 1232 1506 vocamus.
1280 1446 1374 1507 Saltem

121 1566 206 1608 orare
229 1547 317 1607 debet
338 1539 376 1605 τὸ
396 1536 635 1624 μεσονυκτικόν,
664 1539 702 1607 τὸ
725 1533 850 1624 ὄρθρον
878 1554 908 1605 et
928 1543 1037 1606 Horam
1060 1545 1202 1624 primam:
1234 1555 1303 1608 anm
1323 1544 1373 1606 Pri·

121 1665 198 1709 mam
221 1646 299 1707 enim
323 1645 432 1705 dictam
456 1645 509 1705 nei
507 1664 540 1705 as
563 1646 685 1708 Graecis
707 1645 871 1724 Liturgiam
896 1645 1028 1724 aggredi
1037 1646 1057 1721 ¹)

206 1781 353 1860 Tempore
375 1778 515 1842 sacrificii
539 1779 651 1841 laciunt
665 1780 813 1842 Sacerdos
836 1788 866 1843 et
887 1780 1036 1843 Diaconos
1058 1779 1239 1859 praesidi²)
1251 1798 1371 1842 reveren·

121 1882 202 1955 tiam,
223 1873 400 1962 μετάνοιαν
422 1889 451 1942 et
473 1880 637 1960 templum'
630 1881 757 1959 ingressi
773 1881 917 1943 orientem
933 1900 1036 1943 versus
1052 1881 1107 1943 tria
1122 1862 1370 1966 προςιονήματο.

121 1985 202 2046 Haec
229 1982 398 2043 alliciuntur
426 1983 563 2060 corporis
592 1983 794 2044 incurvatione
821 1983 983 2062 profunda,
1011 2000 1099 2062 quiam
1129 2000 1260 2065 corpore
1288 1991 1369 2045 erecto

121 2084 256 2165 sequitur
278 2081 375 2144 crucis
397 2080 557 2163 impressio
580 2083 675 2145 tribus
698 2083 817 2146 dextrae
840 2103 945 2146 manus
967 2083 1120 2165 prioribus
1144 2083 1226 2146 inter
1245 2104 1279 2149 se
1295 2082 1368 2145 unitis

121 2185 221 2265 capiti,
257 2186 379 2245 humero
409 2182 513 2247 dextro
535 2194 565 2246 et
585 2184 707 2247 sinistro
731 2185 876 2248 iacienda.
920 2189 956 2248 dt
977 2204 1046 2247 vero
1067 2177 1242 2266 μετάνοια,
1271 2193 1369 2266 praeter

121 2305 248 2366 genuum
271 2284 469 2358 inflexionem,
484 2258 517 2346 sl
541 2304 645 2364 magua
665 2286 764 2356 luerit,
779 2285 911 2350 osculum
927 2295 1025 2349 terrae
1040 2287 1117 2366 ligit:
1141 2286 1168 2349 si
1184 2306 1274 2371 parva
1288 2285 1367 2357 luerit,

121 2388 213 2450 totius
235 2384 372 2467 corporis
394 2386 554 2464 prostratio
577 2387 704 2450 dicenda
727 2397 783 2450 cst.

204 2524 264 2585 lam
290 2521 454 2583 recitantur
475 2521 579 2585 breves
602 2542 637 2584 ac
659 2524 820 2585 sollemnes
844 2524 997 2596 formulae,
1021 2542 1094 2604 quas
1117 2524 1200 2586 omui
1223 2524 1315 2586 cultus
1333 2521 1367 2582 di·

121 2625 180 2685 vini
217 2624 328 2685 actioni
359 2624 546 2703 praemittere
581 2625 693 2685 solent:
731 2625 914 2703 Trisagium,
949 2625 1117 2704 Antiphona
1145 2623 1293 2688 Βαοιλεῠ
1324 2613 1368 2686 ml-
1408 2666 1410 2707 3

121 2719 223 2808 ράνιε,
257 2725 359 2785 Oratio
392 2725 555 2794 Dominiea,
586 2726 673 2804 llyrie
707 2726 831 2799 eleison,
860 2726 1021 2804 llosologia
1055 2726 1162 2798 minor,
1191 2726 1366 2789 Beataelir·

122 2828 198 2904 ginis
227 2828 479 2886 commemoratio.
525 2826 638 2887 lleltinc
666 2828 794 2888 salutant
818 2828 961 2906 imagines
985 2827 1095 2889 Cltristi
1118 2838 1148 2887 ct
1170 2829 1320 2910 Deiparae,
1344 2826 1367 2884 in

122 2927 283 2989 iconostasi
314 2926 492 3005 conspicuas
529 2962 567 2972 -
597 2921 789 3006 δείχνωντας
819 2925 862 3009 μὲ
888 2932 986 2991 τοῦτο
1013 2922 1070 2991 τὸν
1098 2920 1277 2993 ἓαοτόντοο
1301 2919 1367 2992 κατὰ

123 3021 234 3091 πάντα
257 3021 442 3112 ὀρθόδοξον
463 3023 518 3091 καί
539 3030 604 3090 τῶν
625 3026 804 3092 συναδικῶν
826 3023 1008 3106 διατάξεων
1029 3020 1169 3093 ὀπαδόν.

209 3281 231 3337 ll
256 3282 342 3330 lisdem
359 3283 502 3346 praeceptis,
527 3296 554 3330 er
579 3291 645 3344 porte
664 3284 826 3344 rigidioribus,
846 3298 871 3331 se
892 3283 1041 3342 adstringunt
1059 3291 1145 3331 sectae.
1182 3283 1208 3331 ln
1227 3291 1292 3331 casto
1309 3282 1366 3328 luisse

122 3366 276 3415 Sacerdotem
302 3374 370 3414 nocte
396 3367 547 3428 praecedenti
571 3375 611 3416 aut
635 3369 713 3418 triduo
732 3377 835 3432 oportet,
853 3370 872 3418 si
898 3369 1037 3428 coniugatus
1055 3368 1140 3418 luerit:
1165 3370 1186 3415 si
1206 3382 1250 3430 per
1267 3363 1364 3416 insomnia

124 3451 252 3499 ludibrium
278 3465 364 3513 passus
391 3459 435 3509 cst,
461 3451 585 3499 celebrare
604 3453 751 3514 prohibetur.
788 3453 920 3515 Eapropter
939 3452 1018 3501 solent
1036 3452 1179 3501 Sacerdotes
1199 3451 1312 3514 Coptitae,
1331 3450 1364 3494 lt·

121 3536 215 3596 thiopes
240 3549 260 3581 e.
280 3549 300 3581 a.
326 3544 428 3592 noctem,
455 3550 515 3598 quae
540 3535 667 3595 liturgiam
693 3537 810 3585 antecedit
835 3537 856 3584 in
882 3536 983 3585 ecclesia
1009 3535 1140 3598 transigere
1159 3533 1364 3598 magnamqneeiot

122 3626 212 3680 partem
232 3618 380 3666 orationibus
398 3627 422 3666 et
438 3634 522 3668 sacrae
541 3619 636 3667 lectioni
656 3636 745 3668 vacare.
781 3621 897 3670 Sacerdos
917 3622 990 3683 pedes
1009 3627 1134 3668 almanus
1153 3619 1232 3669 lauare
1249 3621 1324 3669 debet:
1338 3616 1362 3661 lc

123 3703 218 3750 iunasse
242 3703 312 3752 etiam
337 3703 374 3752 die
399 3703 550 3765 praecedenti
569 3713 591 3752 et
610 3705 639 3751 ad
659 3720 779 3768 vesperam
799 3706 943 3754 abstinuisse
961 3706 1013 3753 vino
1033 3712 1055 3752 et
1074 3711 1130 3767 potu
1151 3705 1226 3762 omni,
1250 3718 1295 3767 quo
1311 3702 1362 3760 ctpll

122 3789 206 3837 tentari
224 3789 310 3851 possit.
340 3788 424 3836 Postea
443 3787 513 3836 debet
532 3802 628 3836 examen
647 3789 770 3836 instituere
789 3791 848 3837 intra
867 3805 893 3837 ae
912 3791 1000 3852 ipsum,
1019 3802 1074 3837 num
1092 3789 1195 3837 alicuius
1219 3788 1306 3853 peccati
1321 3793 1361 3832 τοις

122 3871 160 3929 sit,
179 3885 225 3933 quo
245 3887 291 3919 non
310 3872 388 3920 solam
408 3888 420 3919 a
440 3872 600 3920 celebratione
619 3872 775 3921 eucharistiae
798 3873 841 3922 sed
860 3874 929 3922 etiam
949 3873 978 3922 ab
997 3874 1048 3922 eius
1064 3873 1234 3923 communione
1251 3874 1360 3922 arcerettt³

123 3968 177 4002 num
197 3955 267 4004 alicui
286 3956 395 4006 iniuriam
414 3964 453 4004 aut
471 3956 583 4005 damnum
602 3957 693 4005 lecerit.

207 4072 231 4128 2)
257 4075 331 4135 lling
351 4074 397 4122 lc.
419 4074 516 4137 pllS:
542 4075 611 4131 „blan
631 4076 686 4123 uird
707 4077 785 4124 dieses
804 4076 936 4135 versutias,
961 4091 1027 4126 wenn
1047 4091 1100 4126 man
1119 4077 1170 4125 sich
1191 4078 1302 4133 erinnert,
1323 4068 1362 4117 llll

123 4156 168 4203 alle
193 4157 258 4205 diese
277 4160 446 4218 attriveisungen
473 4161 509 4206 liir
527 4159 565 4206 dic
584 4160 679 4208 illuster
697 4161 817 4208 bestimmt
834 4161 896 4209 siud.
934 4160 975 4209 [lie
994 4162 1176 4221 loruebmsten,
1201 4162 1224 4213 tl.
1243 4163 1258 4210 i.
1281 4153 1363 4209 ilerll'

123 4241 264 4287 chimandrtt
289 4241 334 4288 tttttl
360 4243 397 4289 die
424 4243 520 4303 dbrigen
541 4244 647 4300 llonclre,
673 4245 715 4291 uie
739 4246 773 4292 sie
800 4246 822 4292 in
847 4245 900 4293 dein
921 4245 1053 4294 Reiectorlo
1072 4246 1225 4295 uersammelt
1242 4245 1301 4294 sind.
1332 4233 1366 4282 ⁰²¹

123 4323 234 4378 Priestar,
254 4326 358 4374 welcber
376 4326 418 4374 das
433 4330 484 4375 dant
504 4329 561 4384 tialt,
581 4330 672 4376 machot
690 4330 756 4378 seina
775 4330 929 4390 llerbengong
948 4344 1021 4390 gagen
1040 4330 1085 4378 den
1105 4330 1315 4379 archimandrites,
1334 4307 1369 4363 ¹¹⁰⁶

123 4406 213 4455 sodoon
233 4411 302 4469 gelict
322 4426 347 4458 er
367 4411 388 4456 in
408 4411 445 4457 die
464 4411 563 4471 tirone,
588 4412 658 4459 ollem
683 4414 748 4461 diosc
767 4417 906 4474 dnwclsung
925 4416 985 4462 laun
1006 4415 1027 4461 in
1048 4413 1215 4463 l’larrilrcben
1236 4415 1296 4462 nicbt
1312 4399 1372 4456 Μ’

123 4488 227 4537 lludett.“
