3044 4912
710 277 783 353 o33

108 462 133 538 ῦ
161 460 251 546 θεὸς
281 462 533 590 παραβλέπων
563 459 682 543 τὰς’
662 458 822 554 ανομίας
855 461 973 538 αὐτοῦ
1006 463 1069 538 καὶ
1100 462 1221 548 τὰς
1199 461 1385 562 αμαρτίας

109 564 175 640 καὶ
206 563 255 639 τά
288 566 331 639 ίν
354 558 491 666 γνώσει
514 560 579 637 καὶ
603 562 738 663 ἀγνοίᾳ
762 559 946 665 γενόμενα
971 565 1061 662 παρ’
1092 565 1226 642 αὐτοῦ·
1262 565 1327 640 καὶ
1351 569 1386 639 εἴ

107 694 147 741 τι
172 674 253 741 τῶν
277 669 439 740 ἐντολῶν
464 688 534 740 σου
559 664 715 761 παρέβη,
739 662 765 763 ἢ
790 666 1118 764 ἐπλημμέλησεν“
1088 696 1140 751 ως
1166 665 1286 763 σάρκα
1312 695 1384 765 φο-

111 775 192 865 ρῶν
223 767 288 843 καὶ
319 767 387 843 τὸν
418 762 562 861 κόσμον
595 770 721 854 οἰκῶν,
751 764 777 865 ἢ
809 770 896 853 ίξλ
897 767 1063 871 νεργείας
1093 776 1163 843 τοῦ
1188 765 1383 866 διαβόλου,

113 868 280 953 αὐτὸς*
251 898 303 953 ως
327 868 475 969 ἀγαθὸς
498 867 563 943 καὶ
588 864 859 994 φιλάνθρωπος
886 869 974 954 Θεὸς
1001 868 1257 998 συγχώρησον.
1299 870 1385 947 Ὅτι

109 970 183 1055 οῦκ
207 972 309 1098 ἐστιν
333 969 596 1067 άνθρωπος,“
574 998 618 1098 ης
643 967 789 1066 ζήσεται
812 970 877 1047 καὶ
903 973 973 1068 οὐχ
990 968 1204 1069 ἁμαρτήσει.
1232 972 1296 1048 Σὺ
1310 971 1385 1101 γὰρ

112 1069 229 1168 μόνος
253 1069 430 1167 ὑπάρχεις
455 1067 731 1200 ἀναμάρτητος·
766 1102 790 1168 η
776 1071 1035 1171 δικαιοσύνη
1057 1098 1139 1163 σου,
1166 1071 1384 1170 δικαιοσύνη

111 1179 163 1258 εἰς
195 1175 265 1250 τὸν
297 1179 418 1248 αλῶνα
450 1173 514 1249 καὶ
546 1171 566 1248 6
592 1170 701 1301 λόγος
726 1198 795 1249 σου
821 1173 990 1273 ἀλήθεια.
1046 1176 1102 1252 Οὐ
1126 1175 1199 1277 γὰρ
1226 1176 1387 1259 ἔπλασας

109 1275 181 1351 τὸν
208 1277 417 1374 ἄνθρωπον
442 1280 492 1359 εἰς
518 1271 717 1364 ἀπώλειαν,
744 1276 825 1351 ἀλλ’
855 1283 905 1361 εἰς
931 1277 1162 1407 περιποίηριν
1186 1284 1266 1353 τῶν
1281 1280 1386 1352 ἐντο-

109 1386 193 1452 λῶν
219 1405 289 1454 σου
313 1406 377 1452 και
365 1376 497 1473 ζωῆς
522 1372 727 1475 ἀφθάρτου
752 1382 1014 1506 κληρονομίαν.
1041 1379 1117 1454 Καὶ
1141 1377 1201 1505 σρὶ
1225 1379 1295 1473 τὴν
1320 1375 1387 1453 δό-

109 1480 230 1566 ξαν’
211 1479 489 1608 αναπέμπρμεν,
514 1485 569 1576 τῷ
595 1478 721 1576 πατρὶ,
746 1480 810 1555 καὶ
825 1488 879 1578 τῷ
897 1482 983 1578 υἱῷ,
1008 1509 1072 1556 και
1088 1489 1142 1579 τῷ
1161 1479 1258 1581 ἁγίῳ
1274 1474 1386 1553 πνεύ-

108 1611 218 1679 ματι,
245 1589 316 1656 νῦν
342 1610 406 1655 και
431 1580 501 1670 ἀεὶ,
527 1579 589 1655 καὶ
615 1585 666 1664 ele
689 1580 777 1666 τοὺς
803 1553 944 1667 αἰῶνας
967 1590 1046 1657 τῶν
1072 1554 1234 1659 αλιάνων.
1257 1579 1386 1679 Ἀμήν.

200 1691 372 1765 Etee’t
306 1696 372 1776 ειςέ
372 1721 486 1784 ρχεται
504 1695 616 1782 μέσων
636 1702 702 1763 τῶν
725 1694 850 1783 ίερίων,
880 1695 900 1780 6
922 1705 1032 1768 ποιῶν
1051 1725 1091 1768 το
1078 1694 1277 1782 εοχίλαιον
1288 1702 1309 1778 ¹)
1331 1696 1389 1766 καί

110 1797 227 1883 λαβὼν
249 1794 267 1865 ό
289 1796 533 1884 προϊστάμενος
553 1804 635 1864 τῶν
652 1794 766 1883 ίερέων
792 1799 831 1867 τὸ
854 1797 947 1886 άγιον
970 1796 1159 1887 εὐαγγέλιον
1181 1797 1317 1890 τίθησιν
1339 1795 1388 1878 εἰς

111 1899 174 1989 τήν
201 1892 348 1989 κεφαλήν
376 1896 513 1980 αότοῦ’)
540 1899 598 1967 καὶ
624 1898 781 1968 τιθέασιν
806 1896 867 1968 ἐπ’
892 1897 973 1968 αῦτὸ
1000 1900 1061 1979 τὰς
1087 1906 1199 1988 χεῖρας
1220 1897 1255 1968 οἱ
1276 1897 1387 1988 ἱερεῖς.

107 1997 151 2068 ‘0
173 2000 212 2070 δὲ
232 1997 476 2090 προϊστάμενος
496 2000 585 2088 λέγει
605 2000 664 2089 τήν
685 1996 780 2090 εὐχήν
801 1998 922 2095 ταύτην
942 1997 1199 2091 μεγαλοφώνως.

514 2161 590 2230 Τοῦ
615 2155 758 2253 Κυρίου
785 2153 994 2254 δεηθῶμεν.

200 2291 422 2367 Βασιλεῦ“
397 2320 497 2420 αγιε,
538 2292 767 2393 εύσπλαγχνι
806 2291 869 2366 καὶ
901 2290 1087 2380 πολυίλεε,
1126 2286 1240 2383 Κύριε
1266 2288 1388 2420 Ἰησρῦ

112 2393 269 2486 Χριστε,
294 2395 351 2468 vie
376 2395 439 2468 καὶ
466 2391 548 2494 λόγε
573 2399 642 2468 τοῦ
663 2397 755 2518 Θεοῦ
779 2398 848 2468 τοῦ
875 2391 1071 2484 ζῶντος,“
1054 2423 1074 2468 o
1100 2392 1151 2488 μὴ
1173 2391 1299 2465 θέλων
1320 2389 1388 2464 τὸν

115 2493 292 2571 θάνατον
324 2503 392 2570 τοῦ
419 2494 655 2591 άμαρτωλοῦ,
690 2492 741 2578 ῶς
766 2493 808 2569 τὸ
833 2496 1049 2624 εἠιρτρέψαι
1074 2494 1138 2569 καὶ
1164 2492 1233 2589 ζῇν
1258 2488 1387 2566 αὐτόν.

118 2598 177 2674 Οὐ
202 2596 337 2694 τίθημι
363 2598 455 2693 ἐμήν
478 2602 585 2692 χεῖρα
611 2595 866 2694 ἁμαρτωλὸν
850 2596 910 2671 επὶ
926 2596 995 2693 τὴν
1011 2594 1187 2725 κεφαλὴν
1192 2602 1261 2668 τοῦ
1277 2621 1389 2719 προς-

110 2698 296 2783 ελθόντος
315 2727 372 2774 σοι
388 2698 467 2774 ἐν’
447 2696 657 2795 αμαρτίαις,
678 2726 742 2772 και
730 2696 981 2793 αἰτουμένου
998 2698 1102 2797 παρὰ
1119 2704 1189 2772 σοῦ
1207 2694 1299 2773 διΗ
1280 2702 1388 2822 ημῶν

115 2803 256 2927 ἄφεσιν
281 2800 489 2896 ἁμαρτιῶν,
515 2798 608 2875 ἀλλὰ
635 2799 683 2876 σὺ
706 2807 813 2930 χεῖρα
837 2800 1022 2899 κραταίαν
1046 2830 1110 2876 και
1098 2794 1359 2893 “δυνατήν“
1320 2824 1390 2891 την

106 2907 161 2981 ἐν
185 2932 239 3001 τῳ
267 2902 361 3030 ἁγίῳ
386 2903 588 3004 εὐαγγελίῳ
613 2900 746 3000 τούτῳ,
776 2904 797 2977 ό
823 2904 858 2977 οἱ
884 2901 1159 3001 συλλειτουργοί
1182 2928 1258 3027 μρυ
1283 2895 1391 2973 κατί-

106 3030 252 3102 ,χυυσιν
283 3004 342 3079 επὶ
374 3005 442 3132 την
472 3004 638 3102 κεφαλην
669 3011 737 3079 τοῦ
769 3000 907 3078 δούλου
940 3030 1022 3090 σου,
1056 3000 1228 3088 τοῦδε,’
1215 3006 1388 3074 ἔκτεινον.

117 3107 194 3181 Καὶ
220 3104 351 3200 δέομαι
377 3109 447 3181 σὺν
474 3105 601 3188 αὐτοῖς
624 3104 688 3179 καὶ
713 3102 862 3179 ἱκετεύω
888 3102 957 3197 τήν
983 3098 1302 3198 συμπαθεστάτην
1326 3099 1391 3173 καὶ

115 3205 377 3304 άμνησίκακόν
401 3232 470 3282 σου
497 3203 852 3332 φιλανθρωπίαν,ε
836 3235 856 3280 ο
885 3203 1037 3293 Θεὸς,ι
1019 3234 1038 3279 o
1065 3202 1188 3300 σωτηρ
1212 3199 1390 3298 ἡμῶν,ὁ

118 3309 186 3386 διὰ
218 3317 286 3386 τοῦ
320 3306 520 3435 προφήτου
540 3332 609 3383 σου
635 3304 778 3381 Νάθαν
801 3305 1074 3404 μετανοήσαντι
1098 3313 1152 3404 τῶ
1179 3301 1347 3401 Δαβὶδ’
1331 3302 1391 3376 επὶ

115 3418 198 3496 τοῖς
229 3410 395 3494 ἰδίοις’
374 3405 637 3536 αμαρτήμασιν
671 3409 807 3507 ἄφεσιν
839 3406 1104 3537 δωρησάμενος
1128 3407 1193 3482 καὶ
1217 3414 1271 3503 τῷ
1298 3410 1391 3532 Μρι-

119 3538 242 3610 νασση
268 3513 337 3611 τὴν
362 3513 421 3588 ἐπὶ
445 3508 623 3609 μετανοίᾳ
647 3509 851 3639 προςευχήη
876 3507 1087 3606 δεξάμενος,
1114 3506 1226 3590 αὐτὸς
1243 3504 1391 3581 καὶτὸν

121 3613 261 3690 δοῦλόν
287 3640 368 3704 σου,
394 3611 517 3703 τόνδε,
543 3620 799 3709 μετανοοῦντα
824 3612 883 3687 ἐπὶ
908 3619 985 3696 τοῖς
1009 3611 1118 3694 λδίοις
1136 3610 1254 3685 αὐτου
1236 3615 1391 3701 πλημ-

116 3715 318 3815 μελήσασι,
345 3714 538 3815 πρόςδεξαι
562 3722 607 3813 τῇ
635 3711 792 3811 συνήθει
819 3739 888 3790 σου
904 3710 1187 3814 φιλανθρωπίᾳ,
1214 3715 1392 3808 παρορῶν

211 3958 235 4017 l)
257 3958 384 4019 aegrotam
408 3956 537 4018 intelligas,
561 3968 609 4005 ooo
632 3969 735 4019 proreoa
750 3954 905 4020 desperatam
922 3962 946 4005 et
963 3955 1011 4004 tam
1028 3954 1139 4019 spiritum
1157 3949 1331 4010 exhalatorom,
1348 3946 1393 3997 sed

120 4059 189 4105 eom,
200 4043 237 4107 „de
261 4043 329 4092 coion
352 4041 429 4090 salute
447 4047 559 4105 superest
576 4054 641 4104 spes.
676 4038 768 4090 Similia
787 4039 899 4102 leguntur
916 4040 940 4091 io
957 4036 1056 4089 vetustis
1073 4033 1271 4086 Sacramentariia
1288 4031 1392 4082 Latinis:

124 4153 157 4163 -
177 4126 205 4176 ttt
222 4128 258 4176 eie
276 4127 354 4176 flectat
372 4141 432 4186 penu
451 4125 486 4174 vel
505 4140 590 4188 genua.
609 4124 649 4190 qui
668 4132 705 4174 eat
723 4122 850 4186 tanguttue
864 4130 888 4172 et
905 4131 952 4173 stat
970 4122 999 4171 ad
1018 4121 1138 4171 dexteram
1156 4118 1296 4169 sacerdotis.
1316 4116 1392 4166 Immo

120 4212 205 4277 pritoa
222 4210 313 4261 Gatttae
331 4219 354 4259 et
372 4210 512 4260 Germaniae
530 4209 629 4259 ltitoalia
648 4208 806 4273 apostolicam
824 4221 904 4257 rocem
924 4206 1050 4256 adhibent:
1069 4206 1145 4268 Sargo
1163 4213 1186 4254 et
1204 4203 1307 4252 ambuta.

212 4294 237 4354 2)
259 4295 441 4356 Evangeliorum
467 4294 541 4344 codex
559 4294 656 4343 denotat
674 4294 794 4343 Christum
814 4292 951 4349 Dominum,
971 4293 1011 4355 qai
1031 4304 1126 4339 manoto
1146 4289 1249 4350 aegrotis
1267 4286 1393 4350 imponere

121 4380 213 4430 eotttae
231 4380 269 4428 sit.
305 4381 456 4442 Quapropter
473 4378 591 4428 Sacerdos
609 4393 636 4427 ea
654 4378 787 4428 humilitate
805 4384 829 4426 et
845 4375 996 4435 verecundia,
1014 4389 1076 4439 quae
1093 4375 1239 4426 Graecorum
1258 4369 1394 4420 sacerdotio

122 4465 225 4529 propria
249 4470 293 4525 eet,
317 4476 366 4515 noa
390 4478 417 4513 εε
441 4476 538 4512 martum
555 4464 714 4528 peccatricem
734 4463 806 4528 capiti
823 4462 923 4512 alteriue
942 4459 1076 4525 peccatoria
1093 4459 1228 4520 admovere,
1251 4454 1294 4506 sed
1313 4455 1393 4519 ipsum

121 4548 254 4601 Dominum
273 4563 369 4600 maoom
387 4547 514 4598 extendero
532 4547 664 4599 denuntiat.
