3044 4912
719 232 798 331 1'23

79 505 91 519 ,
148 432 284 535 μακαρία
319 430 445 534 φάσις,
476 434 500 532 ἡ
534 436 707 535 ἄφθονος
739 433 943 538 ἂγαθόιης,
981 437 1001 513 5
1035 434 1191 516 πάντων
1219 440 1307 526 Θεὸς
1330 442 1398 537 κλιλ

79 525 94 620 ‘f
147 535 320 634 Δεσπότης,
347 536 368 612 5
395 535 451 613 ἀν
477 536 672 640 εὐλογητὸς
694 543 744 622 είς
768 537 856 624 τούς
881 543 1032 628 αλῶνας,
1059 539 1080 616 5
1103 539 1318 639 καθήμενος
1334 545 1397 621 on

79 627 91 669 ¹
143 646 202 745 ιρλν
219 639 419 737 χερουβὶμ,
451 636 515 714 καὶ
541 636 787 737 δοξαζόμενος
810 639 883 716 ὑπὸ
909 648 988 716 τῶν
1014 643 1191 740 σεραφὶμ,
1223 638 1394 745 ᾦπαρε-

79 728 84 770 '
140 737 273 836 στήκασι
302 741 420 837 χίλιαι
442 739 605 836 χιλιάδες
629 741 694 816 καὶ
719 738 851 841 μύριαι
875 739 1055 841 μυριάδες
1081 743 1202 845 ἁγίων
1227 746 1394 850 ἀγγέλων

135 843 185 915 καί
215 843 457 944 ἀρχαγγέλων
489 843 673 940 στρατιαὶ,
703 843 751 919 τά
776 844 847 938 μὲν
872 847 1163 941 προςενεχθέντα
1189 872 1248 922 σοι
1273 848 1392 948 δῶρα,

79 1030 81 1034 ,
134 942 280 1037 δόματα,
314 941 561 1039 καρπώματα,
599 940 666 1030 εἰςΙι
680 943 986 1042 ὸσμήνιεύωδίας
1009 957 1258 1046 πνευματικῆς
1282 960 1394 1058 προς-

130 1045 333 1152 εὸέξω,,καὶ
359 1042 513 1148 ἁγιάσαι
538 1046 602 1122 καὶ
626 1055 816 1123 τελειῶσαι
831 1047 1072 1145 κατηξίωσας,
1099 1049 1235 1151 ἀγαθὲ,
1262 1060 1307 1150 τῇ
1321 1050 1398 1148 χά-·

129 1176 192 1242 ριτι
215 1156 286 1223 τοῦ
303 1153 472 1243 Χριστοῦ
501 1172 583 1238 σου,
609 1146 672 1224 καὶ
697 1157 742 1246 τῇ
768 1147 993 1248 ἐπιφοιτήσει
1017 1158 1086 1225 τοῦ
1110 1152 1298 1254 παναγίου
1324 1180 1393 1230 σου

126 1245 363 1344 Πνεόματος·
390 1249 562 1352 ἁγίασον,
588 1251 772 1340 Δέσποτα,
801 1250 864 1327 καὶ
889 1250 956 1335 τὰς
979 1250 1156 1352 ἡμετέρας
1180 1253 1306 1350 φυχάς
1329 1255 1394 1331 καλ

125 1348 276 1446 σαίματα
302 1350 366 1426 καὶ
391 1351 438 1426 τά
464 1350 671 1450 πνεύματα,
696 1352 760 1427 καὶ
785 1349 1009 1451 φίηλάφησσν
1034 1353 1101 1438 τάς
1123 1353 1304 1445 διανοίας,
1328 1355 1393 1432 καὶ

123 1450 324 1548 ἀνάκριναι)
349 1452 417 1538 τὸις
442 1451 680 1551 συνειδήσεις,
705 1454 769 1530 καὶ
794 1455 953 1554 ἔκβαλον
971 1452 1039 1554 ἀφ’
1059 1454 1170 1552 ἡμῶν
1186 1465 1313 1533 πᾶσαν
1332 1460 1393 1536 έν-

123 1583 227 1629 νοιαν
254 1553 436 1651 πονηράν,
471 1555 595 1631 πάντα
632 1554 811 1658 λογισμὸν
845 1556 994 1658 ἀσελγῆ,
1025 1565 1154 1633 πᾶσαν
1186 1559 1393 1650 ἐπιθυμίαν

123 1654 293 1754 αλσχρὰν,
319 1653 443 1734 πάντα
470 1657 648 1759 λογισμὸν
674 1658 830 1756 ἀπρεπῆ,
854 1656 979 1733 πάντα
1005 1656 1158 1757 φθόνον
1182 1660 1245 1735 καὶ
1269 1670 1393 1760 τῦφον

121 1757 180 1832 καὶ
212 1755 428 1854 ὑπόκρισιν·
464 1767 541 1834 πᾶν
565 1758 718 1857 ψεῦδος,
754 1757 878 1836 πάντα
904 1756 1029 1850 δόλον,
1066 1757 1189 1837 πάντα
1215 1790 1394 1861 περισπα-

123 1859 217 1953 σμὸν
232 1861 426 1957 βιωτικὸν,
452 1869 580 1936 πᾶσαν
605 1859 831 1950 πλεονεξίαν,
859 1869 986 1937 πᾶσαν
1011 1861 1239 1952 κενοδοξίαν,
1267 1873 1394 1941 πᾶσαν

122 1960 326 2056 ῥαθυμίαν,
353 1971 480 2038 πᾶσαν
504 1960 652 2051 κακίαν,
678 1964 803 2037 πάντα
828 1962 972 2058 θυμὸν,
1005 1971 1132 2039 πᾶσαν
1158 1963 1286 2065 ὀργῆν,
1320 1975 1393 2040 πά-

124 2089 191 2137 σαν
213 2063 478 2160 μνησικακίαν,
504 2072 631 2141 πᾶσαν
655 2064 914 2164 βλασφημίαν,
941 2072 1069 2140 πᾶσαν
1092 2063 1239 2161 κίνησιν
1256 2064 1393 2162 σαρκός

125 2193 158 2237 τε
182 2164 246 2239 καὶ
270 2163 481 2262 πνεύματος
507 2165 853 2265 ἀπηλλοτριωμένην
878 2173 946 2240 τοῦ
972 2162 1182 2263 θελήματος
1206 2176 1271 2264 τῆς
1287 2165 1392 2269 ἁγιό-

125 2263 226 2363 τητός
250 2293 331 2341 σου.

644 2320 857 2457 Ἕκφιόνησις.

197 2471 285 2544 Καὶ
321 2468 613 2554 καταξίωσον
648 2470 787 2568 ἡμᾶς,
824 2469 1035 2545 Δέσποτα
1061 2466 1390 2568 φιλάνθρωπε,

128 2571 528 2668 μετάπαῤῥησίας,
555 2572 901 2669 ἀκατακρίτως,
924 2570 1391 2671 ἐνκαθαρᾷκαρδίᾳ,

130 2682 246 2769 ψυχῇ
271 2675 666 2770 συντετριμμένῃ,
694 2671 1050 2771 ἀνεπαισχόντῳ
1075 2670 1314 2772 προςαίπφ,
1341 2703 1401 2775 η-,

132 2777 395 2872 γιασμένοις
427 2776 624 2871 χείλεσι,
660 2784 837 2873 τολμᾷν
872 2774 1203 2850 ἐπικαλεῖσθαί
1239 2800 1285 2850 σε
1311 2775 1392 2853 τὸν

133 2877 175 2949 ἐν
197 2883 291 2961 τοῖς
318 2877 537 2976 οὐρανοῖς
563 2877 699 2979 ἀγιον
728 2876 842 2952 Θεὸν
869 2877 1078 2974 Πατέρα,
1104 2877 1182 2951 καλ
1208 2877 1375 2979 λέγειν·

678 3005 716 3076 Ὁ
745 3007 836 3090 λαός.

202 3111 355 3211 Πάτερ
380 3113 510 3211 ῆμάλν
537 3112 556 3187 5
582 3115 630 3187 ἐν
655 3117 752 3195 τοῖς
778 3114 1020 3213 οὐρανοῖς,
1048 3107 1324 3217 ἁγιασθήτω
1342 3111 1391 3187 τὸ

136 3212 270 3310 ὄνομά
296 3238 397 3290 σου·
425 3228 481 3298 καὶ
504 3231 546 3297 τὰ
568 3226 654 3318 ἑξῆς.
1375 3216 1378 3221 ’

477 3361 515 3432 ‘O
539 3361 644 3453 ἱερεὺς
666 3360 914 3450 ἐπικλινόμενος
934 3366 1034 3453 λέγει.

199 3467 282 3541 Καὶ
307 3466 367 3564 μὴ
394 3468 654 3568 ελςενέγκῃς
678 3467 797 3567 ἡμᾶς
823 3473 888 3551 εἰς
913 3466 1193 3568 πειρασμὸν,
1230 3463 1391 3564 Κύριε,

137 3564 259 3669 Κύριε
300 3578 394 3645 τῶν
438 3569 716 3665 δυνάμεων,
765 3569 784 3643 5
831 3568 966 3654 ελδδις
1012 3570 1094 3666 τὴν
1133 3568 1392 3642 ἀσθένειαν

206 3845 335 3894 Neoiior
355 3843 443 3894 Tetroi.
462 3845 506 3893 Lit.
525 3860 549 3909 ρ.
563 3843 627 3894 255:
655 3844 767 3909 Sequitur
786 3844 862 3893 orotio
882 3843 1011 3902 dominico,
1030 3857 1091 3906 quoe
1109 3842 1137 3891 in·
1152 3841 1264 3891 omnibus
1283 3841 1392 3903 liturgiis,

135 3938 217 3992 ncepta
236 3929 395 3988 clementino,
420 3929 499 3978 iocum
524 3930 603 3989 habet,
628 3938 652 3979 ot
670 3930 798 3979 diversum.
832 3929 859 3978 in
878 3929 964 3978 officiis
983 3928 1100 3985 Romano,
1123 3928 1147 3976 S.
1168 3927 1342 3989 chrysostomi,
1366 3927 1391 3978 S.

133 4008 210 4072 Basilii,
227 4014 504 4075 Armeno-Gregoriano,
522 4014 547 4062 S.
558 4014 638 4063 iacobi
651 4015 750 4074 Graeco,
769 4014 793 4063 S.
808 4013 887 4074 Marci,
907 4013 1047 4062 tractionem
1066 4011 1159 4060 hostiae
1177 4012 1314 4075 praecedit;
1333 4009 1391 4061 sub·

132 4098 228 4160 requitur
251 4112 304 4147 eam
328 4100 352 4146 in
376 4097 478 4160 liturgiis
503 4097 528 4147 S.
546 4098 637 4158 Basilii,
663 4099 689 4148 S.
708 4099 825 4161 Gregorii,
852 4099 877 4147 S.
896 4097 978 4161 Cyriili
1004 4095 1111 4160 Coptica,
1139 4095 1163 4145 S.
1183 4095 1262 4145 iacobi
1287 4095 1392 4158 Syriaco,

131 4178 269 4242 λαισήιον,
294 4182 451 4242 otorantina,
476 4182 641 4232 Ambrosiam.
677 4183 758 4232 Conon
778 4185 940 4248 Aethiopicos,
964 4191 990 4231 nt
1014 4189 1037 4229 et
1055 4179 1149 4242 liturgia
1166 4179 1295 4242 Anglicona
1313 4179 1395 4231 minor

131 4261 183 4314 beor
206 4277 260 4331 post
287 4268 482 4316 commonionem
510 4269 643 4316 orationem
673 4267 816 4317 dominicam
845 4275 1001 4332 postponunt.
1046 4264 1137 4314 Memor
1164 4265 1268 4314 mondrti
1297 4265 1323 4313 D.
1347 4263 1391 4314 N.:

132 4350 212 4401 “Oroto
235 4367 265 4402 no
289 4352 384 4402 intretis
410 4352 433 4400 in
459 4351 641 4411 tentationem,'’
660 4353 763 4401 orotiorri
783 4353 916 4402 dominicae
935 4353 1009 4413 offigit
1028 4351 1128 4399 ecclesio
1148 4349 1391 4408 Emhoiismum,

132 4448 166 4483 roo
189 4436 303 4486 adversos
327 4436 418 4486 dioboli
441 4437 569 4485 ittocebns
594 4437 741 4500 potitionorn.
777 4436 809 4485 Eo
835 4437 944 4486 omnibus
970 4437 1020 4486 iore
1046 4435 1155 4498 liturgiis,
1181 4443 1278 4499 excepto
1302 4432 1392 4484 [omilin

132 4515 395 4587 Constantinopolitano,
412 4522 548 4597 comonis
565 4528 610 4572 est.
