3044 4912
725 256 798 331 166

121 459 191 526 τοῦ
216 444 405 550 παναγίου
431 473 501 521 σου
527 438 747 539 πνεύματος.
781 438 846 515 Σὺ
869 436 943 541 γὰρ
969 435 1073 523 εἶπας
1098 435 1275 528 δέσποτα,
1304 438 1393 541 ἅγια

123 555 270 642 ἔσεσθε,
297 550 354 626 ὅτι
379 547 453 651 ἐγώ
479 545 585 648 ἅγιος
609 543 698 642 εἰμί,
723 538 850 642 κύριος
875 538 1006 624 ciclade
1019 537 1144 637 ἡμῶν,
1169 537 1393 640 ἀκατάληπτ.

121 819 200 861 catur.
234 807 363 860 Sacerdos.
392 804 486 869 Corpus
503 810 623 864 sanctum,
640 801 784 867 pretiosum,
801 798 878 848 einum
895 805 920 848 et
936 811 1017 848 rernm
1027 797 1123 847 llonsiui
1141 803 1165 847 et
1182 796 1310 850 saltatoris
1328 808 1393 851 noste

103 892 178 945 'lun
195 893 294 952 Christi,
318 890 384 957 qnod
408 889 478 939 dator
501 888 532 938 ed
557 887 726 937 remissionem
752 890 917 949 peccatorum,
940 890 965 932 et
982 883 1052 933 eitam
1071 888 1194 932 aetenam
1212 883 1392 948 suscipientibs

123 979 184 1028 illud
201 993 255 1028 cunr
273 977 329 1026 tide.
347 974 430 1024 huten.
465 973 569 1034 Sanguis
586 979 693 1030 sauctus,
710 969 843 1035 pretiosus,
869 967 973 1017 viridena
990 975 1015 1017 at
1031 981 1102 1017 veros
1120 967 1217 1017 [lumini
1234 974 1259 1018 et
1275 969 1392 1021 salratori

124 1062 201 1112 nostri
219 1061 274 1110 lesu
292 1058 391 1120 Christi,
414 1058 456 1123 qsri
479 1057 551 1108 dator
567 1057 598 1106 ad
616 1055 786 1106 remissionem
803 1059 960 1117 peccaturum
975 1059 1001 1102 et
1017 1052 1088 1101 ritate
1106 1058 1230 1103 aeternam
1246 1054 1392 1120 suscipiesti

123 1148 169 1196 bna
192 1144 261 1194 illum
286 1157 341 1193 cum
365 1143 421 1193 hde.
450 1144 534 1193 Amen.
569 1141 681 1191 licceat
705 1152 795 1203 corpus
818 1145 844 1187 et
865 1135 964 1199 unguis
986 1135 1161 1197 Emmanuelis,
1184 1137 1210 1187 is
1232 1138 1270 1188 rei
1293 1140 1394 1190 scribta

123 1232 206 1279 lmen.
242 1227 331 1289 Credo,
349 1226 433 1287 eredo,
450 1227 533 1286 credo,
551 1240 579 1276 er
597 1224 645 1274 boc
662 1238 726 1273 nnnc
743 1230 768 1273 et
784 1235 862 1285 nsque
879 1220 903 1270 io
921 1219 1054 1271 saeculum.
1071 1222 1156 1271 amen.
1190 1220 1244 1271 iloc
1260 1230 1299 1273 est
1314 1238 1394 1289 corpe:

123 1321 148 1364 et
170 1314 269 1375 sanguis
286 1312 384 1363 liomini
406 1318 432 1361 et
455 1309 582 1361 saluatoris
600 1311 677 1359 nostri
694 1309 749 1357 lesu
768 1305 859 1356 Christi
875 1320 938 1369 ques
955 1305 1048 1369 accepit
1065 1319 1093 1355 ex
1111 1305 1212 1356 [lomina
1230 1307 1340 1357 omnium
1359 1323 1391 1359 oo

123 1405 201 1451 strom
220 1405 304 1447 sancte
322 1404 346 1446 et
363 1409 424 1460 pura
443 1393 629 1456 llarinlirgioe,
647 1393 752 1457 lecitque
769 1389 830 1441 illod
848 1404 922 1441 uuum
941 1404 995 1439 cnm
1013 1389 1134 1439 divinitate
1151 1404 1205 1450 sua,
1223 1391 1317 1456 absque
1336 1407 1394 1443 coos-

124 1483 247 1541 solatione,
266 1488 307 1530 aut
324 1480 476 1539 contusione,
501 1478 626 1539 diuisione,
649 1484 691 1527 aut
708 1476 851 1526 alteratione
870 1474 1013 1525 diuinitatis:
1037 1474 1207 1538 perhibuitqus
1223 1473 1318 1526 bonnm
1335 1478 1394 1528 testi

123 1566 232 1617 monium
251 1565 275 1614 in
294 1563 379 1614 diebos
393 1563 470 1614 Pontii
481 1562 564 1613 Pilati:
582 1570 607 1613 et
623 1562 721 1613 tradidit
738 1574 765 1611 ae
782 1574 828 1625 pro
845 1560 916 1609 nobis
934 1558 1055 1609 voluntate
1072 1573 1126 1619 sna,
1143 1573 1219 1624 super
1235 1559 1330 1623 liguum
1348 1577 1394 1614 cru

123 1652 159 1701 cis
176 1656 284 1699 sauctae.
300 1649 384 1698 lmen.
419 1647 508 1708 Credo,
526 1645 609 1707 credo,
627 1645 710 1706 credo,
736 1644 801 1710 quod
819 1643 894 1694 ditias
912 1658 961 1694 nou
978 1644 1051 1693 luerit
1068 1643 1178 1693 diuinitas
1197 1645 1250 1694 sina
1268 1646 1299 1695 eb
1317 1646 1390 1697 huosa

125 1736 199 1783 nitate
215 1733 283 1783 eius:
302 1746 332 1782 ns
351 1732 411 1782 hora
429 1732 527 1797 qnidern
545 1746 602 1792 une,
620 1738 660 1781 ent
677 1732 742 1781 nictu
761 1729 833 1780 oculi.
861 1728 969 1779 'l'radidit
985 1743 1013 1779 se
1031 1743 1076 1793 pro
1094 1727 1165 1778 uobis
1183 1729 1214 1778 ad
1231 1729 1347 1791 salntem,
1364 1746 1394 1783 re

125 1818 267 1868 missionem
292 1825 455 1883 pecestorom,
480 1826 503 1868 et
528 1817 599 1867 ritem
617 1823 750 1876 aeternam,
771 1811 960 1877 suscipientibus
977 1813 1020 1862 illa
1038 1825 1095 1862 cum
1111 1812 1166 1862 hde.
1195 1813 1281 1864 lmen.
1316 1816 1394 1867 Credo

124 1902 208 1962 credo,
231 1901 315 1958 medo.
336 1915 365 1951 er
389 1902 437 1951 boc
459 1917 523 1952 nnuc
540 1909 565 1952 et
582 1914 659 1965 usqne
676 1900 700 1949 iu
717 1897 851 1949 saeculum.
879 1898 962 1947 lmen.
996 1896 1028 1947 Et
1045 1903 1174 1960 postquem
1191 1902 1394 1952 communicaseri

123 1986 245 2037 Sacerdos
270 1987 368 2051 corpori
385 1986 484 2047 Christi,
508 1984 601 2052 popolo
624 1983 820 2035 communionem
843 1981 973 2032 distribuet
995 1980 1088 2031 diceus.
1123 1981 1168 2030 ilie
1190 1991 1228 2031 est
1245 1984 1317 2047 penis
1335 1986 1395 2037 nitse

126 2073 167 2136 qni
185 2071 215 2121 de
236 2071 306 2122 coelo
323 2071 457 2130 descendit,
475 2084 529 2120 rere
547 2071 682 2135 pretiorum
695 2082 785 2133 corpus
802 2065 943 2118 Emmanuel
962 2064 1006 2116 liei
1024 2067 1112 2116 nostri.
1139 2065 1223 2116 lmen.
1257 2066 1288 2117 lit
1305 2070 1347 2133 qui
1366 2084 1395 2120 re

123 2156 191 2221 cipit,
209 2156 280 2206 dicet
298 2156 381 2206 lmen.
417 2156 539 2207 Diaconos
557 2152 683 2220 praebebit
699 2152 799 2203 calicem
817 2151 908 2201 dicens.
938 2150 982 2200 ilic
999 2157 1039 2200 est
1056 2149 1117 2201 calis
1133 2151 1203 2211 ritae,
1221 2153 1263 2216 qui
1281 2153 1395 2205 descendi

124 2238 156 2291 da
174 2240 252 2300 welo,
271 2240 312 2305 qni
330 2247 368 2291 est
384 2242 508 2306 pretiosus
525 2240 624 2302 sangnis
643 2237 741 2288 Christi.
775 2236 805 2286 Et
821 2236 862 2301 gni
881 2234 975 2300 recipit,
994 2234 1065 2285 dicet.
1081 2235 1165 2284 lmen.
1183 2237 1268 2286 lmen.

210 2324 426 2376 ltenaldotiua
444 2326 462 2376 l.
481 2341 505 2390 p.
516 2324 581 2375 stt:
600 2324 721 2383 Quantum
739 2321 770 2371 ad
787 2319 880 2385 reliqna
899 2334 976 2384 naqon
994 2319 1024 2370 ed
1037 2320 1157 2382 liturgiae
1175 2320 1256 2381 hucin,
1274 2322 1335 2373 nibil
1354 2323 1393 2375 sin

125 2408 210 2472 gulare
233 2410 339 2461 occurrit
356 2410 421 2474 qood
439 2410 519 2475 eliqua
538 2408 706 2459 obseruatione
724 2405 836 2469 indigeat,
861 2404 907 2455 uisi
925 2405 988 2455 circa
1007 2403 1184 2454 communionis
1202 2405 1395 2459 distributionem

125 2493 186 2544 Com
210 2495 274 2544 enim
293 2492 407 2556 Copticae
425 2493 545 2555 Litnrgiae
568 2498 593 2541 et
608 2490 783 2541 Alexandrinus
805 2490 901 2555 priores
926 2488 988 2539 dues
1006 2489 1191 2539 Conlessionem
1209 2488 1275 2539 illam
1294 2493 1395 2543 eaimisn

125 2573 157 2623 de
174 2575 273 2625 scritate
290 2577 402 2640 corporis
421 2585 444 2626 et
461 2577 586 2639 sanguinis
604 2576 694 2625 Christi
712 2576 736 2624 in
748 2574 905 2634 Eucharistin
925 2572 1042 2636 integram
1060 2574 1195 2634 exhibeant,
1214 2574 1236 2623 in
1256 2574 1301 2624 ista
1321 2575 1394 2639 legun

126 2666 167 2707 tnr
184 2665 276 2708 tanturn
295 2662 373 2724 prims
391 2660 460 2708 serbe
479 2658 568 2727 Σῶμα
586 2653 684 2724 c‘e'yeor:
704 2658 775 2709 etad
793 2658 893 2708 calicem
903 2647 983 2725 Αἷμα
1001 2657 1101 2725 τίμιον.
1141 2658 1235 2722 Corpus
1253 2667 1364 2709 sanctum
1383 2675 1395 2710 e

127 2743 226 2802 sanguia
244 2744 383 2806 pretiosos:
407 2744 471 2808 qood
490 2745 619 2809 dupliciter
636 2745 713 2808 accipi
731 2750 819 2807 potest.
856 2744 946 2804 Primo,
970 2751 996 2793 ιιι
1014 2757 1084 2793 uoces
1102 2742 1159 2791 illus
1177 2743 1269 2791 initium
1288 2745 1395 2795 crationi

127 2825 208 2876 solum
227 2826 361 2890 designent,
386 2829 454 2878 cuiue
477 2829 569 2894 relique
587 2842 644 2893 pare
663 2842 691 2876 ex
709 2826 755 2876 ulia
774 2827 878 2890 laitsrgie
897 2829 946 2891 peti
965 2827 1058 2877 debeat.
1094 2827 1216 2888 Secundo,
1240 2836 1265 2877 nt
1282 2831 1395 2891 pauciori

127 2909 173 2959 bns
196 2912 276 2961 serbis
294 2912 421 2962 Confessio
445 2915 576 2978 antiquitus
599 2913 661 2963 lecta
685 2912 766 2972 luerit,
791 2927 839 2976 quo
865 2914 940 2974 magis
964 2912 994 2962 ad
1012 2912 1197 2962 vetustissimam
1217 2911 1283 2961 illam
1303 2914 1396 2965 lormao

127 2994 262 3058 accederet,
281 3011 342 3061 qnae
360 2998 521 3062 usurpabatur
539 2999 562 3049 in
581 2999 702 3062 primitiva
721 2996 838 3056 Ecclesia,
857 2997 880 3046 io
899 3012 946 3061 qua
964 2996 1089 3046 dicebatur
1106 2996 1282 3057 tautummodo,
1311 2999 1395 3064 Corpu

129 3080 227 3141 Christi,
250 3083 333 3131 lunen.
358 3089 381 3131 et
405 3082 508 3144 Sanguis
533 3080 632 3141 Christi,
656 3084 739 3131 lmen.
775 3083 932 3144 Quocumque
956 3080 1029 3131 ruodo
1048 3081 1108 3131 haec
1125 3081 1230 3130 lormnla
1248 3081 1396 3146 intelligatur

126 3166 245 3214 sententia
265 3174 301 3216 eat
319 3180 422 3229 prorsus
439 3167 533 3231 eadem.
568 3167 627 3216 Nent
646 3175 739 3217 ueteres
757 3166 903 3216 intellexisse
921 3166 945 3215 id
963 3166 1029 3229 qnod
1047 3164 1281 3215 communicantibus
1302 3168 1395 3231 praebe

126 3248 193 3308 bant,
217 3262 272 3298 esee
296 3264 386 3314 corpus
403 3259 427 3299 et
445 3251 587 3314 sangninem
605 3250 703 3312 Christi,
722 3258 745 3300 et
762 3242 792 3298 so'
809 3253 893 3310 honen,
917 3250 988 3300 iidem
1007 3250 1191 3315 suscipientium
1210 3259 1326 3314 quantuni
1344 3267 1393 3317 opn

126 3340 179 3382 erat
202 3335 361 3397 expressisse,
388 3335 484 3385 certiori
502 3335 569 3385 nullo
588 3341 729 3398 argumento
747 3334 845 3399 probari
863 3342 952 3399 potest,
979 3350 1051 3400 quarn
1071 3334 1227 3385 enucleatiori
1246 3335 1287 3384 ills
1308 3336 1395 3387 coules

128 3416 198 3466 sione
215 3432 276 3482 qnae
294 3419 451 3484 sequentibus
470 3419 574 3470 saeculis
593 3420 657 3483 apud
675 3420 800 3484 Aegyptios
819 3419 926 3469 instituta
944 3427 990 3480 est,
1007 3428 1077 3470 ancta
1095 3420 1182 3469 deinde
1199 3419 1316 3481 singulari
1336 3422 1394 3471 nnio

128 3503 153 3552 in
171 3502 270 3554 Christo
288 3512 387 3554 naturae
405 3504 568 3565 conlcaaioue,
588 3518 649 3569 quac
666 3504 697 3553 ab
715 3505 769 3554 eliis
788 3517 858 3569 quent
877 3518 891 3554 a
909 3504 1022 3555 lacobitie
1040 3504 1162 3568 proticisci
1180 3518 1229 3554 non
1247 3507 1336 3568 potuit,
1364 3520 1396 3556 se

129 3596 166 3636 est
184 3596 265 3639 teman
283 3590 389 3653 antique,
409 3604 461 3639 curn
481 3588 575 3652 legator
593 3591 683 3640 Graece
707 3589 730 3638 in
748 3588 842 3638 duabus
859 3588 940 3639 ltaailii
959 3597 983 3639 et
1001 3589 1109 3652 Gregorii
1128 3589 1240 3651 Liturgiia
1259 3604 1308 3639 uon
1327 3591 1395 3640 mino

129 3686 201 3734 qoem
219 3674 244 3724 io
263 3674 379 3738 Copticis.
413 3673 447 3723 An
467 3674 519 3724 istis
537 3674 582 3724 hsc
601 3674 623 3722 io
643 3681 719 3738 perte,
738 3672 798 3722 baec
816 3674 884 3723 tertio
902 3673 990 3723 similia
1007 3674 1089 3733 luerit,
1107 3674 1163 3723 sciri
1182 3688 1230 3722 non
1249 3681 1339 3737 potest.

214 3758 348 3809 Nealina
366 3758 455 3808 Tetral.
474 3760 517 3809 lit.
537 3773 559 3822 p.
576 3757 688 3822 tonsu:
714 3758 802 3808 Tribus
826 3760 905 3809 modis
930 3759 953 3807 in
977 3759 1071 3807 oriente
1094 3758 1258 3808 sacratissima
1284 3759 1395 3822 perficito

127 3842 200 3892 actio.
236 3843 259 3893 l.
283 3843 317 3892 Co
341 3858 389 3908 quo
413 3846 437 3894 in
465 3852 546 3893 nostra
572 3843 690 3893 ecclesis:
714 3842 842 3892 sacerdote
860 3842 955 3906 Corpus
974 3842 1124 3892 llominicnm
1143 3843 1247 3907 primum
1266 3842 1397 3908 praebente

128 3925 185 3974 dein
203 3925 356 3988 Sanguinem.
391 3927 416 3977 2.
435 3929 573 3987 Sacerdote,
592 3936 618 3978 nt
636 3936 714 3987 antea,
733 3927 828 3992 Corpus
846 3926 940 3977 [lumini
959 3928 1105 3991 praebente:
1124 3927 1226 3977 diacono
1244 3936 1326 3977 autern
1345 3928 1395 3979 Sao

127 4010 224 4070 guinem
251 4011 274 4058 in
299 4011 420 4061 cochleari
444 4013 636 4062 administrante.
671 4011 694 4062 3.
713 4012 778 4061 Pana
795 4011 955 4061 eucharistico
974 4013 998 4062 iu
1017 4013 1104 4062 multas
1122 4011 1253 4076 particulas
1272 4013 1360 4072 fracto,
1385 4025 1397 4060 e

126 4107 152 4141 ro
170 4093 270 4142 calicem
288 4093 406 4156 immisso,
424 4097 510 4146 ambas
528 4111 574 4146 nna
593 4097 617 4147 io
636 4096 758 4149 cochleari
776 4096 889 4147 hdelibua
906 4097 1062 4160 porriguntur
1079 4098 1184 4161 species.
1219 4096 1287 4159 hpnd
1305 4097 1394 4146 hieran

129 4177 223 4238 drinns,
246 4177 325 4241 primo
351 4180 423 4230 modo
442 4180 568 4231 celebrans
586 4188 611 4231 et
628 4181 753 4243 diaconos,
778 4183 908 4248 episcopus
926 4196 1032 4246 qnoque,
1056 4182 1077 4230 si
1097 4182 1151 4246 quia
1169 4180 1246 4241 adeat,
1270 4182 1394 4231 communi

41 4295 51 4308 .
128 4271 227 4324 cautnr;
245 4263 361 4322 secundo,
380 4264 474 4326 clerua;
492 4266 572 4325 tertio,
591 4265 654 4316 laici.
690 4266 772 4316 lertio
790 4266 873 4326 modo,
891 4267 937 4315 inm
956 4267 1011 4316 inde
1030 4282 1042 4316 o
1060 4268 1086 4317 S.
1105 4266 1270 4329 Chrpaoatorni
1290 4266 1394 4330 tempori

128 4346 184 4403 bus,
202 4347 226 4395 in
244 4346 360 4398 laieorum
379 4349 550 4398 commuuione
567 4350 642 4400 utitur
659 4350 763 4401 ecclesia
781 4349 1056 4416 Constantinopolitano.
1090 4352 1153 4402 Sunt
1170 4357 1195 4401 et
1212 4350 1397 4413 Spro-leeobits

125 4443 182 4480 nm
200 4429 327 4491 ecclesiae,
351 4433 392 4484 ubi
414 4432 532 4484 ucerdoe
549 4434 580 4485 ad
597 4435 715 4500 populoru
734 4443 856 4501 patenam,
880 4436 996 4488 diaconus
1014 4451 1070 4488 sero
1089 4437 1189 4489 calicem
1207 4436 1301 4498 delcrt;
1325 4443 1350 4487 et
1366 4435 1397 4486 ill

119 4528 216 4579 passm
234 4512 289 4565 rino
305 4516 432 4569 intinctam
448 4517 543 4583 populo
559 4518 678 4585 porriget.
