3044 4912
706 262 779 336 533

522 439 667 528 Ὁμοίως
686 442 744 512 καί
763 449 804 534 τῇ
825 441 962 531 γυναικί.

180 545 495 645 Ἆρῤαβωνίζεται
527 545 550 643 ή
576 544 692 643 δούλη
727 554 797 623 τοῦ
814 551 918 622 θεοῦ
945 543 979 642 (ή
1004 544 1122 646 δεῖνα)
1148 548 1216 624 τὸν
1241 549 1379 626 δοῦλον

105 657 172 727 τοῦ
204 652 299 724 Θεοῦ
326 647 406 744 (τὸν
430 646 547 745 δεῖνα)
575 652 625 733 ελς
649 647 693 723 τὸ
719 649 840 744 ὄνομα
865 655 934 723 τοῦ
959 646 1098 743 πατρὸς
1114 649 1261 726 καὶτοῦ
1279 652 1378 742 υίοῦ,
1486 650 1496 660 ’

105 750 168 827 mi
196 758 266 826 τοῦ
292 749 403 852 ἀγίου
428 747 650 843 πνεύματος,
676 758 750 825 νῦν
774 749 838 825 καὶ
864 749 931 824 ἀεὶ.

192 865 264 936 Καί
283 869 379 934 ποιεῖ
400 864 541 953 σταυρὸν
571 864 656 951 μετὰ
676 872 736 934 τοῦ
758 862 969 935 δακτυλιδίσυ
990 863 1051 933 ἐπὶ
1071 864 1132 947 τὰς
1150 866 1299 956 κεφαλὰς
1319 862 1381 939 αδ·

105 975 180 1050 τῶν,
202 967 261 1037 καί
282 964 477 1057 ἐπιτίθησιν
499 963 584 1035 αὐτὰ
607 965 668 1036 ἐπὶ
687 972 759 1048 τοῖς
780 968 903 1049 δεξιοῖς
924 963 1107 1046 δακτύλοις.
1150 962 1235 1036 Είτα
1256 965 1380 1038 ἀλλάσ·

105 1095 157 1139 νει
182 1067 201 1140 ὁ
224 1068 394 1149 σόντεκνος
414 1067 456 1137 τὰ
478 1065 683 1138 δακτυλίδια.
725 1067 764 1137 ‘0
785 1069 824 1138 δὲ
845 1066 951 1156 ίερεῦς
972 1068 1070 1156 λέγει.

508 1211 584 1281 Τοῦ
610 1203 753 1303 Κυρίου
779 1192 989 1303 δεηθῶμεν.

193 1342 363 1417 Δέσποτα
390 1337 515 1437 Κύριε,
544 1337 563 1415 ὅ
589 1340 676 1424 θεὸς
700 1340 822 1438 ήμῶν,
851 1337 1042 1416 ἀπάντων
1059 1339 1290 1440 φειδόμενος,
1316 1343 1381 1419 καί

105 1440 264 1518 πάντων
289 1439 576 1538 προνοούμενος,
603 1440 622 1516 ὃ
648 1440 697 1517 τδι
720 1438 865 1539 κρύπτα
891 1439 1112 1545 γιγνώσκων
1128 1452 1205 1519 τῶν
1225 1442 1380 1542 ἀνθρώ-

105 1574 192 1621 πων
217 1545 280 1620 καὶ
306 1543 460 1619 πάντων
485 1543 553 1640 τὴν
578 1552 721 1645 γνῶσιν
746 1545 854 1640 έχων,
880 1542 1056 1641 ἱλάσθητι
1081 1551 1163 1629 ταῖς
1182 1545 1380 1643 ἁμαρτίαις

105 1647 232 1744 ήμῶν,
257 1646 411 1729 καὶτὰς
437 1643 597 1742 ἀνομίας
623 1643 867 1748 συγχώρησον
891 1654 970 1721 τῶν
987 1654 1067 1722 σῶν
1083 1647 1228 1737 ἱκετῶν,
1254 1657 1380 1724 καλῶν

105 1748 249 1832 αὐτούς
275 1752 324 1831 είς
348 1745 563 1841 μετάνοιαν,
590 1748 762 1846 παρέχων
789 1747 922 1830 αὐτοῖς’
933 1745 1160 1850 συγγνώμην
1178 1779 1390 1845 παραπτω-.

105 1847 254 1946 μάτων,
288 1847 483 1945 ἁμαρτιῶν
514 1848 675 1943 ἱλασμὸν
682 1904 695 1937 ,
729 1846 964 1976 συγχώρησιν
997 1850 1166 1942 ἀνομιῶν
1200 1850 1381 1927 ἑκουσίων

105 1951 237 2027 τεκαὶ
263 1951 461 2025 ἀκουσίων.
491 1949 535 2027 Ὁ
560 1948 669 2034 εἰδώς
695 1948 739 2024 τδ
766 1950 924 2033 ασθενές
948 1959 1012 2046 τῆς
1038 1951 1281 2049 ἀνθρωπίνης
1307 1951 1380 2051 φύ-

108 2078 214 2143 σεως,
242 2051 261 2127 ὁ
288 2049 449 2148 πλάστης
473 2051 537 2127 καὶ
562 2050 801 2154 δημιουργὸς,
829 2051 991 2151 ὁῬαάβ
1016 2060 1063 2148 τῇ
1089 2052 1207 2150 πόρνη
1234 2077 1381 2154 συγχω-

111 2152 238 2252 ρήσας,
274 2152 337 2228 καὶ
368 2162 437 2229 τοῦ
468 2149 632 2229 τελώνου
663 2153 733 2250 τὴν
764 2150 968 2248 μετάνοιαν
991 2151 1294 2250 προςδεξάμενος,
1327 2155 1380 2253 μὴ

110 2260 286 2353 μνησθῇς
311 2252 592 2351 ἁμαρτημάτων
615 2255 726 2352 ἡμῶν
752 2255 906 2356 ἀγνοίας
931 2257 972 2329 ἐκ
996 2251 1176 2350 νεότητος.
1196 2256 1285 2331 Ἐὰν
1306 2256 1380 2359 γὰρ

109 2356 271 2454 ἀνομίας
295 2354 569 2456 παρατηρήσης,
595 2353 876 2457 Κύριε,’Κύριε,
902 2356 958 2440 τίς
983 2353 1226 2453 ἀποστήσεται
1253 2382 1310 2433 σοι
1318 2389 1332 2446 ,·
1356 2358 1381 2456 ἢ

110 2459 197 2535 ποία
225 2456 320 2555 σάρξ
343 2457 635 2554 δικαιωθήσεται
661 2454 821 2534 ἐνώπιον
847 2466 937 2546 σοῦ,·
964 2458 1012 2534 σὺ
1038 2457 1111 2560 γὰρ
1129 2457 1245 2554 μόνος
1260 2457 1382 2557 ῦπάρ-
1464 2546 1468 2555 ,

108 2591 184 2658 χεις
201 2559 356 2650 δίκαιος,
375 2557 648 2658 ἀναμάρτητος,
667 2559 785 2661 άγιος,
800 2560 1003 2649 πολυέλεος,
1020 2557 1382 2664 πολυεύσπλαγχνος,

110 2664 173 2739 καί
199 2671 395 2755 μετανοῶν
425 2662 484 2736 ἐπὶ
508 2661 653 2746 κακίαις
679 2658 908 2759 ἀνθρώπων.
936 2661 1013 2752 Σὺ,
1040 2661 1215 2752 δέσποτα,
1243 2668 1382 2739 οἰκειω-

111 2762 272 2858 σάμενος
306 2764 394 2847 τοὺς
427 2761 583 2848 δούλους
619 2789 688 2839 σου
723 2763 801 2860 (τὸν
834 2762 939 2839 δεῖνα
965 2764 1028 2838 καὶ
1052 2765 1121 2861 τήν
1147 2764 1263 2863 δεῖνα)
1291 2768 1382 2841 ἑνω-

112 2893 179 2943 σον
204 2873 251 2962 τῇ
278 2864 367 2960 πρὸς
393 2863 569 2961 ἀλλήλους
594 2863 731 2968 ἀγάπη.
772 2862 949 2963 Δώρησαι
976 2866 1103 2950 αὐτοῖς
1126 2875 1194 2942 τοῦ
1219 2867 1382 2944 τελώνου

109 2968 179 3067 τήν
206 2966 443 3067 ἐπιστροφήν,
469 2976 533 3062 τῆς
558 2965 696 3063 πόρνης
721 2967 767 3040 τά
794 2964 955 3060 δάκρυα,
981 2975 1049 3042 τοῦ
1068 2975 1203 3063 ληστοῦ
1219 2969 1288 3064 τήν
1304 2973 1343 3054 ἐξ
1365 3015 1383 3026 -

110 3067 327 3170 μολόγησιν,
363 3071 427 3144 ἵνα
463 3067 526 3143 διά
559 3066 759 3162 μετανοίας
792 3070 831 3153 ἐξ
862 3067 946 3164 ὅλης
977 3066 1135 3163 καρδίας
1168 3068 1308 3158 αὐτῶν,
1342 3073 1383 3144 έν

112 3170 271 3268 ὁμονοίᾳ
303 3170 367 3245 καὶ
399 3167 524 3265 εἰρήνη
551 3169 618 3252 τὰς
643 3165 793 3252 ἐντολάς
819 3193 888 3244 σου
914 3167 1166 3270 ἐργαζόμενοι,
1202 3173 1384 3257 καταξιω-

113 3276 215 3347 θῶσι
240 3271 304 3346 καὶ
328 3280 393 3368 τῆς
418 3268 642 3364 ἐπουρανίου
669 3294 738 3345 σου
763 3268 964 3363 βασιλείας.
997 3270 1081 3347 Ὅτι
1107 3269 1154 3346 οῦ
1181 3270 1213 3344 εἶ
1238 3271 1258 3346 ὅ
1285 3278 1384 3349 olno-

112 3373 227 3469 νόμος
252 3368 419 3462 πάντων,
452 3373 514 3446 καί
542 3371 602 3446 σοὶ
627 3371 697 3469 τήν
723 3367 840 3456 δόξαν
866 3371 1144 3467 ἀναπέμπομεν,
1178 3380 1233 3471 τῷ
1258 3374 1383 3469 πατρὶ,

113 3477 174 3551 καὶ
208 3483 263 3572 τῷ
295 3476 380 3573 υἱῷ,
414 3474 477 3548 καὶ
507 3482 562 3570 τῷ
597 3473 694 3575 ἀγίῳ
727 3469 923 3571 πνεύματι,
956 3482 1028 3551 νῦν
1054 3474 1117 3549 καὶ
1143 3474 1212 3563 ἀεὶ,
1244 3476 1308 3549 καὶ
1334 3481 1385 3560 ελς

113 3578 179 3662 τὰς
207 3581 350 3661 αἰῶνας
373 3584 452 3650 τῶν
478 3575 640 3652 αἰώνων.
685 3574 814 3672 Ἀμήν.

195 3674 337 3775 Εἰρήνη
362 3686 463 3752 πᾶσι.
521 3677 595 3760 Τάς
618 3676 783 3775 κεφαλὰς
808 3675 919 3772 ὑμῶν
944 3685 999 3774 τῷ
1024 3674 1154 3773 Κυρίῳ
1178 3674 1336 3753 κλίνατε.

198 3779 326 3877 Κύριε,
345 3781 466 3874 Ἰησοῦ
480 3776 633 3876 Χριστί,
659 3774 762 3880 Λόγε
786 3787 856 3853 τοῦ
876 3783 981 3867 θεοῦ,
1009 3776 1029 3851 ὁ
1053 3777 1225 3873 ὑψωθεὶς
1241 3779 1299 3852 ἐπὶ
1316 3788 1385 3855 τοῦ

112 3880 241 3979 τιμίου
279 3881 343 3956 καί
370 3881 551 3972 ζωοποιοῦ
578 3888 755 3976 σταυροῦ,
789 3879 920 3955 καὶτὸ
945 3880 1038 3954 καθ’
1067 3879 1165 3975 ἡμᾶς
1190 3878 1386 3977 διαρρήξας

106 3982 366 4085 χειρόγραφον
400 3982 462 4057 καί
500 3991 566 4078 τῆς
606 3980 829 4065 δυναστείας
860 3991 929 4057 τοῦ
963 3979 1146 4090 διαβόλου
1179 3980 1387 4078 ῥυσάμενος

109 4088 227 4186 ἡμᾶς,
253 4082 428 4181 ἱλάσθητι
454 4091 536 4169 ταῖς
561 4082 734 4179 ἀνομίαις
750 4090 828 4158 τῶν
847 4081 994 4157 δούλων
1012 4086 1092 4158 σὀυ.
1110 4083 1192 4160 Ὅτι
1209 4082 1276 4157 τὸν
1292 4081 1387 4159 καύ·

106 4216 221 4265 σωνα
247 4187 310 4262 καὶ
335 4186 378 4261 τὸ
403 4182 522 4286 βάρος
546 4194 611 4282 τῆς
635 4184 784 4282 ἡμέρας,
810 4185 873 4259 καί
898 4193 963 4281 τῆς
981 4185 1116 4280 σαρκὸς
1132 4184 1200 4280 τὴν
1217 4183 1386 4281 πύρωσιν

105 4292 162 4388 μὴ
193 4286 383 4384 ἰσχύοντες
407 4284 623 4385 βαστάζειν,
649 4291 699 4370 ελς
723 4285 847 4387 γάμου
873 4286 1053 4384 δευτέραν
1077 4287 1279 4361 κοινωνίαν
1296 4312 1387 4361 συν-

105 4394 300 4490 έρχονται,
334 4388 466 4471 καθώς
491 4390 764 4484 ἐνομοθέτησας
790 4386 853 4461 διά
878 4396 947 4463 τοῦ
973 4384 1126 4471 σκεύους
1150 4395 1215 4483 τῆς
1239 4391 1388 4492 ἐκλογῆς

110 4519 188 4570 σου
209 4491 369 4568 Παύλου
394 4498 462 4566 τοῦ
483 4487 704 4580 ἀποστόλου,
731 4489 846 4567 ελπῶν
862 4488 914 4564 δι’
935 4489 1046 4588 ἡμᾶς,
1072 4488 1160 4574 τοῦς
1178 4491 1385 4584 ταπεινούς,

148 4616 188 4662 ιν.
1155 4609 1189 4664 36
