3044 4912
726 244 801 319 609

124 429 244 510 turgiae
272 428 393 491 divinae
421 428 589 491 sollemnia.
630 429 693 493 Sed
722 429 862 509 ignorant
883 428 989 491 Graeci
1017 429 1128 493 missas
1155 448 1210 511 pro
1238 431 1400 505 defunctis,

127 529 187 594 ltac
214 549 287 591 voce
314 529 357 591 ita
386 529 536 592 intellecta
565 539 598 592 ut
616 531 732 608 fmultas
761 531 873 593 missae
901 538 1004 611 partes
1031 533 1172 612 proprias
1203 532 1256 594 tibi
1285 533 1401 611 cogites

128 631 345 696 debetuuctis.
366 631 570 711 Aequiuocum
591 632 621 694 in
643 631 789 713 particula
810 632 890 694 inter
911 632 1043 695 otuotum
1058 634 1118 716 τῆς
1131 628 1332 715 προθέσεως
1345 652 1400 697 uu·

126 733 208 797 taine
229 732 365 796 defuncti
385 733 529 812 insignita
552 741 582 796 et
604 752 672 796 cum
694 734 763 797 aliis
778 734 906 796 Domino
928 733 1027 796 oblata
1049 752 1080 813 p.
1097 735 1231 815 388sq.:
1255 735 1400 817 deinceps

126 832 247 899 brevem
274 833 385 897 mortui
413 832 728 897 commemorationem
757 835 884 914 singulis
905 836 1015 897 blissae
1042 834 1184 915 precibus
1207 834 1400 900 interserunt.

127 935 233 999 birino
262 936 413 999 sacrificio
439 946 563 1017 peraeto
591 938 691 1000 denuo
719 945 919 1017 capessuntur
952 936 1153 999 caerimoniae
1186 936 1329 1001 funebres
1361 938 1400 1001 ad

126 1036 272 1101 loculum:
301 1036 586 1118 quibus-absolutis
614 1038 747 1101 defertur
768 1038 895 1101 cadaver
916 1038 953 1100 ad
975 1038 1199 1100 coemeterium.
1241 1038 1402 1103 Antecedit

126 1132 240 1223 curig
262 1133 640 1220 defunctiorsevpcruodg
661 1158 728 1202 cum
750 1140 881 1218 imagine
903 1158 998 1212 sacra,
1020 1139 1152 1202 loculum
1166 1140 1266 1219 ipsum
1282 1141 1398 1221 stipan-

125 1249 173 1302 tur
195 1240 316 1318 cognati
329 1246 369 1301 ·et
389 1241 478 1303 amici
499 1249 637 1303 tenentes
652 1258 784 1321 pannum
798 1240 965 1314 lunebrem,
988 1240 1118 1303 loculum
1135 1242 1369 1321 cooperientem,
1376 1242 1400 1321 ¹)

123 1340 155 1403 iu
177 1340 427 1404 sollemnioribus
454 1342 590 1422 exequiis
605 1341 718 1405 clerici
742 1342 827 1404 thura
850 1341 1017 1405 adolentes.
1061 1343 1209 1423 carpenta
1230 1343 1257 1405 si
1280 1343 1399 1420 adsunt,

122 1453 254 1520 mutatur
274 1460 365 1504 vacua
388 1444 419 1504 in
442 1443 569 1522 agminis
592 1444 685 1506 calce.
708 1443 782 1506 Cum
804 1443 941 1506 venerint
961 1444 999 1506 ad
1021 1444 1194 1523 sepulturae
1216 1444 1325 1518 locum,
1343 1461 1399 1524 po·

122 1552 240 1607 nuntur
259 1544 289 1605 in
313 1552 410 1624 tapete
433 1544 512 1607 iuxta
535 1542 677 1606 feretrum
698 1539 741 1607 τὰ
761 1536 897 1627 κόλυβα,
919 1546 940 1607 i.
955 1564 982 1608 e.
1004 1545 1177 1624 largitiones
1189 1545 1398 1608 sacerdotibus

120 1654 152 1708 ct
174 1646 358 1726 pauperibus
388 1645 594 1721 destinatao.²t
637 1647 700 1708 lam
728 1645 870 1708 humatur
897 1664 1007 1727 corpus
1035 1646 1088 1721 ita,
1117 1653 1150 1707 ut
1176 1646 1275 1708 vultus
1298 1647 1399 1709 orien-

121 1756 185 1809 tem
215 1745 358 1826 respiciet
386 1747 464 1810 in'ter
490 1765 597 1828 preces
624 1755 656 1808 et
675 1747 902 1810 benedictiones
924 1748 1003 1809 intra
1025 1748 1151 1828 positas.
1196 1746 1329 1810 Comites
1352 1747 1398 1811 lu·

122 1847 208 1909 ueris
231 1866 312 1911 uano
333 1848 483 1928 carpentis
505 1848 583 1910 recti
605 1866 672 1909 cum
694 1849 816 1910 domum
831 1849 943 1910 reversi
959 1855 1038 1921 suut,
1062 1848 1242 1910 accumbunt
1259 1849 1291 1910 in
1307 1851 1397 1929 epulo

124 1948 261 2011 funebri:
285 1949 504 2011 distribuuntur
525 1948 708 2030 pauperibus
730 1968 834 2029 panes,
858 1950 971 2011 nummi
993 1949 1111 2029 elinque
1134 1949 1222 2011 dona.
1259 1950 1398 2012 Ceterum

124 2050 206 2131 apud
229 2050 361 2112 Graecos
389 2070 508 2132 qunque
531 2051 649 2113 diversa
670 2050 827 2112 hominum
849 2051 983 2112 conditio
1005 2028 1117 2130 pallida
1139 2058 1235 2113 morte
1257 2068 1319 2112 non
1342 2050 1397 2113 ob·

123 2152 279 2214 litaretur:
302 2170 557 2233 compauperum
580 2150 713 2214 defuncti
736 2171 827 2232 saepe
850 2171 866 2213 a
889 2153 979 2214 domo
1002 2153 1102 2215 statim
1116 2154 1281 2214 efferuntur
1295 2151 1333 2214 ad
1349 2171 1397 2215 sc·

124 2252 275 2335 pulcrum,
298 2254 389 2315 misse
412 2252 496 2315 aedis
517 2272 621 2316 sacrae
644 2254 837 2316 caerimonia.

212 2374 242 2435 6.
272 2372 334 2433 Nec
361 2390 432 2433 vero
460 2371 658 2434 haecomnia
687 2371 783 2433 amori
811 2381 842 2432 et
869 2372 975 2451 pietati
1002 2371 1168 2450 lugentium
1197 2371 1396 2435 satisfaciunt.

123 2472 250 2535 llortem
278 2473 413 2552 proxime
440 2473 609 2553 insequitur
637 2472 831 2554 quadraginta
859 2472 974 2534 dierum
998 2490 1150 2546 numerus,
1181 2472 1231 2553 qui
1254 2472 1396 2536 defuncto

123 2574 312 2637 existimatur
338 2592 425 2636 sacer
451 2568 540 2655 atque
568 2573 700 2637 dicatus:
731 2573 869 2654 inprimis
898 2573 960 2636 cari
988 2573 1097 2654 capitis
1119 2573 1264 2636 memoria
1286 2573 1398 2637 colitur

122 2675 173 2737 die
201 2675 292 2739 tertio
319 2675 524 2757 (sepulturae),
555 2694 637 2738 nono
658 2687 688 2739 et
710 2674 937 2757 quadragesimo
967 2674 1051 2750 (τοῖς
1069 2676 1251 2738 τεθνεῶσιν
1272 2666 1398 2739 ἀποτε-

121 2773 233 2841 λεῖται
262 2773 306 2840 τὰ
330 2770 436 2862 τρίτα,
465 2773 508 2841 τὰ
533 2769 662 2856 incre,
689 2772 731 2841 τὰ
758 2768 1056 2861 τεσσαρακοστά).’)
1100 2781 1196 2858 Atque
1216 2776 1266 2838 bis
1288 2776 1396 2841 saltem

210 3032 235 3091 ll
259 3032 374 3095 lluralt
391 3033 415 3083 in
434 3031 546 3081 Leridio:
570 3032 667 3105 „lleber
685 3031 731 3081 den
751 3033 822 3081 meist
838 3031 928 3080 buuten
947 3029 1006 3078 aber
1024 3029 1061 3077 bis
1079 3044 1121 3078 zur
1138 3029 1292 3093 Einsenluug
1311 3031 1334 3080 in
1352 3031 1398 3083 das

123 3116 188 3169 Grab
212 3117 308 3166 olleueu
325 3116 385 3180 Sorg
409 3117 481 3177 hengr
505 3130 559 3166 man
583 3115 622 3165 bei
640 3116 771 3165 lleioberen
795 3116 833 3164 ein
859 3113 1028 3172 Leicbcntncb‚
1052 3112 1155 3162 welches
1179 3113 1328 3176 gerrdbuliela
1353 3115 1397 3166 dar

122 3200 212 3253 dircba
234 3200 317 3251 blaibt.
354 3201 424 3252 bisse
447 3199 512 3265 giebt
536 3214 561 3248 es
580 3198 642 3248 daun
661 3214 689 3248 zu
708 3198 813 3248 anderen
831 3196 1007 3261 degrtbnisseu
1026 3196 1085 3246 oder
1103 3197 1183 3247 maebt
1200 3197 1397 3251 liirebsnlleider

123 3284 240 3337 derans.“

209 3385 235 3447 2)
259 3388 395 3437 Gnarus:
419 3386 560 3449 Escaquunt
576 3384 659 3434 leviter
685 3385 831 3434 trumentum
850 3382 873 3443 tl
886 3382 943 3433 Cur.
955 3380 1125 3444 15,3c-es)‚
1150 3381 1308 3448 lancibuaqne
1326 3400 1396 3437 acer·

123 3472 194 3522 ratim
219 3471 367 3535 impositum,
392 3470 501 3533 tergibus
524 3469 605 3531 variis,
621 3470 683 3533 pisis
705 3477 772 3531 puta,
795 3468 855 3518 tusis
880 3468 1004 3528 atellanis,
1029 3469 1118 3517 cortice
1142 3467 1236 3517 nudatis
1253 3468 1396 3532 amygdalis,

125 3557 227 3607 sumbus
247 3556 355 3606 minutim
373 3556 455 3617 acetis,
474 3554 635 3605 corinthiacae
653 3567 710 3603 urae
728 3560 753 3602 et
770 3552 989 3615 malogranatorum
1008 3552 1097 3613 granis.
1115 3551 1138 3600 iu
1152 3551 1271 3602 distinctis
1283 3561 1394 3617 patresa-

124 3639 167 3691 lini
186 3640 252 3690 loliis
270 3639 333 3690 ralut
350 3640 432 3690 radios
449 3639 544 3689 areolas
562 3646 585 3688 et
602 3638 691 3700 figuras
710 3637 826 3688 ordinetis
845 3644 1002 3701 respergunt:
1021 3650 1179 3700 seorsumque
1197 3637 1396 3687 huiusmodiarte

124 3725 275 3776 elaboratum
292 3716 395 3786 attona
413 3732 505 3784 nocant,
533 3737 594 3789 ques
611 3723 707 3787 quidem
726 3723 761 3773 rel
780 3723 804 3772 in
822 3722 897 3772 sancti
916 3720 1018 3770 alieuius
1036 3722 1152 3770 bonorem
1171 3720 1206 3770 vel
1225 3721 1249 3770 in
1268 3721 1396 3771 deiuncta-

123 3824 178 3861 rnm
196 3810 337 3859 memoriam
356 3808 546 3873 propinquorum
563 3807 683 3873 sepulcris
700 3808 812 3872 imposita
829 3806 985 3872 postmodum
1003 3806 1027 3855 in
1045 3804 1197 3856 sacerdotum
1216 3805 1395 3856 ministrorum·

124 3910 171 3960 que
190 3909 250 3945 usus
269 3894 363 3944 eadunt
399 3892 468 3943 conl.
488 3908 512 3958 p.
523 3890 580 3942 215.

212 3995 237 4055 1)
255 3995 285 4044 lJt
302 3994 535 4059 placetllicepboro‚
553 3995 649 4044 tertia
668 3993 706 4042 die
726 3993 798 4042 bomo
816 4005 918 4055 prorsus
937 3991 1083 4051 immutetur,
1101 3991 1171 4041 leeiei
1189 3990 1395 4055 discriminaque

123 4080 282 4143 dignoscitur,
301 4080 435 4144 deperdito.
461 4079 544 4128 liena
563 4078 601 4127 die
620 4093 708 4141 eorpus
727 4077 824 4127 omniuo
844 4076 952 4136 tabescit,
971 4076 1025 4126 solo
1043 4076 1116 4127 corda
1129 4091 1141 4124 a
1153 4076 1280 4139 putredine
1290 4075 1395 4126 intecto:

122 4166 309 4230 quadragesimo
334 4164 372 4213 die
391 4164 462 4212 etiam
481 4177 523 4213 cnr
540 4164 595 4212 tabe
613 4163 719 4212 diluitur.
755 4162 805 4211 atto
824 4177 885 4227 quae
903 4160 991 4211 rationi
1009 4163 1085 4223 magis
1103 4175 1209 4210 consona
1226 4167 1292 4220 aunt,
1308 4158 1396 4209 euadat

122 4251 265 4315 lleopbptua
283 4264 296 4298 e
314 4248 416 4299 constit.
433 4248 516 4312 Apost.
535 4248 688 4311 deprompta.
724 4241 859 4311 Triopion
879 4247 1079 4297 resurrectionem
1093 4244 1181 4295 Cbristi
1200 4244 1343 4295 nuendum:
1362 4238 1395 4293 ad

122 4332 227 4385 ἔννατα
251 4348 335 4383 norem
362 4333 502 4395 angelorum
530 4334 610 4383 eboris
638 4342 758 4382 mortuum
785 4332 908 4394 aggregari
934 4331 1107 4395 deprecentur:
1133 4322 1166 4377 ari
1189 4321 1396 4392 sscucpcxccru'

122 4419 216 4470 luctum
235 4418 360 4468 israelitici
379 4417 463 4482 populi
482 4416 603 4480 iullopsis
622 4427 699 4467 morte
717 4424 741 4466 at
759 4416 966 4481 quadragesimum
987 4430 1062 4479 usque
1081 4414 1144 4463 diem
1162 4415 1315 4478 productum,
1333 4415 1394 4464 lusia

120 4516 169 4567 pro
188 4504 267 4553 anime
285 4501 390 4571 delupcti
409 4503 521 4566 precibus
538 4502 681 4564 significent.
717 4502 757 4562 tut
773 4503 842 4551 atteu
857 4499 1102 4551 llnurauieff·lluralt
1118 4499 1169 4549 dies
1183 4499 1220 4549 l'l.
1238 4505 1294 4564 pest
1310 4513 1394 4549 resur·
