3044 4912
773 239 821 312 30

158 425 303 489 dumetis
323 422 466 505 precami,
488 421 608 486 libertas
631 423 785 504 quaedam,
807 424 844 487 ab
859 423 925 486 aliis
941 423 1028 487 officii
1043 425 1179 507 partibus
1194 427 1300 499 aliena,
1322 446 1358 490 ex
1373 447 1432 510 qua

157 546 218 590 non
241 525 327 590 statis
345 524 492 597 formulis,
513 524 568 587 sed
582 524 695 587 diserto
718 525 855 589 utebatur
868 535 1004 607 pectore:
1026 527 1070 589 uti
1086 528 1254 592 etiamnunc
1268 529 1430 595 Celebrans

156 631 244 695 tacite
265 637 331 692 orat
351 627 388 689 ad
409 627 524 690 libitum
546 624 730 689 invisorum
754 636 784 689 et
803 637 991 691 mortuorum
1005 630 1161 693 memoria.
1189 628 1312 694 atvero
1328 650 1431 696 rerum

157 732 388 796 Christianarum
410 729 607 811 amplificatio,
629 738 733 792 auctus
756 729 786 792 in
808 730 874 792 dies
895 731 1055 811 Martyrum
1075 748 1230 806 numerus,
1253 732 1429 813 dignitatum

113 882 116 888 .
156 833 431 906 eudesiustiearum,
457 849 513 912 pro
533 829 640 910 quibus
660 848 765 912 preces
786 831 942 906 iaciebant,
963 831 1109 906 cumulus,
1137 832 1264 913 denique
1285 832 1431 898 cadesim

154 935 314 1018 ingenium,
347 930 441 1014 mag'ls
473 933 627 1014 magisque
658 933 696 995 ad
727 941 841 997 certum
869 941 900 996 et
920 933 1115 997 constitutum
1135 934 1272 1014 liturgiae
1293 935 1430 998 ordinem

153 1037 303 1121 procliue:¹
332 1053 385 1098 eae
405 1052 520 1098 ‘musae
551 1034 723 1108 effecemut,
755 1043 798 1109 ut,
826 1043 899 1116 puto
932 1035 1010 1098 cirea
1041 1034 1132 1098 llarci
1158 1036 1269 1100 Aurelii
1302 1044 1429 1100 aetatem

154 1156 230 1221 guae
259 1145 306 1201 tot
332 1145 362 1200 et
388 1144 485 1200 unns
506 1135 649 1199 ecclesiae
669 1145 831 1217 martyrum
851 1137 969 1219 peperit
988 1155 1146 1218 purpuras,
1178 1137 1273 1201 literis
1302 1139 1426 1202 manda-

154 1250 258 1304 rentur
278 1241 412 1303 viuorum
434 1246 465 1300 et
485 1237 668 1300 dolenorum
690 1237 805 1301 indices
827 1238 1068 1321 rellliptycha
1089 1238 1218 1302 lidelium
1239 1239 1380 1321 precibus
1393 1241 1427 1303 in

89 1413 92 1418 ,
152 1344 243 1407 llissa
275 1340 468 1405 recensenda.
510 1339 590 1402 llaec
610 1339 751 1422 liiptycha
773 1339 877 1404 Celsus
910 1341 1097 1421 investigarit
1128 1342 1207 1423 apud
1232 1338 1428 1423 Presbyteros

154 1444 339 1516 Christianos
360 1458 417 1504 nec
436 1441 554 1516 mirum,
577 1441 656 1522 quod
679 1441 799 1505 nomina
812 1441 972 1524 Martyrum
992 1426 1179 1523 aliorumque
1198 1428 1427 1525 κοψῆθέντων

152 1542 333 1627 philosopho
361 1541 557 1605 Christianam
578 1542 789 1624 rempublicam
819 1544 913 1624 magis
941 1544 1086 1607 cauillanti
1108 1562 1195 1624 quam
1223 1545 1427 1626 cognoscenti,

152 1645 326 1710 videbantur
346 1643 470 1708 barbara
493 1655 523 1707 et
543 1645 737 1708 daemonibus
759 1652 835 1726 apta.
878 1646 952 1708 item
984 1664 1057 1726 quas
1087 1645 1281 1709 calumniatur
1296 1646 1426 1729 praesti-

152 1748 215 1830 gias
238 1757 267 1810 et
288 1745 414 1827 magnas
435 1740 588 1822 formulas,
609 1746 692 1810 facile
707 1755 829 1828 apparet
842 1747 873 1810 in
889 1746 1063 1811 Christiania
1078 1746 1231 1828 precibus:
1253 1748 1295 1810 lla
1309 1756 1426 1828 partem

153 1867 220 1912 cum
241 1848 396 1930 prophetis
418 1857 449 1912 et
468 1847 626 1919 similibus.
648 1867 721 1930 quas
736 1857 873 1912 versutus
889 1858 919 1912 et
932 1848 1017 1911 talax
1031 1849 1219 1912 adversarius
1233 1849 1362 1930 maligne
1377 1850 1426 1912 in·

151 1957 329 2033 terpretatus
351 1959 408 2013 est

236 2049 333 2115 Facile
354 2051 537 2133 intelligitur,
559 2051 709 2135 Diptpchis
731 2051 824 2115 literis
846 2051 1039 2132 consignatis,
1061 2051 1138 2113 riam
1160 2053 1334 2133 patefactam
1356 2071 1427 2116 esso

152 2152 189 2217 ad
220 2162 313 2217 totam
344 2150 480 2235 liturgiae
508 2154 617 2217 seriem
646 2172 663 2217 a
692 2156 835 2217 memoria
862 2154 894 2216 in
915 2153 1009 2216 libros
1031 2171 1135 2217 sacros
1158 2152 1424 2217 transcribendam.

151 2257 243 2319 lucta
271 2254 360 2317 ollicii
388 2255 477 2317 divini
506 2255 655 2331 varietate,
684 2255 798 2318 facilius
828 2255 964 2318 excidere
992 2262 1131 2337 poterant
1153 2272 1189 2316 ex
1210 2256 1354 2318 memoria
1374 2256 1425 2319 illa

152 2365 227 2422 stata
255 2375 290 2419 ac
316 2355 485 2437 quotidiana
515 2355 651 2436 liturgiae
683 2356 889 2431 additamenta,
919 2375 995 2437 quae
1023 2374 1103 2419 nunc
1123 2365 1267 2420 vocantur
1285 2344 1323 2420 de
1343 2340 1425 2420 tom*

151 2478 225 2541 pore
247 2457 335 2521 etde
356 2456 477 2518 sanctis.
521 2455 623 2537 ltaque
645 2456 750 2520 ethan
771 2476 887 2539 preces,
916 2457 1065 2520 variantes
1093 2477 1148 2538 pro
1183 2467 1346 2540 temporum
1368 2477 1422 2521 ra·

152 2562 243 2632 tione,
258 2558 303 2620 vel
318 2557 435 2619 saeculo
452 2556 539 2619 tertio
554 2557 652 2620 medio
668 2557 761 2620 literis
778 2559 960 2639 conscriptae
975 2568 1055 2634 sunt,
1072 2560 1125 2621 sed
1139 2562 1300 2622 effecerunt
1313 2560 1424 2623 librum

151 2662 271 2741 exiguae
292 2667 407 2721 tantum
428 2659 527 2733 molis,
550 2677 627 2739 quos
641 2659 737 2721 Latini
753 2659 910 2721 libellos
925 2660 969 2721 vel
984 2660 1108 2723 Codices
1124 2662 1318 2741 appellabant.
1341 2663 1423 2725 Sub-

153 2761 242 2824 tiliter
266 2759 355 2822 huius
383 2759 466 2824 rucis
492 2759 551 2823 vim
574 2761 709 2841 exposuit
728 2761 833 2823 idone
855 2762 875 2823 l.
891 2781 916 2824 c.
938 2781 968 2843 p.
986 2768 1024 2826 15
1041 2781 1087 2842 sq.
1109 2762 1261 2835 „libellus
1283 2782 1350 2826 mor
1367 2767 1425 2827 der

150 2861 260 2926 ditesce
281 2861 396 2926 Nomen
418 2864 471 2927 cler
493 2863 686 2927 Mescdrtcler
706 2867 738 2926 in
760 2863 887 2926 Cottion.
931 2863 972 2926 So
994 2874 1090 2927 mant
1108 2864 1224 2945 Gregor
1244 2885 1306 2929 oon
1324 2865 1424 2929 Tonrs

150 2964 267 3027 sowoltl
299 2965 344 3028 die
366 2963 557 3029 Messbdcler
580 2967 634 3028 der
655 2965 795 3046 Biscldfr
816 2965 864 3027 ola
887 2965 940 3027 der
961 2965 1049 3028 Aedtc
1070 2969 1104 3028 in
1127 2965 1245 3030 Gallica
1268 2973 1307 3030 ein
1328 2969 1424 3050 funf-

150 3077 200 3130 ten
221 3065 441 3141 Jolrlmnrtert,
469 3085 532 3130 was
558 3067 632 3129 olen
660 3066 787 3138 leoeiat,
816 3067 886 3129 duas
909 3068 955 3129 die
977 3066 1171 3130 Mescmtcter
1192 3068 1307 3131 duotols
1329 3069 1424 3131 ouen

151 3167 245 3248 loupt
274 3169 368 3231 dieses
390 3168 486 3232 lione
508 3167 633 3231 Fomnot
655 3168 766 3240 hatten,
790 3169 873 3230 -rlenn
894 3169 941 3231 die
962 3167 1101 3250 discluso
1122 3170 1187 3231 ond
1207 3168 1446 3263 Aedte'iottqj

148 3268 231 3331 wohl
258 3270 303 3332 die
325 3264 446 3340 Mutet*
459 3274 601 3350 grdasere
623 3268 815 3332 Measbdclcr
837 3273 871 3332 in
899 3269 985 3331 Folio
1013 3270 1241 3354 unzoscloffen.
1285 3260 1432 3333 Zacca-'¹

149 3372 211 3431 rio
233 3369 365 3432 biblioth.
391 3371 497 3433 rituol.
522 3375 549 3441 1.
566 3376 605 3436 75
627 3370 740 3436 mecon
762 3381 870 3433 znerst
890 3371 952 3450 aas
969 3371 1047 3435 dicae
1068 3372 1242 3452 Bedeutung
1263 3371 1314 3434 des
1333 3371 1442 3469 Ψον-δ

149 3481 193 3534 tea
227 3470 387 3534 libellus
417 3473 632 3554 rosmarinum,
666 3476 712 3537 dic
745 3473 836 3536 aeldst
867 3476 899 3534 in
928 3473 984 3534 der
1009 3491 1107 3536 neuen
1134 3474 1272 3555 Anagnis
1299 3474 1350 3536 des
1380 3475 1422 3537 du

150 3572 246 3654 Congo
268 3573 351 3635 niclt
372 3574 549 3646 oorlromnrt,
574 3579 612 3640 do
633 3594 668 3639 er
689 3578 761 3640 oder
782 3575 865 3637 inne
887 3573 969 3636 alten
983 3573 1164 3655 Exemplorc
1185 3574 1305 3637 coteler
1319 3574 1422 3637 noen-

149 3673 208 3736 lrs'n
231 3675 321 3746 lette,
343 3693 377 3738 co
400 3675 511 3739 leonte
532 3694 568 3738 er
588 3676 688 3738 moder
707 3675 774 3738 itere
789 3675 1027 3757 Boscloffenloeit
1048 3676 1125 3738 noel
1144 3677 1235 3739 ihren
1249 3675 1350 3739 chclr
1369 3696 1422 3756 pe-

147 3784 248 3847 netret
269 3777 410 3856 angelon.
442 3778 586 3858 Gregor
610 3777 745 3841 Toron.
769 3778 803 3840 dc
824 3781 877 3839 cit.
899 3787 982 3856 potr.
1002 3779 1039 3841 16
1062 3779 1190 3859 quodem
1212 3779 1423 3840 dominicare

147 3879 312 3938 missorum
340 3879 516 3942 celebrando
543 3879 702 3942 sollemnia
723 3881 883 3949 incitatur,
910 3879 1042 3958 dicitque
1061 3879 1233 3959 fratribus:
1255 3882 1317 3940 iuna
1340 3880 1425 3942 oculi

146 3980 206 4039 mei
226 3976 350 4056 caligine
373 3981 563 4060 obrepenter,
586 3999 640 4043 nec
657 3997 786 4060 possum
808 3978 982 4041 lr'bellum
1004 3983 1147 4060 aspicere.
1177 3981 1285 4042 Dicser
1308 3981 1422 4043 lidel-

147 4077 209 4142 lus
231 4097 297 4141 mor
318 4078 385 4143 also
407 4085 455 4145 ein
476 4080 634 4145 Messenen
655 4085 688 4143 in
709 4080 835 4142 lirinens
856 4080 989 4152 Formot,
1023 4082 1076 4143 der
1097 4101 1153 4144 ons
1175 4085 1307 4161 menigen
1328 4081 1420 4146 Bldt-

146 4188 230 4261 tern,
244 4181 377 4243 bestund.
425 4181 485 4245 Von
506 4182 652 4246 Sidonius
673 4182 861 4262 Apollinaris
884 4193 1006 4262 supter
1029 4182 1136 4246 lictor.
1160 4183 1308 4246 Francor.
1332 4185 1361 4256 2,
1378 4185 1419 4247 22

146 4281 247 4344 oblato
270 4283 329 4345 cidi
347 4288 484 4366 nequiter
504 4283 658 4361 libello,
682 4296 734 4347 etc.
755 4304 787 4365 p.
803 4286 855 4348 29.
898 4283 1042 4348 Sidonios
1057 4285 1167 4348 lonnte
1181 4284 1247 4347 oleo
1265 4283 1420 4348 dicMesse

145 4385 326 4465 caroenum,
349 4385 413 4447 ond
434 4384 480 4447 die
499 4386 661 4466 folgenden
685 4385 773 4449 Tecto
794 4390 906 4466 zer'gerr,
930 4387 999 4449 dors
1023 4387 1076 4451 die
1088 4385 1224 4450 Priester
1245 4386 1421 4468 atlerloupt

147 4483 193 4547 dte
220 4488 378 4567 stdndr'gen
405 4485 584 4569 Mesogeion
610 4490 783 4573 ouawrndr'g
810 4489 928 4553 konnen
955 4491 1123 4554 mosetenr‘
1165 4454 1343 4551 liuiusmoui
1365 4487 1419 4551 li·
