3044 4912
636 300 710 377 4⁴7

107 485 213 585 Ὑπὲρ
250 491 318 613 505
353 489 542 584 ῥωσθῆναι
576 485 675 584 ἡμᾶς
711 485 787 561 ἀπὸ
818 482 939 584 ποίσης
969 484 1201 586 θλίψεως,’
1186 499 1309 593 οργῆς,

103 586 220 666 δύνου
245 588 309 663 καὶ
333 585 509 690 ἀνάγκης,
535 596 605 664 τοῦ
630 587 775 689 Κυρίου
799 586 1011 686 δοηθαῑμεν.

103 751 182 845 5525
205 753 290 842 μετὰ
310 755 369 844 τὴν
391 751 559 825 ἀπόθεσιν
579 762 645 824 τῶν
666 752 768 844 ἀγίων
791 746 958 845 55qust
936 781 976 844 ην
997 751 1126 844 λέγει(
1107 782 1127 826 ο
1149 753 1255 846 ἱερεὺς

585 864 761 945 μυστικῶς.

117 961 163 1038 0
196 970 276 1036 τιῦν
311 958 480 1058 ἀρρήτων
515 962 578 1037 καὶ
614 959 793 1039 ἀθεάτων
826 960 1045 1090 μυστηρίων
1082 960 1189 1052 Θεὸς,
1225 963 1307 1062 παρ’

104 1064 140 1138 οἱ
174 1063 363 1160 θησαυροὶ
396 1068 459 1161 τῆς
485 1062 620 1162 σοφίας
644 1062 707 1139 καὶ
731 1068 797 1161 τῆς
820 1060 994 1193 γνοίσεως
1019 1064 1054 1139 οἱ
1080 1061 1310 1191 ἀπόκρυφοι

104 1163 165 1262 τὴν
198 1162 394 1240 διακονίαν
428 1169 493 1263 τῆς
517 1162 753 1293 λειτουργίας
777 1167 914 1262 ταύτης
939 1162 1227 1297 ἀποκαλύψας“
1206 1171 1311 1263 ημῖν,

138 1264 352 1360 θέμενοςε
332 1270 429 1363 ημᾶς
463 1266 551 1351 τούς
586 1266 841 1395 ἁμαρτωλοὺς,
878 1265 943 1342 διά
977 1265 1046 1396 τὴν
1078 1267 1217 1364 πολλὴν
1242 1290 1311 1345 σου
1390 1312 1393 1322 ·

106 1368 348 1466 ανθρωπίαν,
382 1373 432 1453 είς
464 1367 507 1444 τὸ
541 1371 758 1498 προςφέρειν
790 1395 848 1444 σοι
881 1365 987 1467 δεῦροί
1019 1369 1146 1444 τεκαὶ
1172 1368 1313 1455 θυσίας

104 1469 133 1569 ρ
167 1474 245 1544 τῶν
276 1469 441 1546 λδίων
419 1468 712 1568 αμαρτημοίτων,
745 1470 808 1547 καὶ
839 1475 918 1546 τῶν
949 1478 1018 1547 τοῦ
1049 1471 1196 1546 5505'
1175 1501 1200 1548 α
1250 1501 1313 1570 οη-

104 1598 192 1646 τ·ων
226 1571 407 1660 αάτὸς,α
384 1569 518 1670 ἀόρατε
544 1572 765 1663 Βασιλιῠ,
747 1603 767 1649 ο
792 1578 912 1648 ποιων
923 1569 1080 1701 μιγάλα
1104 1571 1168 1649 καὶ
1243 1577 1314 1658 εξι-

104 1698 224 1761 αστα,
261 1671 393 1759 ἔνδοξοί
429 1703 467 1749 τε
503 1674 566 1749 καὶ
603 1674 766 1764 ἐξαίσια,
803 1668 858 1751 ὦν
895 1674 963 1750 οὐκ
997 1676 1098 1750 ἐστιν
1134 1675 1311 1770 ἀριθμὸς,

104 1772 192 1850 δε’
176 1775 229 1871 εφ’
269 1774 367 1873 ἡμᾶς
398 1776 485 1859 τοὺς
517 1776 691 1861 ἀναξίους
725 1773 883 1860 δούλους
908 1802 991 1866 σου,
1022 1776 1112 1860 τοὺς
1135 1783 1191 1874 τῷ
1216 1776 1312 1879 ἁγίῳ

105 1906 112 1943 ι
147 1874 272 1975 τούτῳ
306 1878 578 2005 θυσιαστηρίῳ,
614 1877 665 1963 ὥς
696 1882 752 2006 τρῖ
782 1879 1008 1978 Χερουβικῷ
1040 1902 1109 1953 σου
1141 1903 1314 1974 περιστα-

104 2006 179 2064 ους
204 1950 335 2079 θρόνῳ
360 1979 414 2076 ἐφ’
445 1971 476 2077 5
502 1978 522 2054 5
548 1977 752 2082 μονογενής
777 2006 845 2054 σου
871 1978 963 2069 υἱός,
989 1978 1052 2055 καὶ
1080 1978 1211 2064 Θεδς“
1191 1986 1312 2106 ημῶν,

105 2088 230 2156 ετοῖν
272 2080 524 2178 προκειμένων
567 2086 735 2210 55525155
768 2078 1044 2157 ἐπαναπαόεται
1077 2081 1312 2178 μυστηρίων

105 2179 250 2280 ποίσης
275 2181 385 2279 ἡμᾶς,
410 2211 474 2257 και
462 2181 566 2257 τὸν
592 2179 724 2258 πιστόν
749 2207 819 2258 σου
838 2182 929 2258 λαὸν
950 2179 1240 2279 ίλευθερωσας’
1221 2211 1314 2258 ακα-

105 2283 220 2382 ρσίας,
258 2282 416 2385 ἁγίασον
442 2280 595 2359 πάντων
619 2284 729 2382 ἡμῶν
753 2285 821 2369 τὰς
844 2283 971 2382 ψυχὰς
994 2283 1058 2359 καὶ
1083 2283 1131 2359 τὰ
1157 2280 1314 2380 στόματα

105 2391 221 2514 ασμῴ
257 2386 513 2515 ἀναραιρὲτῳ·
553 2388 668 2460 vva·
653 2415 694 2461 εν
727 2389 891 2484 καθαρῷ
926 2383 1182 2476 συνειδότι,
1162 2415 1315 2462 ανεπαι-

105 2483 194 2584 ίντῳ
230 2485 433 2585 προςαίπῳ,
469 2488 728 2586 πεφωτισμίνῃ
763 2487 901 2617 καρδίρι
910 2544 923 2578 ,
959 2493 1039 2563 τῶν
1072 2485 1192 2563 θείων
1226 2485 1315 2565 τού-

105 2617 122 2660 ν
153 2587 558 2685 μεταλαμβάνοντεςτ
534 2588 794 2717 αγιασμρίτων,
830 2590 892 2665 καὶ
917 2589 974 2666 ὑπ’
1006 2589 1134 2665 αὐτῶν
1160 2587 1315 2681 ζωοποι-

105 2718 219 2778 ιενοι,
256 2692 464 2779 ἑνωθιῦμεν
500 2690 606 2790 αὐτοῦ
640 2700 695 2790 ταί
729 2697 887 2821 Χριστῷ
923 2718 1014 2782 σου,
1049 2700 1105 2790 τῷ
1142 2691 1315 2821 ἀληθινῷ

105 2795 128 2889 5
152 2790 283 2888 ἡμῶν,
315 2798 370 2890 τῷ
402 2789 556 2867 ελπόντι·
598 2792 642 2870 Ὁ
676 2791 868 2897 τρώγων
903 2822 992 2921 μορ
1027 2792 1109 2890 τὴν
1145 2791 1314 2889 σοίρκα,

107 2894 122 2967 5
157 2893 306 2968 πίνων
340 2922 430 2989 μου
465 2893 515 2968 τὸ
548 2893 682 2991 αἷμα,
719 2898 766 2972 ἐν
800 2895 901 2992 ἐμοὶ
927 2897 1076 2991 με’νει,
1111 2894 1316 2997 κᾷγὼἐν

109 2999 183 3092 τῴ.
225 2995 415 3083 Ὅπως,
400 3001 631 3080 ενοικοῦντος
666 2996 762 3072 ἐνι
742 3003 845 3092 ηαῖν,
880 2996 944 3070 καὶ
980 2999 1316 3093 ἐμπεριπατοῦντος

106 3068 272 3198 ιἈόγου
304 3123 385 3185 σου,
420 3095 545 3191 Κύριε,
578 3095 779 3198 γενοίμεθα
812 3096 902 3181 ναὸς
932 3105 1002 3172 τοῦ
1032 3096 1220 3225 55555505
1252 3097 1316 3173 καὶ

106 3206 299 3294 ιςκυνητοῦ
331 3225 400 3273 σου
434 3196 660 3327 πνεύματος,
700 3199 966 3328 λελυτρωμένοι
996 3196 1115 3295 πάσης
1148 3198 1317 3299 διαβολι-

106 3299 406 3389 ιμεθοδείας,
391 3330 431 3375 εν
463 3298 603 3396 πράξει,
636 3298 854 3403 ἢλόγῳ,
830 3300 975 3398 ηκατά
1008 3298 1231 3376 διοίνσιανέ
1216 3304 1317 3401 ἐνερ·

106 3402 245 3527 ιμένης
281 3403 343 3477 καὶ
379 3400 552 3529 τύγωμεν
586 3409 664 3476 τῶν
699 3402 1032 3532 ἐπηγγελμίνωΓ
1011 3410 1103 3533 ημῖν
1138 3404 1315 3532 ἀγαθοῖν,

106 3533 118 3566 ι
157 3513 249 3578 πᾶσι
292 3510 369 3588 τοῖς
409 3503 527 3605 ἀγίοις
567 3528 657 3593 σου,
698 3510 775 3589 τοῖς
816 3505 874 3579 ἀπ
912 3502 1049 3589 αλαῑνός
1089 3529 1147 3580 σοι
1189 3504 1317 3604 εὐαρε-

106 3602 237 3701 ξσασιν.

572 3733 609 3806 Ὁ
632 3733 796 3819 διάκονος.

121 3825 346 3920 Ἀντιλαβοῦ
355 3880 369 3912 ,
407 3829 541 3899 σοῦσον.

133 3925 253 4024 Τὴν“
234 3927 376 4024 ημέραν
401 3930 537 4002 πᾶσαν.

122 4030 299 4156 ’Ἀγγελον
323 4024 475 4126 ελρίγνης.

133 4127 397 4258 Συγγνώμην
400 4129 462 4203 καὶ
489 4131 633 4228 ἄφεσιν

136 4233 189 4307 Τά
215 4231 310 4306 καλὰ
337 4231 399 4306 καὶ
426 4232 676 4357 συμιρὲροντα.

138 4334 211 4409 Τὸν
236 4322 437 4409 δπόλοιπον
460 4331 600 4430 χρόνον
624 4337 689 4429 τῆς
715 4327 819 4426 ζωης

132 4434 341 4565 Χριστιανοὶ
367 4434 415 4509 τὰ
440 4435 523 4530 τέλη
546 4438 611 4530 τῆς
637 4432 742 4529 ζωῆς

139 4538 208 4636 Τὴν
238 4534 392 4634 ἑνότητα
417 4543 482 4633 τῆς
506 4534 670 4620 πίστεως.
