3044 4912
668 221 717 296 65

45 400 143 500 ὅρον
177 398 355 478 θανάτου
386 398 513 492 λύσας,
548 402 648 501 ζωὴν
678 405 718 489 ἐξ
742 399 981 488 ἀναστάσεως
1005 404 1215 506 ἐπηγγείλω.
1265 405 1330 483 καῖ

47 520 97 596 οῦ
130 527 247 596 τοῦτο
279 517 413 618 μόνον,
448 520 541 595 ἀλλά
573 521 637 597 καὶ
670 521 759 606 τοῦς
782 525 822 608 ἐξ
846 522 967 599 αὐτοῦ
991 527 1041 607 ελς
1066 526 1212 621 πλῆθος
1236 522 1330 601 ἀνά·
1370 605 1377 617 ,

49 640 214 737 ριθμον·
229 639 330 735 χέας,
363 638 452 723 τοῦς
475 636 724 736 ἐμμείναντάς
748 665 807 716 σοι
832 636 1024 731 ἐδόξασας,
1057 640 1145 727 τοὺς
1169 640 1212 718 δέ
1238 642 1332 719 ἀπο·

50 753 219 841 στάντας
243 783 313 833 σου
337 754 525 842 ἐκόλασας.
552 759 627 833 Καὶ
649 766 719 835 τοῦ
744 757 816 854 μέν
832 759 940 856 Ἀβέλ
966 757 1017 843 ὥς
1042 758 1148 835 ὁσίου
1177 761 1331 860 προςδε-

51 870 214 969 ξάμενος
236 873 307 972 τὴν
330 873 490 967 θυσίαν,
515 884 584 952 τοῦ
609 874 650 953 δέ
670 874 947 977 ἀδελφοκτόνον
964 878 1064 953 Καῒν
1080 877 1332 980 ἀποστραφεὶς

51 993 98 1068 τὸ
121 991 265 1092 δῶρον,
291 992 343 1078 ὥς
365 995 534 1097 ἐναγοῦς.
559 994 635 1069 Καὶ
659 993 752 1094 πρὸς
774 991 921 1080 τούτοις
942 994 1012 1071 τὸν
1034 994 1140 1093 Σὴθ,
1173 996 1238 1071 καὶ
1261 996 1331 1076 τάν
1413 1000 1419 1005 ’

46 1109 165 1194 ’Mc
194 1107 438 1211 προςελοίβου,
463 1111 527 1188 καὶ
550 1111 619 1189 τὸν
636 1113 755 1209 Ἓνάχ
786 1114 1060 1210 μετατέθεικας.
1112 1112 1160 1190 σὺ
1190 1113 1265 1216 γάρ
1285 1112 1331 1221 ,ελ

54 1227 76 1303 ὁ
108 1228 339 1333 δημιουργὸς
368 1238 449 1307 τῶν
481 1227 714 1330 ἀνθρώπων,
745 1231 809 1307 καί
839 1239 905 1329 τῆς
937 1230 1032 1329 ζωῆς
1060 1232 1230 1334 χορηγὸς,
1265 1230 1331 1308 καὶ
1444 1255 1448 1275 “

53 1353 119 1442 τῆς
151 1345 296 1432 ἐνδείας
320 1349 523 1447 πληρωτὴς,
555 1351 620 1425 καί
644 1358 724 1427 τῶν
748 1347 878 1447 νόμων
903 1349 1031 1450 δοτὴρ,
1063 1350 1230 1426 καὶτῶν
1254 1362 1346 1450 φυ-“

53 1462 270 1542 λαιτόντων
302 1466 440 1553 αῦτοάς
469 1468 774 1566 μισθαποδότης,
808 1469 873 1545 καῖ
902 1477 988 1546 τῶν..
1012 1464 1330 1568 παραβαινόντων

55 1582 194 1667 αῦτοῦς
218 1582 370 1670 ἔκδικος.
396 1585 417 1661 ἀ
442 1584 510 1663 τὸν
535 1586 655 1689 μέγαν
679 1588 942 1685 κατακλυσμὸν
967 1584 1167 1690 ἐπαγαγών
1191 1595 1244 1686 τῷ
1267 1584 1331 1664 κό·
1442 1612 1446 1618 ·

54 1725 140 1800 σμῳ
166 1699 232 1777 διὰ
257 1701 301 1778 τὸ
325 1707 470 1801 πλῆθος
492 1713 572 1783 ταῖν
597 1702 880 1804 ἀσεβησάντων,
904 1705 969 1781 καί
991 1704 1060 1782 τὸν
1080 1704 1228 1782 δίκαιον
1244 1713 1330 1789 Ναῖε

53 1817 263 1916 ῥυσάμενος
286 1823 328 1896 ἐκ
351 1829 420 1899 τοῦ
444 1832 709 1920 κατακλυσμοῦ
733 1826 775 1899 ἐν
800 1821 956 1929 λάραακι
982 1822 1053 1899 σὺν
1071 1823 1169 1899 ἀκτυ)
1189 1830 1330 1922 ψυχαῖς

54 1957 174 2034 (1Ρειτ.
185 1960 217 2033 3,
228 1961 297 2036 20),
322 1940 424 2026 τέλος
447 1940 519 2039 μέν
535 1950 615 2018 τῶν
635 1938 924 2040 παρῳχηκότων,
952 1940 1071 2039 ἀρχὴν
1088 1940 1130 2017 δέ
1146 1950 1225 2018 τῶν
1242 1948 1331 2037 μέλ-

55 2052 200 2132 λόντων
224 2057 470 2160 ίπιγίνεσθαι.
497 2059 517 2135 ὃ
543 2058 587 2134 τὸ
612 2059 781 2160 φοβερὸν
805 2068 879 2156 πῦρ
905 2059 1001 2134 κατὰ
1026 2067 1092 2155 τῆς
1104 2059 1330 2156 Σοδομηνῆς

54 2170 311 2262 πενταπόλεως
333 2174 485 2278 ἐξάψας,
510 2177 574 2254 καὶ
598 2186 672 2282 γῆν
695 2174 938 2278 καρποφόρον
962 2182 1013 2261 είς
1029 2175 1152 2273 ἀλμην
1172 2176 1331 2274 θέμενος
1428 2270 1434 2277 ἱ

55 2291 136 2367 ἀπὸ
165 2293 292 2380 κακίας
323 2303 403 2372 ταῖν
432 2293 709 2374 κατοικούντων
734 2298 776 2372 ἐν
802 2296 896 2392 αὐτῇ
922 2314 1140 2394 (Ps.107‚34)‚
1172 2295 1237 2371 καὶ
1261 2294 1330 2373 τὸν

57 2413 167 2488 ’όσιον
187 2411 281 2489 Aah
304 2411 516 2513 ἐξαρπάσας
539 2423 609 2492 τοῦ
633 2418 864 2515 ἐμπρησμοῦ.
893 2413 940 2489 σὺ
966 2413 997 2488 εἶ
1023 2413 1043 2489 ἀ
1068 2412 1137 2489 τὸν
1154 2411 1329 2514 Ἀβραὰμ

58 2528 265 2627 ῥυσάμενος
288 2542 509 2635 προγονικῆς
533 2534 717 2632 ἀσεβείας,
749 2532 813 2608 καὶ
837 2528 1068 2630 κληρονόμον
1092 2538 1161 2607 τοῦ
1185 2528 1329 2629 κόσμου

10 2664 12 2729 i
58 2648 303 2749 καταστήσας,
333 2651 399 2727 καῖ
430 2651 640 2752 ἐμφανίσας
672 2651 775 2750 αὐτῷ
807 2650 875 2726 τὸν
899 2647 1067 2748 Χριστόν
1094 2675 1180 2725 σου·
1215 2650 1331 2727 ὃτὸν

59 2768 301 2866 Μελχισεδέκ,
334 2770 504 2870 ἀρχιερέα
535 2778 600 2869 τῆς
631 2769 800 2870 λατρείας
832 2767 1177 2869 προχειρισάμενος·
1210 2768 1230 2843 ὃ
1262 2766 1332 2846 τάν

58 2885 245 2964 πολύτλαν
269 2885 489 2989 θεράποντά
515 2914 584 2966 σου
602 2887 691 2990 Ἰὼβ
715 2887 868 2986 νικητὴν
892 2895 961 2962 τοῦ
987 2884 1193 2984 ἀρχεκάκου
1209 2889 1331 2986 ὄφεως

61 3005 274 3092 ἀναδείξας·
300 3007 321 3082 ἀ
345 3007 414 3084 τὸν
431 3007 559 3083 Ἰσαάκ
582 3008 799 3111 ἐπαγγελίας
824 3006 911 3082 υἱὸν
935 3002 1194 3102 ποιησάμενος·
1222 3002 1330 3081 ὃτάν
1371 3046 1378 3057 ·

55 3124 187 3223 Ἰακώβ
220 3125 359 3224 πατέρα
394 3123 541 3203 δώδεκα
566 3125 727 3218 παίδων,
760 3123 934 3208 καὶτοὺς
959 3126 998 3207 ἐξ
1023 3122 1139 3198 αῦτοῦ
1164 3126 1214 3206 είς
1239 3129 1331 3220 πλῆ-

60 3246 125 3328 θος
149 3244 252 3338 χέας,
277 3245 341 3319 καὶ
366 3244 572 3349 εέςαγαγδιν
596 3251 646 3330 εἰς
669 3251 864 3349 Αἴγυπτον
890 3248 931 3319 ἐν
948 3238 1205 3341 ἑβδομήκοντα
1223 3240 1330 3318 πέντε

60 3368 208 3458 ψυχαῖς.
261 3362 310 3439 σύ
339 3361 454 3462 κύριε,
480 3364 618 3463 Ἰωσὴφ
645 3365 714 3459 οῦχ
739 3362 942 3461 ὑπερεῖδες·
979 3358 1071 3434 ἀλλά
1096 3359 1241 3457 μισθὸν
1265 3367 1331 3457 τῆς

60 3479 120 3554 διὰ
147 3479 187 3555 σε’
216 3479 462 3582 σωφροσύνης
487 3481 628 3566 έδωκας
653 3482 755 3580 αὐτῷ
781 3481 824 3555 τὸ
850 3488 929 3556 τῶν
944 3479 1164 3583 Αἰγυπτίων
1189 3480 1328 3574 ἄρχειν.

62 3596 105 3674 οῦ
128 3595 247 3698 κύριε,
269 3597 464 3699 Ἐβραίους
488 3600 562 3676 ἀπὸ
576 3600 795 3704 Αλγυπτίων
821 3595 1169 3693 καταπονουμένους
1195 3595 1240 3669 οῦ
1265 3622 1329 3669 πε-

64 3716 201 3813 ριεῖδες,
228 3716 293 3794 διὰ
319 3718 386 3804 τάς
410 3719 502 3820 πρὸς
525 3718 614 3805 τοῦς
637 3718 797 3818 πατέρας
822 3716 952 3792 αὐτῶν
977 3711 1207 3816 ἐπαγγελίας·
1245 3710 1325 3785 ἀλλ’

65 3834 212 3935 ἐῤῥύσω,
245 3833 406 3923 κολάσας
430 3837 668 3943 Αἰγυπτίους.
720 3829 1066 3936 παραφθειράντων
1091 3829 1132 3906 δὲ
1158 3837 1235 3906 τῶν
1261 3828 1330 3905 ἀν·

65 3953 230 4053 ἀρσίπων
260 3955 329 4033 τὸν
354 3957 516 4056 φυσικὸν
539 3954 671 4052 νόμον,
706 3955 770 4031 καὶ
794 3954 863 4052 τὴν
886 3951 1021 4039 κτίσιν,
1054 3946 1140 4024 ποτὲ
1164 3946 1235 4045 μέν
1259 3946 1330 4025 αῦ-

67 4072 224 4172 τόματον
250 4071 501 4174 νομισάντων,
527 4073 613 4151 ποτὲ
640 4073 681 4151 δέ
707 4081 833 4150 πλεῖον
857 4071 881 4171 ἢ
906 4071 966 4148 δεῖ
990 4062 1241 4165 τιμησάντων,
1264 4061 1339 4141 κυί-

69 4219 116 4268 ωι
139 4204 195 4296 τῷ
225 4200 306 4294 Θεῷ
331 4202 410 4271 τῶν
434 4191 590 4271 πάντων
614 4190 915 4293 συνταττόντων·
943 4190 1012 4264 οὐκ
1037 4191 1162 4271 ε’ίασας
1186 4190 1330 4260 πλανᾶ-

70 4316 170 4408 σθαι,
206 4314 302 4389 ἀλλά
336 4312 532 4399 ἀναδείξας
564 4312 631 4390 τὸν
663 4311 772 4416 ἀγιόν
803 4337 872 4387 σου
903 4305 1120 4410 θεράποντα
1149 4307 1327 4400 Μοῦσῖην,

71 4427 110 4504 δι’
130 4435 251 4512 αῦτοῦ
273 4431 367 4534 πρὸς
389 4429 575 4534 βοήθειαν
596 4440 664 4509 τοῦ
685 4437 848 4534 φυσικοῦ
864 4427 932 4506 τὸν
948 4424 1116 4530 γραπτὸν
1132 4419 1251 4521 νόμον
1267 4417 1330 4498 δέ·

95 4553 128 4607 Π.
1111 4545 1126 4597 5
