3044 4912
695 304 717 376 5

66 484 340 562 exterminentur.¹)
390 484 500 565 ltaque,
522 482 664 548 ecclesiae
687 506 758 551 suae
781 489 900 569 ingenio
923 470 998 581 male
1019 492 1166 557 intellecto
1189 514 1224 557 ac
1244 507 1344 577 spreta
1376 484 1386 527 '

66 586 340 650 eruditissimorum
364 585 579 649 Catholicorum
603 589 752 666 doctrina,
776 610 880 653 ornnes
902 610 977 673 quae
991 592 1081 658 hodie
1096 596 1230 659 obtinent
1243 597 1344 662 rubri-

66 709 115 752 cas
138 689 176 750 ad
198 687 392 770 apostolicam
414 687 630 783 institutionem
652 686 764 754 relerre
786 701 949 787 conantur.¹
991 695 1054 770 llis,
1084 697 1109 759 si
1132 698 1285 779 apostolos
1307 698 1344 763 ab

68 790 217 852 hodierno
232 789 290 852 ritu
306 788 483 853 discessisse
498 791 663 866 crederent,
688 800 718 855 et
732 793 790 874 ipsi
805 794 933 874 apostoli
948 797 1069 858 notandi
1091 798 1271 863 viderentur.
1303 801 1342 864 Ut

68 902 183 977 mecam*
203 892 382 971 Aethiopum
404 890 638 973 simplicitatem,
661 893 768 974 quihus
791 904 872 958 extra
894 895 1108 960 dubitationem
1130 909 1187 975 est,
1209 901 1343 983 liturgias

69 996 205 1075 ipsorum
222 1013 239 1055 a
254 993 373 1056 Christo
389 1003 420 1055 et
432 994 520 1056 Beata
536 994 655 1075 Virgine
677 994 771 1058 literis
794 1015 862 1081 esse
885 999 1069 1078 consignatas
1093 1001 1252 1074 (liebertus
1275 1002 1343 1066 Sala

68 1097 102 1158 ad
124 1097 228 1157 Bonae
248 1095 285 1155 n.
307 1093 347 1168 L,
371 1095 394 1156 l.
423 1114 448 1157 c.
466 1095 506 1157 lx
528 1099 558 1174 b.
575 1099 604 1161 6.
621 1101 674 1173 7.),
702 1116 757 1160 nec
777 1098 866 1160 hodic
894 1119 1019 1179 prorsus
1048 1103 1193 1164 extinctus
1221 1103 1341 1166 illorum

68 1197 387 1278 llyperromanismus,
411 1197 460 1277 qui
478 1198 510 1260 S.
522 1198 641 1259 Petrum
656 1199 846 1280 Apostolum,
869 1201 992 1275 amictu,
1016 1201 1095 1276 alba,
1118 1204 1251 1283 cingulo,
1275 1223 1339 1266 ma-

69 1300 169 1380 nipulo
193 1307 225 1360 et
252 1298 350 1360 casula
379 1297 513 1361 indutum
541 1299 648 1361 iaciant
673 1300 793 1362 missam
822 1300 1035 1378 celebrantem,
1072 1324 1110 1366 ne
1136 1323 1193 1366 una
1222 1306 1341 1385 quidem

68 1401 204 1462 hodierni
233 1400 361 1462 hlissalis
390 1400 504 1463 literula
535 1402 762 1481 praetermissa:
796 1402 853 1464 nisi
882 1405 959 1466 sorte
987 1404 1169 1480 concedunt,
1204 1406 1234 1468 S.
1257 1407 1338 1470 Petri

66 1521 175 1564 nomen
199 1502 229 1563 in
252 1500 372 1563 Conone
393 1501 526 1564 nondum
549 1520 616 1564 esse
639 1512 910 1567 commemoratum.

149 1605 218 1664 Non
251 1604 351 1664 minus
385 1622 402 1664 a
435 1620 506 1665 vero
542 1602 694 1680 aberrant,
734 1607 784 1685 qui
817 1606 848 1668 in
882 1607 1006 1669 alterum
1041 1620 1174 1668 errorem
1208 1608 1341 1672 incidunt

65 1701 358 1788 λειτουργομάχων.
392 1705 560 1767 lielonnata
581 1705 698 1767 indoles
720 1706 766 1768 vel
781 1708 918 1770 Purithna
941 1709 998 1770 lert
1020 1708 1208 1789 apertissime
1230 1709 1339 1772 rituum

65 1828 97 1869 ae
118 1807 367 1870 caerimoniarum
389 1815 584 1880 contemtum,
608 1806 729 1868 omnino
753 1809 861 1883 omnia,
884 1810 1011 1889 quaein
1035 1810 1114 1872 cultu
1135 1811 1233 1873 divino
1256 1812 1338 1891 psal-

64 1929 131 1971 mos
155 1911 243 1982 istos,
267 1927 436 1970 sermonem
460 1928 493 1970 ac
508 1926 639 1970 mensam
656 1909 922 1988 transgrediuntur,
946 1911 1004 1970 alto
1025 1911 1183 1992 supercilio
1205 1913 1338 1992 despicit

64 2012 145 2091 Ergo
167 2011 345 2073 Reformatis
369 2011 540 2072 doctoribus
562 2010 635 2072 nihil
657 2010 810 2072 ridebatur
830 2011 1060 2084 intolerabilius,
1093 2012 1166 2073 nihil
1195 2013 1339 2091 apostolis

64 2114 233 2192 indignius,
265 2132 353 2193 mam
382 2112 638 2174 sanctissimorum
666 2113 797 2173 virorum
834 2111 978 2174 industria
1011 2115 1108 2194 posita
1136 2113 1167 2174 in
1194 2112 1339 2193 liturgicis

64 2215 244 2294 praeceptis,
263 2212 440 2295 praesertim
462 2214 492 2275 in
514 2213 727 2277 eucharisticis.
765 2213 803 2275 Ut
823 2194 1022 2275 recentiorum
1043 2222 1209 2293 temporum
1234 2222 1339 2277 testem

67 2318 211 2388 alteram,
242 2316 309 2378 haec
330 2316 421 2377 hahet
442 2315 658 2378 Reimoldus
688 2314 753 2390 (Die
776 2313 967 2393 angeblichen
984 2314 1211 2396 Apostolischen
1234 2315 1336 2377 Litur-

66 2419 135 2496 gien
159 2437 224 2478 rom
244 2417 598 2480 historisch-lrritischen
621 2415 808 2496 Standpunlrt
827 2416 999 2479 betrachtet.
1043 2417 1220 2496 Heidelberg
1244 2419 1337 2495 1831)

65 2539 93 2599 p.
110 2523 170 2582 31:
202 2519 292 2590 „Wcs
321 2539 406 2582 muse
428 2538 499 2580 mon
520 2539 581 2581 oon
604 2520 704 2581 diesen
727 2518 881 2580 Mdnncrn
908 2519 1033 2591 denies,
1067 2539 1153 2581 nean
1181 2522 1224 2580 sic
1255 2518 1339 2582 nicht

66 2621 163 2683 dierch
185 2621 268 2683 liobe
296 2641 337 2684 zo
365 2621 461 2682 ihrem
487 2620 648 2702 pottlicben
675 2620 799 2682 Meister
826 2618 891 2681 ond
919 2620 1015 2681 drercb
1045 2621 1097 2681 dos
1123 2619 1210 2681 lVerlt
1237 2619 1336 2691 selbot,

64 2743 153 2784 mozo
176 2742 210 2784 cr
231 2727 274 2783 sie
297 2723 484 2785 ooserlroren
505 2722 569 2783 atad
591 2723 717 2800 derasen
741 2721 829 2791 batte,
853 2720 1038 2800 hinldnplioh
1060 2722 1237 2800 onpeseoert
1259 2741 1338 2783 wer-

64 2827 121 2885 den
151 2824 298 2895 boantes,
331 2826 466 2886 sondorn
490 2824 640 2903 ‹leswepen
667 2823 733 2883 ihre
755 2822 894 2902 Zoslncht
926 2842 966 2882 zo
989 2825 1097 2892 ee'nem,
1136 2823 1179 2883 his
1208 2824 1269 2901 ons
1292 2825 1338 2885 die

62 2926 188 2988 ilet‘nste
204 2924 287 2986 linio
308 2924 528 3004 obpezirlcelten
550 2929 582 2985 in
605 2929 770 3003 eintttrn'per
791 2923 979 2985 lVierlerlrehr
1001 2924 1047 2984 die
1062 2922 1154 2984 Sirone
1177 2923 1338 2986 homoben-
1435 2904 1442 2913 ⁸

62 3030 117 3090 den
147 3030 221 3089 oder
249 3026 450 3088 enutriendos
477 3025 564 3088 Ritus
592 3026 718 3087 nehmen
753 3032 925 3086 matsstero.“
979 3042 1008 3102 p.
1028 3027 1082 3086 15:
1117 3023 1198 3096 „lob
1232 3024 1338 3103 lertpnc

60 3130 153 3200 nictit,
179 3129 248 3189 ‹loss
271 3147 301 3189 es
322 3128 426 3207 nothe'p
446 3129 509 3189 rond
529 3127 667 3188 nritzlich
689 3131 740 3195 sei,
773 3126 876 3186 zatmol
899 3127 945 3187 hei
964 3132 1126 3204 pressores
1150 3126 1335 3199 Gemeinden,

60 3237 124 3292 nne
149 3231 214 3290 dem
237 3229 333 3291 Geiste
357 3230 406 3290 eles
431 3229 670 3291 Christenthnms
699 3228 762 3288 ested
789 3233 891 3288 setheo
919 3229 1022 3287 reiecero
1046 3226 1262 3289 institutiones
1282 3248 1334 3309 pc-

58 3341 163 3394 oeosse
187 3331 350 3412 Ordnnnp,
384 3336 448 3392 eise
472 3334 595 3410 paroisse
616 3328 808 3408 Reihensolye
836 3328 899 3389 rond
927 3335 1054 3390 ducrere
1077 3329 1253 3408 Gestoltonp
1281 3331 1336 3392 der
1438 3391 1440 3395 ,

57 3433 354 3513 gottesdienstlicbeo
376 3437 591 3510 gemeineomen
617 3430 773 3510 Uebnnpen
802 3429 1014 3509 einzosrihren.
1064 3430 1143 3491 lber
1169 3449 1241 3491 man
1268 3431 1335 3493 that

59 3537 115 3598 den
138 3534 285 3615 Aposteln
306 3554 347 3595 zoe
370 3534 429 3594 viel
449 3533 529 3595 libre
553 3533 625 3594 oder
647 3532 792 3593 Schmoch
814 3551 862 3603 on,
896 3550 982 3592 uena
1003 3549 1074 3592 moa
1094 3530 1185 3592 ihneo
1206 3542 1336 3591 zotront

59 3639 136 3699 oder
159 3654 220 3696 zur
243 3635 315 3699 bost
337 3635 410 3713 lept,
444 3636 514 3696 dass
538 3640 595 3706 sie,
628 3635 675 3695 die
704 3637 788 3695 einen
817 3638 884 3694 weit
912 3632 1044 3695 hohereo
1064 3631 1258 3711 Stonrlpnolrt
1286 3631 1333 3692 als

59 3741 113 3800 den
138 3743 227 3799 einer
249 3736 368 3798 hiessen
392 3737 535 3798 ritnellen
550 3735 734 3814 ebrichtunp
757 3735 872 3805 hatten,
902 3737 934 3794 in
956 3739 1048 3796 ciuem
1071 3736 1204 3810 eirezipeo
1221 3732 1334 3812 depen-

57 3841 176 3910 stondc,
200 3837 334 3899 ndmlicb
355 3838 420 3898 dem
442 3837 510 3899 hell.
533 3836 741 3906 Aberedmohle,
770 3835 930 3914 gleichsam
950 3840 1003 3894 mit
1026 3837 1120 3894 eincm
1141 3833 1334 3911 Propromme

127 4061 151 4113 ll
172 4058 328 4107 lienaldotius
347 4056 363 4105 l.
383 4073 402 4107 c.
421 4057 502 4120 plllll
522 4058 634 4118 „Scimus
653 4057 769 4120 quosdam
794 4055 845 4105 zelo
864 4055 907 4104 sed
926 4054 1038 4103 scientiae
1057 4051 1232 4104 ecclesiasticae
1250 4071 1331 4114 vacuo,

57 4144 84 4192 de
103 4143 213 4207 antiquis
232 4141 280 4191 illis
298 4142 385 4193 olliciis
403 4157 487 4205 parum
507 4143 632 4193 commode
651 4142 778 4201 iudicasse,
805 4149 829 4189 et
852 4146 940 4188 mutata
959 4152 1007 4186 non
1025 4151 1101 4200 pauca
1120 4139 1143 4186 in
1162 4140 1227 4188 novis
1246 4140 1333 4189 editio·

57 4230 134 4277 nibus.
174 4227 229 4276 Fuit
247 4228 294 4276 imo
312 4236 368 4276 ente
387 4242 462 4276 annos
481 4242 528 4276 non
547 4228 578 4277 ite
597 4226 686 4276 multos
703 4227 738 4275 rir
755 4239 863 4275 summae
882 4223 1009 4285 dignitatis,
1030 4221 1151 4271 literarum
1170 4223 1332 4271 literatorum-

58 4328 100 4377 que
127 4314 212 4362 leutor
237 4313 334 4362 eximius
360 4312 404 4360 sed
428 4312 485 4361 nibil
510 4313 588 4362 minus
613 4326 683 4376 quam
702 4311 853 4373 Theologos,
881 4309 920 4372 qni
944 4307 1052 4356 llissolos
1071 4307 1231 4356 hlozarobieos
1258 4308 1332 4357 libros

10 4432 13 4463 ,
59 4413 160 4462 qnorum
183 4397 326 4461 exemplaria
345 4411 401 4446 rara
420 4404 469 4445 tum
487 4405 563 4456 erent,
581 4397 719 4446 rarissimos
738 4397 851 4455 effecerit,
870 4394 926 4442 ‹lnm
945 4409 1028 4443 omncs
1048 4408 1108 4457 qnos
1127 4393 1268 4456 conquirere
1287 4408 1331 4456 po·

10 4470 12 4475 ’
60 4489 118 4533 terat
136 4481 245 4531 nammis
263 4481 410 4542 absumeret,
429 4488 503 4545 ratus,
521 4496 563 4532 eos
581 4490 675 4534 scatere
694 4480 817 4532 erroribus
836 4480 890 4546 qnia
908 4478 1039 4530 Romanam
1058 4478 1155 4529 missam
1173 4478 1244 4527 rerho
1264 4485 1333 4528 tenne
1382 4522 1388 4555 ἴ

59 4565 146 4618 inillis
165 4580 217 4617 non
234 4565 398 4633 reperiebat“
