3044 4912
717 250 792 323 350

120 433 323 536 σιαστηρίῳ
347 432 411 511 καὶ
434 439 649 561 προςπεσεῖν
673 439 751 519 τοῖς
776 437 977 532 ολιιτιρμοῒς
1003 457 1071 508 σου
1096 429 1190 561 ὑπὲρ
1209 430 1364 530 τῶνῆμε

119 540 239 638 τέροιν
264 534 556 637 ἁμαρτημάτων,
582 536 647 611 καὶ
670 544 750 611 τῶν
773 544 842 611 τοῦ
868 536 1007 611 λαοῦ
987 531 1286 665 αρνοημάτοιν·
1280 530 1367 663 πρίο-

121 639 277 728 δεξαι
258 670 278 715 ο
307 638 395 723 Θεὸς
428 638 497 735 τὴν
532 636 714 735 ὁέἠσιν
692 645 818 734 ημῶν·
854 637 919 712 καί
954 660 1109 734 ποιησον
1125 665 1242 767 ημας
1266 636 1369 723 ἀξίους

120 743 299 872 γενέσθαι
330 749 400 815 τοῦ
432 739 650 867 προςφέρειν
681 764 741 813 σοι
767 736 918 837 δεήσεις,
953 738 1017 814 καί
1041 736 1192 828 ἱκεσίας,
1227 767 1292 867 κριι
1278 736 1370 814 θυ

123 846 204 929 σίας
230 837 482 940 ἀναιμάκτους
505 839 598 937 ὑπὲρ
624 839 764 925 παντὸς
788 850 856 917 τοῦ
882 849 975 916 λαοῦ
1000 865 1082 931 σου,
1115 839 1179 915 καὶ
1202 838 1372 916 ίαάνιοσον

120 946 230 1044 ίμᾶς,
257 944 322 1028 οὓς
346 945 440 1018 ἔθου
465 946 516 1027 είς
540 941 610 1039 τὴν
635 942 830 1018 διακονίαν
856 966 925 1024 σου
949 940 1104 1039 ταύτην,
1133 946 1247 1039 ἐντῇ
1273 938 1373 1018 δυνά-

121 1076 182 1145 μει
206 1076 274 1122 του
256 1041 501 1142 πνεύματός
518 1067 587 1118 σου
604 1053 673 1120 τοῦ
690 1042 813 1146 άγίου,
830 1041 1153 1173 ἀκαταγνῶστοις
1164 1043 1229 1119 καὶ
1258 1044 1374 1141 άπρος·

121 1146 278 1239 κόπτοις,
313 1150 355 1223 ἐν
389 1150 550 1245 καθαρῷ
585 1154 639 1246 τῶ
654 1145 871 1275 μαρτυρίῳ
906 1154 970 1244 τῆς
1003 1142 1292 1243 συνειδήσεως
1271 1154 1373 1242 ημῶν,

122 1246 378 1327 ἐπικαλεῖσθαί
410 1272 449 1323 σε
482 1251 523 1325 ἐν
554 1248 668 1324 παντί
698 1277 828 1376 καιρῳ
848 1247 912 1324 καί
944 1245 1061 1346 τόπῳ,
1095 1250 1161 1325 ἵνα
1193 1244 1374 1332 ελςακοάαι

99 1348 244 1449 ἡμῶν,
269 1349 419 1435 ἵλεως
398 1355 489 1448 ημῖν
514 1353 653 1447 ε’ίηςέν
678 1358 731 1448 τῷ
758 1347 892 1447 πλήθει
917 1357 982 1446 τῆς
1006 1358 1073 1447 σῆς
1095 1350 1133 1423 ἆ
1120 1346 1335 1476 χαθότητος.

201 1454 437 1580 Ἀντιλαβοῦ,
464 1459 616 1540 σῶσον,
627 1452 774 1549 ἐλέησον
800 1481 863 1527 και
850 1382 1167 1552 χί“ιίιαςοτίλαξον
1146 1459 1247 1548 ημᾶς
1266 1482 1285 1525 ο
1273 1448 1373 1533 θεὸς

124 1563 169 1652 τῇ
197 1562 243 1651 σῇ
267 1550 404 1649 χάριτι.
458 1551 597 1652 Σοφία.

659 1681 869 1776 Ἕκφῶνησις.

189 1788 274 1866 Ὅτι
305 1787 431 1887 πρέπει
464 1812 520 1914 σοι
552 1796 656 1863 πᾶσα
688 1786 799 1877 δόξα,
839 1789 926 1886 τιαὴ
958 1788 1022 1863 καὶ
1053 1785 1304 1917 προςκάνηρις,
1332 1812 1370 1912 ορ

125 1890 250 1991 πατρὶ,
276 1891 417 1989 καὶτῷ
443 1890 528 1988 υἱῷ,
552 1890 616 1965 καί
640 1898 694 1989 τῷ
721 1891 816 1992 ἁγίῳ
841 1887 1037 1985 πνεύματι,
1063 1898 1136 1965 νῦν
1155 1889 1219 1966 καί
1237 1890 1303 1979 ἀεὶ,
1325 1884 1371 1962 κοί

126 2000 176 2080 είς
200 1992 287 2078 τοὺς
313 1999 453 2077 αἰῶνας
476 2000 554 2069 τῶν
581 1962 743 2068 αίῶνων

651 2121 689 2192 Ὁ
712 2121 874 2205 διάκονος.

203 2230 280 2305 Ἔτι
304 2226 367 2304 καὶ
392 2230 457 2318 ἔτι,
483 2230 525 2303 ἐν
550 2225 685 2327 εἰρήνῃ.

610 2374 698 2467 Είχὴ
720 2382 849 2446 πιστῶν
869 2374 913 2463 β’.
1403 2454 1405 2459 ,

209 2478 336 2557 Πάλιν
360 2480 423 2555 καὶ
447 2478 619 2564 πολλάκις
645 2481 703 2555 σοί
728 2479 1012 2579 προςπίπτομεν,
1039 2480 1102 2555 καί
1128 2488 1198 2556 σοῦ
1216 2474 1369 2577 δεόμεθα,
1403 2484 1405 2489 ’

128 2581 251 2711 ἀγαθὲ·
296 2581 359 2656 καὶ
402 2579 668 2679 φιλάνθρωπε,
705 2582 804 2666 ὅπως
838 2583 1088 2712 ἐπιβλέψρς’
1072 2581 1131 2657 επὶ
1166 2582 1235 2680 τὴν
1269 2581 1370 2699 δέησιν

125 2685 247 2780 ἡμῶν,
282 2682 546 2778 καθαρίσῃς
526 2692 634 2778 ημῶν
668 2683 734 2767 τὰς
768 2683 911 2782 ψυχάς,
947 2684 1010 2759 καί
1044 2684 1092 2757 τὰ
1129 2682 1286 2813 ρῶματα
1317 2677 1370 2755 α’τί

127 2783 265 2867 παντὸς
289 2791 490 2911 μρλυσιιοῦ
511 2783 645 2881 σαρκὸς
668 2785 731 2858 καί
757 2784 977 2881 πνεύματος,
1004 2816 1066 2860 και
1054 2783 1225 2883 τίαίῃςᾷ
1203 2792 1292 2881 ιιιῖν
1309 2780 1372 2858 ἀνί

127 2914 241 2982 νοχον
272 2886 335 2959 καί
370 2883 618 2981 ἀκατάκριτον
643 2885 711 2983 τὴν
736 2886 971 2986 παράστασιν
996 2896 1063 2962 τοῦ
1090 2888 1200 2988 ἁγιου
1228 2916 1294 2963 σου
1317 2890 1373 2959 θα

129 2986 354 3084 σιαστηρίου.
391 2983 556 3113 Χάρισριι
583 2987 668 3062 ιίε
651 3018 670 3062 ο
692 2988 790 3077 Θεος,
817 2990 981 3072 καὶτοῖς
1007 2991 1328 3084 συνευχοιιὲνοις,
1304 2988 1374 3061 ιιιῖν

128 3087 317 3218 προκοπὴν
341 3086 443 3186 βίου,
469 3089 533 3163 καὶ
558 3089 724 3178 πίστεως,
750 3091 813 3165 καὶ
840 3092 1020 3174 συνέσεως
1040 3100 1303 3189 πνευματικῆς·
1315 3030 1375 3165 ³655

129 3194 299 3275 αὐτοῖς
289 3188 445 3264 πάντοτε
480 3191 573 3285 αετίι
609 3190 734 3289 φόβου
779 3192 842 3266 καί
880 3190 1024 3293 ἀγάπης
1069 3192 1289 3291 λατρεύουσί
1321 3212 1376 3272 σοι,

130 3291 315 3387 ἇνενόχως
351 3292 414 3366 καί
440 3294 694 3390 ἀκατακρίτους
718 3294 881 3388 μετέχειν
905 3303 984 3369 τῶν
1013 3294 1134 3395 ἁγίων
1161 3319 1231 3370 σου
1256 3318 1378 3392 μασιν

130 3395 236 3494 ρίων,
261 3393 324 3467 καί
349 3402 413 3490 τῆς
438 3395 660 3493 ἐπουρανίου
687 3420 756 3469 σου
780 3394 1015 3491 βασιλείας
996 3427 1018 3470 α
1023 3399 1218 3492 ξιοιθῆναι.

205 3497 441 3595 Ἆντιλαβοῦ,
468 3505 604 3586 σῶσον,
631 3497 788 3593 ελεησον.
842 3495 982 3595 Σοφία.

660 3642 870 3736 Ἐκφῶνησις.

204 3747 383 3832 ἩΟπαις
362 3748 434 3823 υπὸ
465 3779 534 3835 του
558 3746 717 3846 κράτους
744 3776 813 3824 σου
837 3747 994 3825 πάντοτε
1021 3748 1306 3849 φυλαττόμενοι,
1337 3733 1395 3821 σοὶ

129 3850 197 3947 τὴν
230 3848 398 3934 δόξαν
379 3851 655 3948 αναπέμποαει,
688 3860 742 3949 τῷ
776 3853 906 3949 πατρί,
941 3851 1004 3925 καὶ
1036 3861 1090 3925 τῶ
1124 3855 1218 3950 υἱῶ,
1250 3851 1313 3927 καὶ
1341 3842 1400 3940 αὖ

131 3952 225 4081 άρίῳ
259 3948 452 4047 πνεύματι,
486 3960 558 4029 νῦν
591 3954 655 4027 καὶ
687 3953 756 4041 ἀεὶ,
790 3955 852 4027 καί
884 3959 934 4037 είς
959 3952 1046 4037 τοὺς
1072 3961 1213 4037 αἰῶνας
1237 3962 1315 4028 τῶν
1339 3954 1405 4026 αἶ’

131 4083 252 4131 ωνων

214 4169 317 4238 Μετὰ
335 4170 394 4260 τὴν
415 4167 646 4261 ἐκφοίνιρσιυι
615 4197 648 4239 οι
662 4167 793 4259 ψάλται
807 4169 1025 4261 ψάλλουσι
990 4197 1048 4239 τον
1061 4167 1303 4301 Χερουβικὸν“
1283 4190 1383 4255 ομνον

216 4275 262 4350 Οἱ
293 4274 341 4401 τρὶ
366 4276 607 4372 Χερουβίιιρ
610 4284 782 4359 ιυστικῶς
808 4276 1045 4366 ελκονίζοντες
1070 4274 1133 4349 καί
1158 4283 1203 4371 τῇ
1232 4268 1405 4369 ζωοποιεῖ

131 4372 267 4498 τριάδι
295 4376 362 4452 τὸν
400 4373 588 4499 τριςάγιον
621 4377 745 4474 ὕπνον
779 4376 930 4475 &dorm
962 4386 1089 4453 πᾶσαν
1120 4375 1190 4473 τὴν
1220 4373 1405 4501 βιωτικὴν

132 4472 417 4573 ἀποθῶμεθαρ
404 4477 602 4574 μέριμναν,
635 4480 686 4563 ῶς
717 4479 785 4556 τὸν
809 4480 964 4578 βασιλέα
989 4488 1067 4556 τῶν
1094 4478 1192 4555 ὅλων
1215 4473 1405 4563 ὑποδεξάκ
