3044 4912
661 255 748 329 111·

16 472 25 483 ·
80 435 136 510 eei
165 430 376 531 ἀμάμων
408 433 486 511 καὶ
520 434 778 514 ἀθανάτων
812 438 958 515 αὐτοῦ
988 448 1181 539 χειρῶν,
1215 445 1334 520 ἀνα-

10 576 20 630 ;
79 537 234 636 illimes
274 541 339 621 sle
378 536 461 612 τὸν
502 536 728 635 οὐρανὸν,
769 540 848 615 καὶ
881 540 1134 629 ἀναδείξας
1166 545 1239 621 σοὶ
1269 555 1330 646 τα·
1350 622 1353 631 ,

10 690 21 701 -
81 643 152 737 θεῷ
174 636 252 713 καὶ
280 637 455 732 Πατρὶ,
489 638 851 738 εὐχαριστήσας,
885 639 1101 744 ἁγιάσας,
1134 644 1332 738 κλάσας,

10 777 22 819 e
78 739 229 816 ἔδακεν
252 741 369 837 ἡμῖν
393 746 494 827 τοῖς
519 741 664 818 αὐτοῦ
680 744 1017 840 μαθηταῖςκαὶ
1035 745 1332 840 ἀποστόλοις,

77 838 216 931 εἰπάν,

488 941 660 1030 Λέγουσιν
682 939 716 1011 ui
738 936 898 1014 damon,

10 1097 26 1109 -
132 1049 209 1129 Εἰς
237 1044 409 1145 ἄφεσιν
434 1020 680 1146 άμαρτιῶν
704 1046 782 1121 καὶ
807 1051 872 1132 εἰς
898 1046 1018 1146 ζιοὴν
1043 1045 1252 1127 αῑιάνιον.
1310 1098 1321 1111 --

557 1173 643 1247 Εἶτα
664 1177 816 1270 ἐκφανεῖ.

16 1294 27 1317 ‘
129 1276 337 1381 Λάβετε,
370 1277 558 1384 φάγετε·
593 1279 732 1358 τοῦτό
768 1311 857 1379 μου
888 1285 988 1359 ἐστὶ
1013 1283 1065 1360 τὸ
1091 1293 1244 1382 σῶμα,
1278 1284 1329 1361 τὸ

10 1403 28 1410 ·
73 1378 167 1482 ὑπὲρ
207 1381 343 1479 ὑμῶν
377 1380 621 1480 κλάμενον
660 1384 737 1459 καὶ
770 1382 1029 1484 ἀιάάγιὶνον
1061 1391 1125 1471 εἰς
1159 1388 1330 1487 ἀφεσιν

73 1480 310 1582 ἁμαρτιῶν.
613 1581 698 1652 (ολ
732 1582 740 1606 Ι

700 1610 770 1666 σος.

10 1706 26 1780 ¹·
122 1667 272 1766 Ἀμήν.

10 1863 12 1871 .
602 1846 621 1869 ·e

10 1902 22 1915 ·
68 1890 136 1943 obtuta
159 1894 251 1943 minuta
270 1892 381 1943 ridentur
405 1901 429 1943 et
451 1892 542 1945 nullius
565 1898 696 1947 momenti:
715 1923 750 1934 -
770 1892 907 1969 μειέάωκε
931 1897 988 1952 τοῖς
1009 1888 1097 1961 ἁγίοις
1120 1894 1168 1944 καὶ
1183 1896 1331 1962 μακαρίοις

14 1993 19 2002 =
67 1971 137 2026 nitori
158 1976 302 2045 μαθηταῖς
324 1974 372 2024 καὶ
394 1967 567 2035 ἀποστόλοις.
602 1980 689 2031 Teutas
713 1982 822 2044 vulgatus
839 1964 918 2030 serrat
935 1980 1087 2031 traditionem
1105 1981 1273 2045 apostolorum
1290 1982 1330 2031 iu·

66 2068 145 2124 trem
160 2071 186 2112 et
202 2061 336 2112 illibatam:
356 2063 476 2126 sequioris
494 2065 578 2114 aetatis
597 2064 737 2117 membrana
755 2080 802 2115 non
821 2073 910 2130 potest,
929 2066 986 2130 quin
1004 2072 1102 2114 sanctos
1121 2072 1145 2114 et
1162 2065 1245 2114 beatos
1264 2079 1329 2116 nuu-

64 2153 125 2212 apet
139 2146 270 2212 spostolus
287 2148 311 2196 in
330 2146 433 2197 lormnir
453 2150 650 2199 consecrationis.
686 2150 712 2199 11.
731 2150 841 2212 congruit
858 2149 1010 2199 ooneordlter
1027 2162 1081 2198 enm
1099 2148 1171 2198 edito.

135 2231 190 2297 ὃτι.
215 2231 277 2282 Cum
301 2239 379 2280 autem
404 2231 561 2282 voluntariam
588 2242 689 2284 mortem
707 2248 753 2298 pro
772 2233 843 2283 nobis
859 2231 1037 2298 peecatoribus,
1062 2234 1115 2298 ipse
1132 2233 1223 2297 peceati
1242 2247 1328 2298 expers

61 2326 210 2382 suscepturus
228 2324 295 2367 esset
311 2316 336 2366 in
354 2324 424 2367 noete
441 2316 491 2378 illa,
510 2318 534 2367 iu
553 2333 599 2384 qua
617 2326 717 2383 propter
735 2317 817 2367 muudi
835 2318 904 2368 uitam
923 2315 1217 2377 etsalntemtradebatar‚
1236 2320 1329 2383 accepit

60 2415 140 2463 panem
157 2403 182 2450 in
200 2409 309 2461 sanetas,
327 2415 401 2465 paras
419 2410 443 2451 et
460 2401 626 2454 immaculatas
645 2416 730 2452 manns
748 2417 805 2451 suas
824 2409 847 2451 et
865 2402 995 2452 osteudens
1013 2402 1056 2451 tibi
1075 2401 1138 2452 llens
1151 2403 1220 2452 l'ater
1239 2403 1327 2465 gratias

60 2486 110 2547 egit,
127 2485 264 2546 benedixit,
283 2486 446 2546 sanctificarit,
465 2486 544 2549 tregit,
562 2486 676 2551 deditque
694 2486 819 2550 discipulis
837 2487 888 2536 suis
906 2487 996 2537 sinetis
1014 2485 1132 2551 apostolis
1145 2486 1242 2539 tieem
1259 2487 1328 2538 leci-

59 2572 103 2632 pite
126 2578 150 2619 et
168 2568 312 2618 manducate
330 2584 358 2618 en
376 2585 412 2619 eo.
449 2571 499 2620 lloc
518 2579 554 2620 est
572 2586 661 2635 eorpus
679 2586 758 2621 meum
778 2571 842 2636 quod
860 2587 904 2635 pro
923 2571 990 2620 nobis
1009 2579 1033 2620 et
1050 2586 1094 2635 pro
1112 2571 1193 2621 multis
1211 2573 1328 2634 frangitur

57 2663 79 2703 et
96 2654 197 2704 traditur
215 2654 238 2703 in
258 2655 425 2704 remissionem
445 2665 597 2719 peccatorum
617 2664 640 2705 et
658 2657 682 2705 in
700 2657 769 2706 eitam
789 2663 919 2705 oeternum.
955 2654 1070 2720 Populus.
1095 2657 1177 2705 lmen.
1213 2656 1334 2708 Similiter,

55 2747 109 2802 post
130 2752 233 2788 ooeuam
257 2739 337 2788 riuum
361 2740 384 2788 in
403 2738 477 2790 calice
502 2755 563 2804 aqna
588 2741 692 2790 miscens
711 2739 799 2802 gratier
816 2741 871 2802 egit,
895 2740 1025 2801 benedixit,
1043 2741 1197 2790 sanetillcarit
1214 2741 1328 2807 deditque

56 2822 180 2887 discipulis
199 2824 252 2873 suis
270 2824 359 2873 sanetis
377 2824 499 2887 Apostolis
518 2824 615 2875 dicens:
638 2824 744 2888 Accipite
761 2832 785 2873 et
803 2822 876 2873 bibite
895 2838 922 2873 ex
941 2839 970 2874 eo
988 2839 1081 2875 omnes.
1115 2825 1159 2874 llio
1176 2833 1214 2874 est
1230 2826 1328 2888 sangnis

54 2922 121 2956 meus
146 2909 200 2957 uori
224 2907 368 2967 testamenti,
393 2909 433 2972 qui
459 2923 503 2973 pro
521 2908 588 2957 robis
607 2917 630 2959 et
647 2924 692 2973 pro
711 2908 793 2959 multis
811 2909 941 2958 eliuuditur
958 2918 981 2958 et
998 2909 1100 2958 traditur
1118 2909 1140 2957 in
1160 2910 1328 2959 remissionem

53 3000 208 3056 pcccatorum
228 2998 252 3040 et
269 2992 293 3040 ln
310 2993 381 3042 eitam
400 3001 532 3042 aeternam.
563 2994 615 3042 llne
632 2994 703 3043 laeite
722 2996 745 3043 iu
765 3007 841 3042 meam
861 2995 1132 3042 commemorationem:
1161 2995 1327 3057 quotiescum-

53 3090 100 3141 que
117 3077 183 3126 enim
201 3088 290 3140 panem
308 3075 371 3126 bunc
390 3077 544 3127 comederitis
562 3085 585 3127 et
603 3077 632 3127 de
651 3078 726 3128 calice
744 3079 790 3128 bne
806 3078 925 3136 biberitis,
943 3085 1046 3127 mortem
1064 3091 1141 3127 meam
1152 3079 1327 3128 annunciabitis

54 3170 78 3210 et
92 3160 298 3211 resurrectionem
318 3174 395 3210 meam
413 3162 585 3225 protltebimiui
604 3162 682 3212 donec
699 3163 800 3211 reniam.

136 3245 191 3309 Syri
210 3253 234 3294 et
244 3245 374 3295 blaronitae
392 3261 446 3295 cum
465 3245 566 3295 ecelesia
585 3247 691 3296 llomana
711 3248 784 3296 iuncti
803 3247 864 3296 banc
877 3247 966 3295 babent
977 3246 1171 3296 consecrationis
1182 3245 1328 3296 lormulam:

52 3330 178 3380 &tollens
195 3343 279 3379 rocem
297 3330 383 3393 accipit
401 3331 505 3381 bostiam
524 3339 547 3380 et
564 3330 634 3380 dicit:
654 3331 679 3380 lu
699 3331 737 3380 die
756 3330 806 3389 illa,
831 3346 892 3395 qnae
910 3332 1042 3394 praecessit
1059 3331 1198 3395 passionem
1216 3331 1267 3380 eius
1286 3345 1327 3381 ac·

53 3415 117 3478 cepit
134 3428 223 3480 pacem
238 3414 263 3463 iu
283 3428 368 3465 manns
384 3429 442 3465 suas
459 3424 556 3465 sanetas
573 3423 597 3464 et
614 3415 712 3465 elevetis
730 3415 807 3465 oeulis
825 3416 876 3464 nnis
895 3416 923 3465 ad
936 3416 969 3465 Te
981 3416 1056 3465 llenm
1074 3423 1167 3479 patrem
1185 3430 1256 3465 suurn
1274 3429 1328 3464 om-

54 3501 215 3562 nipotentem,
232 3498 284 3548 'libi
303 3500 391 3560 gratias
410 3500 466 3562 egit,
483 3500 612 3560 benedixit,
630 3499 785 3550 sanctificavit
803 3501 922 3560 etfregit,
946 3500 1058 3564 deditque
1076 3500 1202 3564 discipulis
1220 3500 1271 3549 suis
1289 3499 1327 3548 di-

54 3597 122 3632 neus:
143 3582 196 3632 lloc
215 3590 252 3632 est
274 3597 363 3646 corpus
381 3597 471 3633 mcum.
504 3584 534 3633 Et
551 3585 620 3648 ponit
638 3581 807 3634 eucharistiam
825 3583 1014 3646 snperlliseum,
1033 3599 1094 3645 penu
1109 3585 1182 3632 tleotit
1199 3592 1223 3631 et
1241 3582 1328 3644 accipit

54 3668 158 3718 Calicem
176 3683 207 3717 ac
223 3668 294 3717 dicit:
312 3668 390 3717 Simili
408 3678 487 3718 antem
506 3669 578 3719 modo
597 3677 725 3733 postquam
746 3675 903 3716 caenarerunt
920 3670 1013 3731 aceepit
1030 3668 1054 3716 in
1073 3682 1158 3717 manus
1176 3680 1233 3715 snas
1251 3679 1325 3730 paras

54 3767 140 3816 purum
165 3753 231 3801 bnne
248 3752 347 3802 calicem
367 3760 390 3802 et
408 3753 496 3815 gratim
514 3753 555 3803 tibi
574 3754 630 3814 egit,
653 3752 773 3802 benedixit
791 3759 815 3801 et
831 3752 986 3802 sanctificerit
1003 3752 1115 3817 deditque
1132 3750 1258 3814 discipulis
1275 3751 1327 3800 suis

54 3837 151 3888 dicens:
172 3837 288 3902 decipite,
312 3836 386 3887 bibite
410 3852 438 3887 et
459 3852 488 3887 eo
512 3852 606 3897 omnes,
629 3837 669 3887 bic
692 3845 729 3886 est
752 3836 815 3885 enim
840 3835 900 3885 calix
917 3837 1040 3898 sanguinis
1059 3837 1105 3886 mei
1123 3835 1177 3884 noui
1195 3843 1218 3883 et
1235 3834 1328 3885 aeterni

54 3921 211 3983 Testamenti,
236 3923 376 3985 mysterium
402 3921 456 3971 lldei
481 3922 521 3987 qui
539 3937 584 3986 pro
603 3923 670 3972 robis
688 3930 713 3971 et
730 3937 774 3986 pro
793 3921 875 3970 multis
893 3922 1021 3971 effunditur
1039 3922 1062 3970 iu
1080 3920 1249 3970 remissionem
1266 3935 1327 3984 pec·

54 4014 170 4057 catorum.

136 4090 193 4154 Cpr.
218 4090 264 4149 oni
280 4104 335 4140 cum
352 4100 439 4154 sponte
457 4090 530 4140 bomo
549 4092 627 4142 lactus
645 4092 668 4141 in
687 4105 799 4140 mensure
818 4090 921 4140 bumana
939 4090 1060 4150 crevisset,
1084 4103 1132 4140 nnn
1152 4099 1231 4140 tamen
1249 4090 1326 4153 gloria

55 4190 93 4225 sna
111 4176 245 4226 destitutus
263 4183 309 4236 est,
326 4189 404 4240 neque
422 4175 567 4227 diuinitatem
586 4190 656 4225 snum
674 4176 761 4237 emisit,
780 4175 824 4225 sed
842 4174 877 4224 rel
895 4187 949 4223 cnm
968 4174 1105 4224 incarnatus
1124 4183 1169 4236 est,
1193 4176 1257 4225 idem
1275 4183 1328 4225 erat

56 4260 160 4322 rubum,
191 4261 311 4324 sepientis
333 4268 358 4310 et
381 4260 453 4310 rirtus
482 4261 525 4310 liei
552 4261 629 4311 Patris
653 4261 794 4312 naturaliter
818 4269 841 4309 et
863 4258 1060 4320 substantialiter,
1084 4267 1107 4308 et
1135 4261 1237 4309 lormnm
1265 4261 1327 4310 serti

56 4357 97 4403 pro
112 4345 195 4396 salute
213 4353 238 4395 et
255 4345 300 4397 rita
318 4352 401 4397 nostra
419 4346 534 4410 suscepit
561 4345 605 4395 llic
622 4346 686 4395 euim
709 4354 764 4396 ante
781 4344 910 4394 salutarem
929 4357 996 4393 susm
1016 4344 1153 4408 passionem
1171 4345 1264 4408 accepit
1281 4359 1326 4409 pa·

10 4430 12 4485 j
56 4442 105 4480 sen
128 4432 154 4482 in
178 4438 276 4481 sanctas
300 4445 386 4481 menas
409 4445 466 4481 snas
490 4438 514 4481 et
536 4430 657 4480 benedixit
674 4438 697 4480 et
714 4430 785 4493 tregit
802 4429 948 4493 tradensque
965 4429 1091 4493 discipulis
1108 4429 1159 4479 suis
1177 4429 1235 4479 dixit
1243 4418 1253 4477 τ’
1274 4429 1327 4480 lloe

56 4522 89 4564 est
104 4531 196 4581 eorpus
214 4530 305 4579 meum,
323 4515 388 4582 quod
405 4531 447 4568 ros
464 4523 489 4569 et
506 4515 596 4568 multos
614 4516 698 4567 lideles
716 4492 845 4581 praepe'rnt
862 4514 893 4566 ad
909 4515 981 4565 ritum
998 4513 1260 4566 soeculisaeenlornm.
1279 4514 1326 4564 l‘o-
1382 4514 1385 4521 ’
