3044 4912
710 243 780 320 163

128 423 309 502 κοινωνίαν
344 421 617 525 μακαριότητος
652 425 748 524 ζωῆς
782 424 939 503 αλωνίου
971 425 1035 501 καὶ
1067 424 1301 527 ἀφθαρσίας,
1337 433 1388 514 εἰς

128 526 329 629 δοξολπγίαν
359 535 428 602 τοῦ
460 528 651 635 παναγίου
682 552 752 603 σου
786 524 984 626 ὀνόματος,
1020 533 1071 613 ελς
1103 529 1239 629 ἄφεσιν
1264 528 1388 631 ἀμαρ-

126 637 210 719 ιιῦν,
233 632 299 704 ἵνα
326 653 397 704 σου
421 628 486 703 καὶ
509 631 552 705 ἐν
576 626 712 728 τούτῳ,
737 629 871 714 καθιύς
892 629 957 705 καὶ
982 633 1024 706 ἐν
1049 629 1174 720 παντί,
1200 629 1387 730 δοξοίσθη,

125 730 173 804 καί
203 727 401 829 ὐμνήθηίλ
432 729 476 804 τὸ
511 728 699 834 πανοίγιαν
732 731 797 806 καὶ
831 733 983 828 ἔντιμον
1017 731 1081 806 καὶ
1113 731 1388 833 δεδοξασμένον

125 857 179 908 σου
201 835 323 928 ὄνομα
349 832 423 908 σὺν
439 832 562 945 Ἰησοῦ
587 837 743 933 Χριστῷ
767 832 832 908 καὶ
857 832 955 935 ἁγίῳ
978 829 1174 931 πνεύματι.

666 961 704 1032 ‘0
733 962 827 1048 λαός.

114 1134 119 1140 ‚
173 1052 309 1149 Ὥςπερ
335 1045 383 1147 ἦν
406 1051 471 1125 καὶ
495 1053 607 1169 ἕρτιν.

654 1164 694 1234 ‘0
716 1164 833 1259 ἱερεύς.

81 1293 84 1297 ·
183 1256 309 1330 XVIII.
352 1249 491 1353 Εἰρήνη
517 1261 644 1329 πᾶσιν.

630 1383 669 1453 ‘O
691 1384 855 1469 διάκονος.

183 1469 461 1573 Προςεύξασθε.

457 1602 495 1673 ‘0
519 1603 626 1694 ίερεύς
646 1599 778 1691 εὐχοταο
796 1602 883 1677 καθ’
906 1602 1035 1675 ἑαυτόν.
1486 1676 1489 1681 ,

185 1707 249 1785 θεὲ
275 1706 413 1809 φωτός,
438 1709 617 1811 γίννητορ
646 1706 753 1808 ζωῆς,
781 1708 918 1813 ἀρχηγὲ
940 1707 1106 1810 χοίριτος,
1135 1708 1269 1808 ποιητά
1296 1705 1388 1785 αλαί-
1520 1705 1522 1718 '

123 1839 198 1902 νων,
223 1809 434 1906 θεμελιωτά
460 1808 647 1940 γνώσεως,
672 1811 822 1912 δωροτά
848 1810 996 1911 σοφίας,
1023 1811 1194 1910 θησαυρί
1221 1809 1387 1914 ἀγιωσύ-

123 1941 184 2010 νης,
208 1909 412 1989 διδάσκαλε
437 1921 560 2008 τυχῶν
583 1917 784 2014 καθαρῶν,
811 1921 935 2013 ψυχῆς
959 1912 1144 2015 εὐεργέτα,
1172 1913 1192 1988 ὃ
1217 1919 1294 1997 τοῖς
1311 1913 1389 1988 ὐλι-

123 2011 287 2116 γοψύχοις
318 2020 379 2109 ,εἰς
419 2014 459 2089 σε’
491 2018 700 2090 πεπεοθοῦσι
730 2014 862 2100 διδοὺς
893 2015 919 2088 ἀ
951 2017 1206 2112 ἐπιθυμοῦσιν
1237 2008 1387 2140 ἄγγελοί

124 2125 344 2216 παρακῦψαι·
380 2114 633 2219 ὃάναγαγὼν
657 2116 757 2213 ἡμᾶς
780 2119 820 2202 ἐξ
844 2112 1017 2214 ἀβύσσου
1044 2121 1096 2200 εἰς
1121 2123 1216 2213 φῶς,
1249 2111 1388 2201 οδούς

79 2258 81 2267 ·
124 2215 197 2312 ἡμῖν
221 2221 261 2294 ἐκ
287 2214 463 2294 θανάτου
489 2217 601 2316 ζωήν,
628 2216 920 2317 ὃχαρισοίμενος
935 2217 1027 2314 ἡμῖν
1042 2220 1084 2292 ἐκ
1100 2214 1270 2301 δουλείας
1286 2219 1388 2293 ἐλευ-
1467 2259 1470 2269 ·

127 2320 257 2419 θερίαν,
294 2318 314 2396 ὅ
347 2318 392 2395 τὸ
426 2323 467 2396 ἐν
491 2319 584 2416 ἡμῖν
609 2317 739 2404 σκύευς
764 2327 829 2418 τῆς
855 2317 1040 2418 ἁμαρτίας
1065 2317 1130 2394 διὰ
1155 2325 1221 2415 τῆς
1245 2347 1389 2416 παρου-

79 2470 81 2490 2
128 2419 191 2506 οίος
212 2430 283 2497 τοῦ
307 2429 536 2524 μονογενοῦς
561 2444 631 2496 σου
664 2421 751 2497 Υἱοῦ
770 2418 897 2512 λύσας,
924 2420 1038 2505 αὐτὸς
1053 2416 1117 2497 καὶ
1134 2426 1208 2497 νῦν
1224 2419 1388 2495 δέσποτα

79 2522 83 2545 ’
128 2518 208 2620 κύριε
240 2521 306 2599 διά
339 2531 404 2619 τῆς
436 2518 700 2621 ἐποφοοτήσεως
732 2531 801 2598 τοῦ
832 2522 1022 2625 παναγίσυ
1058 2548 1127 2599 σου
1162 2519 1387 2619 πνεύματος,

129 2621 348 2728 καταύγασσν
373 2622 460 2708 τούς
487 2624 712 2721 ὀφθαλμούς
736 2631 802 2722 τῆς
827 2623 997 2709 διανοίας
1020 2623 1143 2723 ἡμῶν,
1177 2629 1228 2708 εἰς
1253 2623 1296 2698 τδ
1321 2652 1389 2721 με·

129 2729 284 2824 ταλαβεῖν
318 2724 573 2825 ἀκατακρίτως
605 2727 700 2824 τῆςί)
728 2723 930 2803 ἀθανάτου
955 2726 1020 2802 καὶ
1045 2725 1270 2826 ἐπουρανίου
1295 2722 1388 2801 ταύ«

131 2851 176 2920 ἵης
196 2835 353 2926 τροφῆς·
386 2827 451 2903 καὶ
477 2826 636 2928 ἁγίασον
660 2826 759 2924 ἡμᾶς
784 2827 961 2914 ὁλοτελαῖς
993 2836 1110 2926 ψυχῇ,
1144 2825 1290 2923 σώματι
1323 2823 1387 2903 καὶ

132 2925 302 3026 πνεύματι,
327 2931 392 3005 ἵνα
416 2928 511 3025 μετὰ
536 2937 614 3005 τῶν
641 2927 761 3030 ἁγίων
788 2954 857 3005 σου
883 2934 1072 3027 μαθητῶν
1088 2929 1152 3004 καὶ
1168 2925 1388 3005 ἀποστόλων

132 3029 266 3126 εἴπωμεν
293 3028 353 3107 σοὶ
377 3029 447 3128 τὴν
472 3029 676 3128 προςευχὴν
700 3027 855 3128 ταύτην,
881 3028 938 3122 τύ,

188 3128 343 3231 Πάτερ
368 3131 499 3230 ἡμῶν
526 3130 546 3206 ὃ
571 3133 620 3208 ἐν
645 3138 743 3217 τοῖς
769 3133 1010 3233 οὐρανοῖς,
1036 3130 1171 3206 καὶτὰ
1197 3133 1287 3228 ἑξῆς.

186 3243 368 3340 Ἓκφύνως.
414 3231 503 3309 Καὶ
527 3233 823 3319 καταξίωσον
848 3233 969 3333 ἡμᾶς
994 3232 1198 3309 δέσποτα
1224 3229 1389 3332 φιλοίν-

134 3332 267 3432 θρωπε
302 3333 433 3436 κύριε
467 3333 584 3432 μετὰ
619 3333 907 3433 παρρησίας,
951 3335 1303 3435 ἀκατακρίτως,
1339 3339 1389 3413 ἐν

134 3440 298 3537 καθαρᾷ
339 3435 540 3535 καρδίᾳ,
587 3445 712 3536 ψυχῇ
753 3438 1112 3537 πεφωτισμίνη,
1158 3441 1205 3512 ἐν
1247 3439 1390 3512 ἀπαι-

135 3536 293 3638 ῦχύντφ
326 3536 572 3636 προςαίπῳ,
607 3537 916 3640 ἡγιασμένοις
944 3539 1175 3635 χείλεσιν,
1208 3545 1390 3634 τολμᾷν

134 3634 444 3716 ἐπικαλεῖσθαί
479 3664 526 3714 σε
550 3639 634 3715 τὸν
660 3644 708 3717 ἐν
732 3645 831 3724 τοῖς
857 3640 1082 3740 οὐρανοῖς
1109 3638 1247 3742 ἅγιον
1272 3637 1390 3715 θεὸν

133 3742 303 3843 ποτέρα,
330 3741 408 3818 καὶ
434 3741 596 3845 λέγειν.

669 3854 708 3924 Ὁ
736 3852 829 3938 λαός.

79 3950 82 3991 ί
189 3958 345 4060 Ποίτερ
370 3959 503 4056 ἡμῶν
529 3960 549 4034 ὁ
576 3963 623 4036 ἐν
648 3965 746 4043 τοῖς
773 3960 1008 4058 οὐρανοῖς.

586 4090 624 4160 Ὁ
647 4090 754 4181 ἱερεὺς
774 4086 915 4177 εὐχεται.

188 4195 265 4272 Ναὶ
288 4192 405 4296 κύριε,
431 4194 548 4297 κύριε,
574 4196 625 4294 μὴ
652 4196 849 4300 ελςενέγκης
864 4196 963 4294 ἡμᾶς
980 4200 1031 4279 οῖς
1047 4194 1267 4294 πειρασμόν,
1294 4195 1390 4271 ἀλλά

128 4297 221 4388 δῦσαι
244 4298 343 4396 ἡμᾶς
369 4298 537 4375 ἀπὸτοῦ
563 4307 739 4398 πονηροῦ.
770 4299 915 4398 oldest)
941 4298 1015 4401 γὰρ
1041 4296 1064 4395 ἡ
1091 4296 1204 4396 πολλή
1231 4322 1300 4373 σου
1326 4299 1390 4374 εὐ-

200 4436 223 4496 1)
239 4438 326 4483 Fabric.
344 4438 465 4485 οιΝεεΙὶιιε
482 4440 617 4485 interserunt
634 4433 678 4482 καλ
696 4428 826 4504 ἀγιοίσθη.
858 4441 890 4483 Ιιε
909 4440 977 4485 lutino
992 4439 1146 4486 Ιοοποοεοὸ.
1157 4439 1253 4486 Andron.
1304 4437 1329 4499 2)
1348 4439 1392 4483 Fa·

129 4497 174 4547 λύε.
190 4512 211 4550 ει
225 4506 316 4552 nediu·
331 4503 379 4556 τοῦ
396 4500 447 4555 ἀθ.
518 4507 543 4568 3)
560 4508 651 4553 Nonius
669 4499 733 4554 οὐδε.

1124 4585 1191 4677 '‘ss'‘
1238 4650 1253 4661 „
1311 4614 1314 4621 ι
