3044 4912
596 429 785 501 Θεοτόκιον.

130 535 309 620 ’Ἔνδοξον
342 533 392 618 ῶς
425 534 611 633 στέφανον
645 535 754 637 ἁγνὴ,
788 533 950 633 ἡφύσις
975 541 1098 636 ι’ίληφε
1123 537 1190 613 τὸν
1217 543 1325 616 θεῖον

93 634 168 714 ὀιον
193 663 275 726 σου,
303 639 455 734 ἐχθρῶν
481 636 706 738 ἀπείργοντα
731 635 928 739 φάλαγγας
951 638 1015 712 καί
1040 648 1204 714 νικῶντα
1229 642 1325 716 κατὰ

93 735 191 823 ιάτος
215 734 363 823 αὐτούς.
416 736 485 812 Διὸ
515 741 684 835 χαρίτων
710 763 779 815 σου
804 739 983 838 φαιδροῖς
1007 739 1324 842 καταστεφόμενοι

93 842 238 929 ιλαΐαις,
267 839 306 915 σε’
333 840 578 936 ἀνυμνοῦμεν
602 837 818 938 πανύμνητε
844 839 1032 917 δέσποινα.

569 969 660 1063 Ὠιδή
684 970 809 1065 ἐννάτη.

140 1083 288 1151 Νεῦσον
314 1072 527 1173 οὐρανόθεν
552 1077 757 1176 ολκτίρμον,
787 1072 909 1162 δεῖξόν
936 1101 1004 1153 σου
1030 1076 1073 1151 τὸ
1098 1079 1195 1164 ἔλεος
1219 1088 1326 1173 πάσι,

93 1188 122 1265 λς
146 1187 219 1254 νῦν
244 1177 313 1274 τήν
338 1177 537 1275 ἀντίληψιν
561 1176 631 1274 τήν
656 1179 726 1276 σήν
750 1179 813 1254 καί
838 1177 907 1276 τήν
928 1182 1039 1275 ίσχυν
1057 1203 1125 1255 σου
1142 1188 1195 1279 τῷ
1214 1210 1325 1280 προς-

94 1309 153 1356 ντι
190 1306 260 1368 σοι,
296 1279 359 1355 διὰ
396 1288 464 1355 τοῦ
499 1278 609 1354 θείου
641 1281 847 1379 χρίσματος
881 1288 959 1355 τῶν
990 1281 1118 1378 ἱερέων
1145 1307 1226 1373 σου,
1262 1312 1326 1381 φι-

93 1379 269 1474 ίνθρωπε.

131 1484 287 1578 ’Ίδωμεν
321 1479 521 1583 πανάγαθε
555 1490 673 1579 σῶτερ
706 1478 978 1586 ἀγαλλιώμενοι
1001 1483 1044 1560 τὸ
1069 1488 1177 1561 θεῖον
1203 1488 1326 1563 ἔλαιον

93 1594 150 1681 ιπῇ
178 1613 247 1659 σου
273 1586 406 1683 ἐνθέῳ,
433 1582 523 1679 ὑπὲρ
549 1581 728 1679 μετόχους
754 1584 842 1683 ὅπερ
868 1587 1110 1683 προςείληφας
1135 1588 1198 1663 καὶ
1218 1617 1326 1665 τυπι-

92 1695 131 1770 ῖις
155 1685 376 1781 μετέδωκας,
403 1693 562 1778 λουτροῦ
587 1694 655 1761 τοῦ
681 1686 791 1762 θείου
816 1692 893 1770 τοῖς
917 1688 1144 1784 μετέχουσιν.

144 1793 348 1885 Οἴκτειρον,
374 1788 533 1882 ἐλέησον,
560 1795 691 1883 σῶτερ,
717 1792 825 1883 ῥῦσαι
852 1787 989 1865 δεινῶν
1012 1790 1076 1864 καί
1093 1787 1326 1892 ἀλγηδόνων,

93 1887 244 1985 ίτρωσαι
277 1892 400 1985 βελῶν
424 1897 492 1964 τοῦ
517 1897 683 1986 πονηροῦ
706 1887 794 1973 τοὺς
819 1888 908 1973 σούς
933 1892 1085 1978 οἰκέτας,
1112 1893 1238 1988 ψυχάς
1262 1893 1326 1967 καί

93 1989 227 2089 όματα,
255 1991 305 2074 ῶς
330 1987 493 2087 ἐλεήμων
516 1987 655 2088 κύριος,
678 1986 804 2089 χάριτι
829 1992 917 2088 θείᾳ
943 1988 1147 2085 ἐξιῶμενος.

597 2122 785 2193 Θεοτόκιον.

136 2226 292 2321 Ὑμνούς
326 2225 389 2300 καὶ
426 2223 577 2323 δεήσεις,
613 2226 791 2324 παρθένε,
827 2227 1097 2325 προςδεχομένη
1132 2235 1211 2302 τῶν
1247 2237 1327 2305 σῶν

93 2325 218 2417 τύλων,
245 2333 353 2424 ῥῦσαι
377 2336 551 2422 χαλεπῶν
576 2324 816 2426 παθημάτων
841 2328 904 2403 καὶ
921 2325 1142 2430 ἀλγηδόνων
1156 2335 1237 2413 ταῖς
1253 2329 1326 2404 ἱκε-·

93 2430 155 2514 ἀις
188 2455 256 2504 σου
289 2429 357 2504 τὸν
389 2429 441 2503 δι’
469 2429 591 2526 ήμῶν,
625 2427 875 2526 πανάχραντε,
910 2438 957 2526 τῇ
991 2431 1080 2528 θείᾳ
1117 2430 1230 2528 σκέπη
1257 2455 1325 2506 σου

93 2532 336 2630 ροςτρέχοντα.
886 2558 890 2563 ·

133 2632 256 2718 ’Άξιόν
282 2637 382 2706 ἐστιν
408 2632 458 2715 ῶς
484 2632 637 2729 ἀληθῶς
660 2630 879 2730 μακαρίζειν
896 2657 935 2706 σε
952 2632 1020 2728 τήν
1036 2629 1232 2721 θεοτόκον,
1257 2632 1326 2729 τὴν

93 2733 345 2831 ιιμακάριστον
370 2735 432 2809 καὶ
459 2732 740 2831 πανάμωμητον
764 2736 828 2810 καὶ
852 2734 992 2831 μητέρα
1009 2742 1078 2810 τοῦ
1098 2739 1192 2809 Θεοῦ
1206 2733 1326 2830 ήμῶν.

147 2836 223 2932 Τὴν
247 2838 470 2932 τιμιωτέραν
494 2864 526 2937 p.
542 2839 627 2912 372.

513 2964 835 3054 Ἕξαττοστειλάριον.
844 2973 865 3048 ¹)

137 3074 199 3146 Ἐν
232 3072 330 3168 ἐλέῳ,
365 3069 500 3171 ἀγαθέ,
534 3071 735 3167 ἐπίβλειμον
768 3077 823 3167 σῷ
858 3070 998 3164 ὄμματι
1023 3069 1081 3144 ἐπὶ
1106 3072 1175 3167 τὴν
1200 3070 1327 3168 δέησιν

93 3183 168 3249 τῶν
199 3182 278 3248 τῶν
311 3168 575 3247 συνελθόντων
601 3176 641 3247 ἐν
666 3180 720 3268 τῶ
746 3180 827 3268 ναῷ
854 3180 923 3246 σοῦ
948 3178 1002 3268 τῷ
1028 3169 1124 3273 ἀγίῳ
1152 3169 1326 3273 σήμερον,

93 3274 304 3375 ρίσακθείῳ
330 3273 439 3371 ἐλαίῳ
465 3282 670 3358 νοσοῦντας
696 3272 783 3357 τοὺς
808 3269 966 3356 δούλους
991 3297 1070 3349 σου.

284 3405 344 3487 Εἷς
365 3406 443 3486 τοὺς
464 3402 577 3487 οἴνους
599 3419 641 3492 (p.
657 3413 731 3489 319)
753 3405 889 3496 στιχηρὰ
910 3403 1108 3494 προςόμοια.

135 3511 300 3594 Ἕδωκας
325 3511 393 3606 τήν
415 3508 529 3608 χάριν
556 3537 638 3600 σου,
663 3509 728 3586 διά
744 3519 823 3587 τῶν
841 3519 932 3600 σῶν,
959 3507 1206 3598 εύδιάλλακτε,
1233 3506 1328 3587 ἀπο-

93 3611 217 3702 τόλων,
251 3610 510 3711 φιλάνθρωπε,
544 3612 654 3710 ἐλαίῳ
687 3611 783 3740 ἀγίῳ
810 3636 891 3701 σου,
924 3607 1148 3705 θεραπεύειν
1173 3606 1329 3689 πάντων

93 3713 200 3816 ληγάς
224 3744 262 3787 τε
288 3712 351 3788 καὶ
375 3711 520 3799 νόσους.
550 3712 618 3788 Διὸ
644 3717 753 3811 ἐλαιῳ
780 3737 849 3788 σου
875 3721 1014 3796 πιστῶς
1037 3710 1104 3786 τὸν
1128 3702 1338 3809 προςιάντά·

93 3815 121 3890 ιὶ
153 3824 224 3891 νῦν
250 3815 300 3899 ῶς
326 3817 576 3918 εύσπλαγχνος
600 3814 771 3917 ἀγίασον,
806 3813 972 3912 ἐλέησον,
1006 3811 1186 3897 παντοίας
1209 3811 1327 3891 νόσου

93 3916 273 4013 ιθάρισον
299 3917 361 3991 καὶ
377 3925 522 4016 τρυφῆς
538 3924 602 4013 τής
619 3914 826 4016 ἀφθάρτου
843 3941 912 3991 σου
930 3913 1174 4004 καταξίωσον,
1201 3913 1326 4015 Κύριε.

144 4021 293 4114 Βλέψον
321 4020 563 4116 ἀκατάληπτέ,
597 4021 636 4103 ἐξ
660 4015 885 4115 οὐρανόθεν,
919 4016 970 4102 ῶς
995 4016 1259 4117 εύσπλαγχνος,
1285 4020 1340 4111 ἐν

93 4121 153 4218 ειρὶ
178 4119 326 4217 ἀοράτῳ
353 4147 421 4195 σου
445 4118 667 4222 σφραγίσας,
695 4116 953 4219 φιλάνθρωπε,
978 4117 1045 4202 τάς
1064 4116 1173 4213 ήμῶν
1190 4112 1329 4215 αἰσθή-

93 4253 134 4307 εις
159 4223 268 4320 ἐλαίῳ
295 4250 363 4295 σου
390 4222 496 4320 θείῳ,
528 4222 596 4297 τὸν
621 4219 908 4320 προςδραμόντα
935 4246 993 4295 σοι
1019 4227 1157 4304 πιστῶς
1182 4220 1245 4296 καί
1269 4222 1327 4305 ἐξ·

93 4333 237 4400 ετοῦντα
270 4320 514 4419 πταισμάτων
547 4325 694 4423 ἄφεσιν,
728 4322 791 4399 καὶ
822 4320 989 4424 δῶρησαι
1015 4322 1083 4418 τήν
1108 4325 1225 4413 ίασιν,
1258 4319 1329 4420 τήν

148 4515 173 4577 1)
190 4513 306 4566 contem
324 4512 445 4564 Lexidion.
