3044 4912
722 318 796 392 403

119 500 350 582 superpositum
372 512 488 575 teneus,
511 502 613 565 derha
634 521 705 566 vero
726 504 813 568 thure
835 504 945 578 oblato,
969 504 1162 568 Sacerdotem
1185 506 1309 570 calisam
1331 526 1393 570 am·

110 602 222 666 bobus
251 602 390 665 manibus
413 611 576 681 gerentem,
602 613 774 679 veneratum
803 624 860 668 uec
881 614 962 669 recta
986 612 1054 668 ante
1077 606 1324 687 illumgraditur,
1354 627 1393 671 ne

118 714 210 784 terga
231 715 335 778 vertat,
358 706 410 767 sed
434 706 499 784 ipsa
522 704 655 767 maioris
666 704 763 768 cultus
786 707 890 786 gratia,
913 707 1097 786 retrogradis
1119 710 1182 770 lere
1199 709 1340 789 passibus
1356 710 1393 772 ad
1481 732 1488 739 ·

120 824 245 869 sacrum
273 824 370 886 usque
391 805 521 868 tribunal
547 806 677 882 incedit,
705 806 756 868 ubi
784 808 865 871 iuxta
895 808 985 870 ritum
1019 808 1070 872 hic
1103 828 1278 890 expressum
1307 830 1392 875 sacra

120 907 205 970 dona
233 907 433 987 deponuntur.
475 908 514 970 Et
540 908 660 971 mndem
689 909 717 970 si
739 909 886 972 Sacerdos
909 910 1023 989 absque
1045 910 1154 972 comite
1177 912 1308 974 Diacouo
1331 930 1420 993 ατη.

120 1009 251 1072 sterium
272 1009 416 1089 perficiat
440 1011 565 1073 Lectore
586 1011 805 1089 sullumigaute‚
835 1009 933 1091 capito
955 1020 985 1075 et
1006 1011 1128 1074 sinistra
1149 1030 1240 1075 manu
1261 1013 1392 1089 Discum,

122 1111 230 1174 dextra
258 1128 328 1172 vero
358 1122 425 1172 ante
451 1119 557 1191 pectus
585 1121 721 1174 sanctuni
750 1110 873 1174 codicem
896 1122 1054 1186 sustentat,
1084 1123 1114 1175 et
1135 1114 1247 1195 populo
1269 1132 1393 1177 reuera-

120 1211 238 1284 buudo,
268 1211 474 1291 procumbenti
503 1222 533 1274 et
560 1213 696 1275 adoranti
725 1214 791 1295 ipse
818 1215 976 1295 utrobique
1007 1214 1130 1277 vocibus
1158 1233 1248 1296 supra
1283 1215 1392 1291 allatis,

121 1314 210 1392 regni
234 1313 373 1375 coelestis
397 1313 506 1392 ingerit
527 1314 709 1376 memoriam.

211 1413 264 1476 illa
287 1416 444 1494 processio
466 1433 482 1475 a
505 1416 640 1495 prothesi
662 1416 700 1478 ad
724 1414 816 1478 altare
832 1416 937 1479 eodem
953 1417 1091 1480 sollemni
1108 1426 1252 1497 apparatu
1265 1418 1299 1479 lit
1314 1418 1394 1497 apud

122 1519 230 1597 Syros,
252 1517 397 1597 Coptitas,
419 1517 593 1597 Aethiopes,
614 1535 650 1577 eo
674 1527 788 1580 tantum
810 1518 994 1591 discrimine,
1017 1518 1096 1599 quod
1120 1518 1224 1580 Graeci
1248 1536 1312 1581 eam
1335 1518 1394 1580 dit·

122 1619 226 1681 lerunt
249 1637 343 1698 usquc
366 1616 402 1679 ad
425 1618 586 1698 perlectam
602 1618 755 1698 Evangelii
777 1619 947 1692 lectionem,
971 1619 1013 1683 illi
1029 1622 1230 1700 praemittunt.
1261 1620 1393 1682 Etsem·

121 1738 182 1801 per
204 1727 267 1780 erat
288 1719 366 1780 inter
387 1719 521 1792 Latinos,
545 1720 594 1800 qui
618 1719 787 1783 Orientales
809 1732 996 1795 accusarunt,
1020 1720 1100 1802 quod
1123 1740 1207 1784 sacra
1230 1720 1319 1795 dona,
1341 1740 1395 1784 an·

124 1832 248 1901 tequam
278 1839 332 1901 per
360 1821 617 1882 consecrationem
644 1830 840 1885 transmutata
869 1823 997 1885 luissent
1024 1823 1055 1883 in
1084 1841 1195 1903 corpus
1225 1822 1336 1885 Christi
1364 1832 1395 1885 ct

123 1922 320 2001 sanguinem,
356 1922 415 1983 illis
452 1921 618 1984 honoribus
648 1931 915 2003 prosequerentur,
954 1923 1004 2003 qui
1032 1923 1121 1984 nudis
1151 1923 1306 1985 elementis
1333 1941 1394 1985 nou

122 2032 254 2106 possent
280 2023 455 2097 convenirs3
484 2025 574 2085 immo
603 2042 664 2085 uon
692 2024 859 2097 doluerunt,
888 2024 940 2104 qui
960 2023 1049 2086 huius
1070 2023 1282 2104 prostrationis
1303 2040 1394 2085 causa

121 2123 326 2188 idololatriam
350 2125 544 2186 orientalibus
573 2125 835 2206 exprobraverunt.
879 2125 939 2189 Sed
961 2125 1109 2202 negabant
1132 2126 1236 2187 Graeci
1258 2125 1394 2225 douaqse
1444 2198 1449 2205 Ι

123 2239 196 2290 ante
219 2227 474 2289 consecrationem
497 2227 622 2290 adorare
644 2228 698 2289 sed
721 2226 870 2289 venerari:
894 2244 954 2287 uon
977 2235 1007 2288 ut
1028 2244 1131 2290 verum
1149 2225 1260 2288 Christi
1284 2243 1393 2307 corpus

124 2328 176 2394 cui
198 2348 286 2390 serus
308 2321 463 2411 λατρείας
489 2328 585 2391 cultus
608 2326 781 2402 debebatur,
811 2345 908 2409 neque
929 2328 1079 2389 honorare
1101 2336 1215 2390 tantum
1237 2336 1270 2390 ut
1291 2345 1394 2391 sacras

122 2430 283 2509 imagines,
306 2431 358 2492 sed
382 2430 580 2509 anticipantes
604 2429 731 2510 quadam
753 2430 945 2492 veneratione
967 2430 1111 2510 prosequi
1134 2439 1273 2510 tanquam
1294 2438 1393 2491 trans-

124 2532 250 2595 lerenda
278 2532 399 2593 morin
423 2531 533 2593 Christi
556 2549 675 2594 caruem
698 2539 729 2593 et
749 2531 964 2610 sanguinem.¹)
1009 2532 1130 2593 Poterat
1150 2542 1306 2611 praeterea
1328 2549 1394 2594 mo-

123 2653 210 2706 uere,
238 2634 270 2694 in
291 2634 422 2695 Romana
455 2634 547 2695 missa
581 2634 670 2695 etiam
704 2642 819 2696 exstare
842 2633 922 2697 illius
945 2633 1148 2713 „anticipatus
1170 2632 1393 2695 venerationis“

122 2736 262 2813 vestigia.
305 2735 435 2796 Odertur
457 2743 525 2797 ante
553 2735 811 2798 consecrationem
833 2735 931 2797 hostia
954 2734 1152 2808 immaculata,
1174 2735 1298 2796 ollertur
1318 2733 1395 2796 calix

124 2837 276 2909 salutaris,
306 2836 496 2897 incensantur
518 2836 547 2898 in
571 2837 662 2898 missa
685 2837 834 2913 sollemni,
857 2835 996 2901 crucibus
1018 2837 1174 2912 signantur
1195 2836 1236 2897 uti
1259 2836 1394 2910 „sacriti-

124 2939 207 3002 cium
222 2936 399 3000 illibatum“.
429 2936 509 2999 llaec
524 2938 705 3000 Graecorum
720 2948 750 2999 et
763 2938 965 3000 Romanorum
979 2936 1098 3016 praevia
1114 2936 1265 2999 veneratio
1282 2938 1395 3017 optime

124 3039 304 3118 intelligitur
325 3056 359 3100 ex
381 3039 600 3101 vetustissimae
623 3038 770 3101 ecclesiae
791 3038 936 3112 moribus,
959 3053 1038 3117 quae
1061 3054 1168 3115 paucm
1192 3045 1222 3098 et
1241 3038 1343 3099 vinum
1362 3051 1395 3101 ut

122 3159 227 3203 rerum
249 3140 429 3202 sacrilicium
446 3140 507 3201 lieo
530 3139 646 3213 obtulit
670 3139 801 3201 fidelium
823 3139 956 3201 rationes
971 3148 1199 3219 repraesentans
1215 3147 1246 3200 et
1260 3138 1394 3201 devotio·

124 3260 210 3306 aem:
242 3242 357 3321 recepit
378 3261 394 3303 a
417 3243 477 3305 Deo
507 3242 536 3302 in
565 3240 671 3302 melius
701 3248 926 3303 transmutatum
958 3241 1000 3302 uti
1023 3257 1144 3302 caruem
1167 3247 1197 3302 et
1218 3239 1393 3319 sauguinem

124 3342 286 3418 hominist)

211 3445 249 3505 At
274 3462 344 3506 vero
373 3443 411 3505 de
439 3444 486 3505 bis
509 3444 540 3505 in
562 3453 717 3523 utramque
739 3451 855 3523 partem
877 3443 1024 3524 disputari
1046 3461 1147 3522 posse,
1176 3443 1297 3504 omnino
1321 3461 1393 3504 con·

126 3545 272 3609 cedimus.
316 3546 443 3607 Prorsus
465 3544 587 3624 indigua
610 3554 688 3618 sunt,
711 3555 743 3607 ut
764 3545 875 3608 rectius
897 3545 1003 3619 dicam,
1026 3544 1120 3606 risum
1135 3542 1293 3616 moventia,
1317 3560 1394 3622 quac

212 3802 237 3863 l)
259 3801 322 3852 llic.
340 3799 486 3864 bulgari:
509 3797 575 3863 ,καὶ
596 3792 636 3865 μὴ
658 3794 814 3867 στοχασθῇς
830 3789 1002 3865 ἄρταίοὶτρας
1016 3790 1064 3846 διὰ
1083 3794 1171 3859 τοῦτο,
1196 3785 1394 3862 ἢσίνοίᾶτρας

126 3879 190 3942 τοὺς
207 3877 400 3951 Χριστιανοὺς,
417 3876 511 3941 καθώς
527 3876 701 3950 ἐφίσάρισαν
716 3874 829 3932 adnotat
846 3877 944 3947 ἐχθροί
959 3878 1005 3945 τῆς
1020 3875 1159 3945 ἀληθείας,
1176 3877 1224 3929 καὶ
1240 3872 1393 3944 εὐσεβείας·

127 3962 223 4032 ἐπειδὴ
240 3967 313 4035 λέγει
329 3962 449 4036 Συμεών
467 3959 481 4019 ὁ
503 3965 713 4029 Θεσσαλονίκης,
737 3961 851 4023 δικαίοις
865 3967 1069 4034 προσπίπτουσι
1085 3957 1187 4020 πάντες
1203 3963 1260 4021 τοῖς
1275 3960 1395 4033 ἱερεῦσιν

127 4052 153 4104 τί
170 4052 275 4103 πιστοί·
299 4046 330 4103 τὸ
354 4049 417 4119 μὲν,
442 4046 488 4108 τὰς
510 4045 594 4118 εὐχὰς
616 4047 707 4101 αὐτῶν
730 4042 930 4118 ἐξαιτούμενοι,
955 4050 1002 4100 καὶ
1017 4048 1178 4118 μνησθῆναι
1194 4040 1299 4099 τούτων
1315 4045 1397 4120 ἔντη

126 4136 270 4207 ἱερουργίᾳ
287 4130 427 4204 δεόμενοι·
446 4131 475 4186 τὸ
494 4132 534 4199 δὲ,
552 4134 682 4200 τιμῶντες
699 4129 731 4185 τὰ
748 4136 812 4186 θεῖα
830 4130 920 4201 dulps·
939 4128 1035 4202 είγοὶη
1052 4127 1199 4200 uulgarium
1217 4126 1394 4203 ἱερουργηθη,

127 4216 183 4271 altt’
210 4218 243 4272 lv
264 4220 297 4290 τῇ
318 4223 450 4289 προθέσει
473 4215 645 4283 ἀνετέθησαν
661 4218 700 4284 τῷ
720 4219 791 4287 Θεῷ,
814 4218 862 4270 καὶ
879 4213 893 4271 ὁ
911 4214 1000 4286 lagerio
1016 4216 1103 4271 ίαεῖσε
1121 4210 1205 4284 εὐχὴν
1221 4213 1340 4287 ἀνέφερε
1357 4217 1396 4282 aqi

131 4303 200 4370 Θεῷ,
218 4304 267 4355 καὶ
283 4303 485 4372 προςδίξασίαι
502 4306 585 4355 ταῦτα
602 4299 681 4355 eluar
697 4303 739 4362 είς
754 4301 784 4355 sd
801 4299 861 4354 drab
877 4295 1103 4370 θααιαστήριαν.“

171 4416 176 4427 “
214 4406 240 4468 2)
265 4408 370 4459 Omnino
396 4408 443 4459 dici
466 4416 556 4474 potest,
581 4409 686 4460 Graecos
703 4410 726 4460 in
745 4409 827 4474 quasis
845 4407 916 4458 ldisaa
934 4421 1048 4472 pompam
1067 4406 1155 4456 docere
1172 4404 1395 4468 sollemnissimam,

129 4505 178 4575 qua
195 4500 283 4543 ornant
300 4492 399 4544 Romani
417 4494 505 4545 tostum
524 4492 634 4560 eorporis
653 4493 750 4557 Christi,
768 4494 800 4545 ita
817 4500 897 4545 tameo
915 4500 941 4544 ut
957 4491 1184 4558 procedautiiraaci
1203 4504 1256 4542 com
1269 4490 1396 4542 alsmantia

131 4576 238 4630 sonmo
254 4578 410 4630 scammata.
