3044 4912
1285 254 1293 286 λ

522 283 737 358 ''525

65 468 120 554 ῶς
123 465 309 597 νεόφυια
335 468 471 540 ἐλαιῶν
495 459 619 563 κύκλῳ
643 474 709 562 τῆς
731 465 983 563 τρασιέζης’
938 476 1082 543 αυτῶν·
1119 465 1183 541 καὶ
1208 464 1337 563 εῦαρε-

65 566 268 668 στήσαντες
292 563 452 643 ἐνώπιόν
477 590 559 655 σου,
584 564 854 696 λοίμφουσινι
825 597 876 651 ιος
897 576 1087 699 φωστῆρες
1108 566 1210 643 ἐν’
1170 571 1335 698 ουρανῶ,

10 732 12 743 .
64 675 107 749 ἔν
141 671 201 748 σοὶ
231 678 286 768 τῶ
318 666 500 766 Κυρίῳ“
478 676 599 763 ημῶν,
620 670 720 764 μεθ’
759 662 805 745 οὗ
837 666 943 759 δόξα,
975 669 1120 765 κρότος,
1153 671 1241 768 τιμὴ
1272 667 1335 745 καὶ

65 768 322 901 προςκύνησις,
354 778 408 868 τῶ
441 766 597 868 ἁνοίρχφ
631 794 700 846 σου
733 771 848 869 πατρὶ
881 771 945 846 καὶ
975 780 1030 869 τῶ
1064 770 1232 870 ζωοποιῷ
1265 795 1335 847 σου

65 872 263 970 πνεύματι,
287 880 360 949 νῦν
385 869 448 946 καί
474 871 543 961 ἀεὶ,
568 870 632 947 καὶ
656 876 707 958 εἰς
730 872 818 957 τοὺς
842 877 982 957 αἰῶνας
1006 881 1085 948 τῶν
1111 871 1271 951 amram.

147 985 292 1078 ‘0200'
274 1013 329 1069 οι.
345 968 491 1071 ,Ἀμήν
1002 1060 1006 1069 ,

146 1088 186 1160 ‘0
207 1088 372 1171 διακονος.
428 1080 504 1150 Τοῦ
529 1073 671 1171 Κυρίου
697 1074 908 1179 δεηθῶμεν.

328 1222 401 1292 Καὶ
420 1219 525 1291 πόλιν
542 1219 595 1291 6
584 1223 691 1354 tegete
710 1223 771 1315 τήν
791 1221 887 1314 εῦχήν
907 1174 1076 1315 ἐκφύσιας.

138 1325 335 1412 εςΟΘεδς
317 1357 337 1401 ο
362 1325 486 1455 ἅγιος,
506 1324 527 1401 6
553 1323 696 1413 πλοίοας
720 1331 761 1402 ἐκ
782 1327 870 1424 χοὸς
886 1328 954 1404 τὸν
945 1331 1190 1457 ἄνθρωρον,
1215 1354 1279 1402 και
1266 1325 1337 1402 ἐκ

59 1439 129 1528 τῆς
169 1437 329 1524 πλευροῖς
368 1428 487 1502 αὐτοῦ
519 1426 815 1558 ἀνοικοδομήσας
846 1436 1039 1559 ηυναῖκα,
1062 1430 1125 1504 καὶ
1159 1425 1335 1519 συζεύξας

61 1533 171 1630 αὐτῷ
180 1533 275 1659 βοη
277 1529 352 1605 θῦν
383 1529 466 1603 κατ’
497 1529 628 1619 αὐτὸν,
660 1529 725 1606 διδ
758 1530 872 1609 τὸ“
826 1561 945 1616 οσιιος
970 1532 1101 1630 ἀρέσαι
1124 1537 1170 1628 τῇ
1197 1538 1244 1626 σῇ
1269 1558 1336 1624 με·

61 1605 289 1765 γριλειότητι,
319 1630 370 1729 μὴ
397 1626 517 1717 μόνον
543 1629 700 1706 εἶναι
661 1660 730 1708 τον
756 1634 994 1762 ἄνθρφπον
988 1633 1047 1708 ἐπὶ
1072 1642 1136 1729 τῆς
1157 1640 1246 1758 φής,
1266 1632 1336 1708 αῦ-

61 1736 128 1820 τὸς
152 1735 216 1810 καὶ
240 1742 326 1833 νῦν,
352 1730 526 1821 δέσποτα,
563 1730 882 1817 ε’ξαιιόστειλον
842 1764 913 1831 την
934 1732 1041 1833 χεῖροί
1067 1761 1136 1810 σου
1162 1730 1336 1834 ἐξὰφίου

62 1834 345 1965 κριτοικητηρίου
372 1860 454 1923 σου,
479 1833 543 1908 καὶ
569 1833 737 1959 ἅρμοσον
762 1836 831 1910 τὸν
855 1834 994 1911 δοῦλόν
1018 1861 1100 1925 σου,
1124 1833 1246 1921 τόνδε,
1272 1835 1336 1911 καὶ

63 1938 141 2034 τὴν
161 1936 299 2034 δούλην
324 1959 406 2025 σου,
431 1933 603 2031 τήνδε,’
583 1964 639 2009 οτι
663 1936 766 2063 παρὰ
793 1945 862 2012 σοῦ
879 1936 1079 2033 ἁρμόζεται
1096 1936 1211 2033 ἀνδρὶ
1225 1935 1334 2067 ηυνή.

63 2035 259 2130 Σύζευξον
291 2035 428 2122 αὐτοῦς
460 2035 551 2113 ἐν
533 2036 787 2166 ομοφροσύνη.
831 2036 1088 2167 Στεφάνωσον
1122 2038 1259 2125 αὐτοὺς
1284 2043 1335 2124 είς

64 2137 188 2241 σάρκα
212 2139 319 2238 μίαν,
342 2136 497 2238 χόριοαι
522 2139 650 2224 αὐτοῖς
673 2139 820 2239 καρπὸν
843 2139 995 2229 κοιλίας,
1028 2138 1216 2224 εῦτεκνίας
1240 2136 1334 2216 ἁνιό-

63 2251 209 2318 λαυσιν.

137 2375 222 2453 Ὅτι
250 2374 319 2451 σδν
342 2374 435 2449 τὸκ
412 2371 558 2470 κρότος,
583 2375 648 2450 καὶ
673 2384 742 2451 σοῦ
766 2378 868 2452 ἐστιν
892 2407 916 2474 η
899 2369 1121 2504 τζίασιλεία,
1146 2374 1248 2503 καὶη
1234 2373 1335 2453 δύ-

63 2507 129 2575 μις
159 2477 223 2553 καὶ
260 2508 282 2572 η
268 2474 413 2565 ’δόξα,
445 2485 514 2551 τοῦ
509 2476 690 2606 ρατρὰς,
723 2478 787 2552 καὶ
812 2487 881 2553 τοῦ
906 2478 1009 2569 υἱοῦ,
1040 2479 1198 2555 καὶτοῦ
1224 2477 1335 2582 ἁγίου

63 2576 288 2676 πνεύματος,
313 2585 386 2654 νῦν
411 2578 474 2652 καὶ
500 2577 570 2667 ἀεὶ,
594 2579 658 2654 καὶ
682 2583 733 2664 εἰς
756 2579 844 2664 τοὺς
869 2585 1009 2666 αλῶνας
1032 2589 1114 2656 τῶν
1137 2576 1299 2656 αλῶνων

150 2711 222 2780 Καὶ
240 2709 326 2798 μετὰ
345 2703 385 2779 τὸ
411 2706 497 2799 ἁμήν
516 2710 629 2797 λοβῶν
649 2708 702 2781 6‘
691 2711 797 2802 ιιρεῦς
816 2713 860 2780 τὰ
879 2712 1030 2804 στέφανοι
1036 2765 1046 2796 ,
1059 2717 1091 2796 ¹)
1101 2711 1220 2804 στέφει
1242 2720 1336 2804 πρῶ-

63 2838 123 2882 τον
144 2812 202 2882 τὸν
224 2836 376 2902 νυμφιον,
399 2812 511 2899 λέγων.

150 2917 335 3014 Στέφεται
369 2913 550 2999 ἁδοῦλος
573 2925 641 2992 τοῦ
670 2921 776 3007 Θεοῦ,
811 2916 976 3008 όδεῖνα,
1009 2918 1078 3015 τὴν
1096 2914 1243 3044 δούλην
1267 2927 1336 2994 τοῦ

67 3023 176 3108 Θεοῦ,
209 3016 333 3114 τήνδε,
368 3022 419 3100 εἰς
449 3016 547 3091 τὸ”
525 3045 648 3116 ονομα
678 3027 747 3094 τοῦ
774 3018 924 3116 πατρὸς,
957 3019 1113 3093 καὶτοῦ
1139 3019 1238 3108 υἱοῦ,
1271 3020 1342 3094 καὶ

63 3129 134 3196 τοῦ
161 3119 271 3222 ἁγίου
296 3117 516 3213 πνεύματος.

366 3261 451 3335 Εἶτα
474 3267 592 3357 στίφει
612 3265 669 3335 καί
689 3269 749 3358 τήν
769 3264 901 3358 νύμφην
921 3268 1033 3356 λόγων.
1098 3286 1102 3293 “
1157 3260 1161 3267 ’

150 3371 389 3470 Στὲφεται
368 3401 392 3468 η
426 3367 540 3467 δούλη
573 3379 642 3447 τοῦ
669 3370 829 3461 Θεοῦ,“
808 3400 831 3466 η
858 3370 977 3462 δεινα,
1010 3371 1078 3448 τὸν
1102 3369 1343 3465 δοῦλον,τοῦ

68 3477 176 3600 θερῦ,
207 3473 276 3550 τὸν
307 3474 426 3562 δεῖνα,
460 3477 511 3556 είς
541 3471 585 3546 τὸ
618 3473 739 3569 ὄνομα
771 3483 839 3548 τοῦ
873 3474 1023 3576 πατρὸς,
1055 3473 1119 3550 καὶ
1142 3483 1212 3550 τοῦ
1236 3475 1335 3564 υἱοῦ,

64 3576 223 3650 καὶτοῦ
250 3574 360 3677 ἁγίου
385 3571 604 3669 πνεύματος.

298 3718 383 3792 Εἶτα
404 3719 533 3810 εὐλογῶ
554 3720 675 3805 αὐτοὺς
695 3724 776 3814 τρίς,
799 3724 901 3815 λέγων
925 3724 960 3794 ἐκ
980 3720 1102 3812 τρίτου.

93 3822 262 4004 ὴΚύριε
272 3883 285 3917 ,
334 3826 353 3901 6
400 3826 554 3910 669‘
532 3835 641 3924 ημῶν
652 3885 664 3918 ,
712 3825 800 3926 δόξῃ
846 3829 910 3904 καὶ
955 3836 1044 3927 τιμῇ
1092 3825 1335 3924 στεφάνωσον

64 3957 88 4003 α
139 3957 205 4012 ους

67 4108 365 4121 μ---,-ια

153 4202 178 4263 t)
205 4202 314 4253 Coronae
341 4203 463 4267 nuptiales
491 4203 562 4253 hodie
590 4202 653 4267 eputl
671 4204 776 4254 Graeco·
802 4217 829 4252 ex
847 4202 922 4252 olivae
940 4216 1016 4263 remo,
1044 4201 1144 4252 candide
1162 4217 1332 4268 purpureaque

61 4294 115 4339 ecte
134 4288 169 4349 (in
189 4289 304 4337 eastitatis
322 4288 456 4351 symbolum
476 4296 498 4337 et
517 4289 662 4352 posteritatis
680 4289 796 4350 eenguine
814 4286 982 4351 propagendae
1000 4286 1079 4350 spem)
1101 4286 1248 4336 circumdato
1266 4300 1333 4337 com·

63 4380 205 4437 ponuntur:
231 4379 257 4420 ut
281 4372 364 4421 exinde
390 4373 432 4422 filii
457 4373 524 4437 quasi
549 4372 655 4421 novellae
683 4372 798 4421 otiverum
823 4371 968 4421 exurrecturi
988 4371 1165 4434 promittentur.
1202 4369 1228 4420 In
1247 4371 1332 4421 {lussit

64 4469 170 4506 οοτοοοο
194 4464 321 4519 argenteae
344 4455 380 4505 tel
404 4470 431 4505 ex
455 4455 502 4506 οΙίο
521 4457 619 4507 metello
638 4457 769 4517 confectae,
793 4464 944 4506 eeservantur
961 4456 984 4506 in
1003 4456 1112 4506 ecelesiis
1130 4455 1153 4505 in
1173 4456 1333 4507 metrimoniie

65 4537 240 4591 benedicendis
257 4540 414 4592 edhibendee.
