3044 4912
665 302 738 379 169

89 488 217 582 ἷματος
244 493 313 559 τοῦ
338 512 412 578 μον
458 493 565 569 ενοῦς
589 509 659 562 σου
679 485 782 578 Υἱοῦ,
808 490 859 570 εἰς
883 484 1011 563 πίστιν
1027 487 1340 585 ἇκαταίσχυντον,

89 617 107 673 ς
133 583 290 718 ἀγάπην
313 585 416 663 άνυιι
462 615 580 684 ριτον,
604 592 657 672 εἰς
680 584 899 685 πλησμονήν
920 588 1152 688 θεοσεβείας,
1178 595 1229 676 εἰς
1240 592 1341 666 ’ἀπο-

89 717 203 789 ροπην
226 685 417 778 ἐναντίου,
440 693 492 773 εἰς
515 686 747 787 ιωριποίησιν
771 697 851 765 τῶν
874 692 1038 769 ἐντολῶν
1064 715 1147 781 σου,
1175 697 1227 777 εἰς
1251 691 1343 793 ἐφό-

89 806 146 867 ἰον
170 790 269 887 ζωῆς
294 788 464 881 αἰωνίου,
495 795 548 875 εἰς
573 789 779 894 ἀπολογίαν
802 787 1069 890 εῦπρόςδεκτον
1093 790 1164 889 τήν
1188 791 1247 869 ἐπὶ
1272 802 1342 871 τοῦ

89 893 231 991 ιοβεροῦ
262 889 433 992 βήματος
464 900 535 968 τοῦ
558 897 729 991 Χριστοῦ
761 917 842 967 σου.
892 901 1078 998 Ἔκφώιως.
1124 893 1176 970 δι’
1206 889 1253 972 οὗ
1277 895 1342 973 καὶ

89 996 151 1071 ιιΨ
188 987 236 1070 οὗ
270 992 330 1070 σοὶ
362 992 387 1090 ή
419 991 513 1081 δόξα
544 993 609 1068 καὶ
639 993 684 1070 τδ
720 990 869 1094 κράτος,
900 993 974 1070 σῦν
997 1003 1053 1094 τῷ
1078 995 1252 1100 παναγίῳ
1276 997 1341 1093 καὶ

89 1096 203 1198 ἰγιιθῷ
225 1094 294 1171 ’καί
319 1094 489 1194 ζωοποιῷ
514 1119 585 1172 σου
611 1092 807 1193 πνεύματι.

254 1222 341 1299 Εἶτα
362 1223 381 1296 δ
404 1225 511 1317 ἱερεὺς
530 1227 713 1319 στρέφεται
732 1229 821 1318 πρὸς
839 1226 899 1297 τὸν
917 1224 1009 1310 λαόν,
1031 1228 1145 1318 λέγων.
1238 1219 1240 1223 ’

141 1333 247 1408 xm.
273 1333 389 1417 ’Ἀναξ
412 1333 576 1434 μέγιστε,
608 1332 750 1429 καὶτῷ
776 1331 890 1432 πατρὶ
915 1327 1122 1432 ούναρχε,’)
1158 1331 1178 1409 ὁ
1202 1341 1256 1431 τῷ
1282 1340 1340 1433 σῷ

89 1430 188 1527 κράτει
220 1432 289 1508 τὸν
314 1432 412 1531 ᾅδην
438 1430 653 1522 σκυλεύσας,
685 1432 750 1509 καὶ
774 1432 843 1509 τὸν
866 1431 1042 1510 θάνατον
1065 1431 1245 1532 πατήσας,
1277 1435 1342 1510 καί

89 1534 134 1610 τόν
157 1533 313 1632 ἰσχυρὸν
338 1532 557 1624 δεσμεύσας,
589 1533 747 1611 καὶτὸν
763 1532 888 1632 Ἀδδιμ
912 1539 952 1610 ἐκ
977 1533 1104 1636 τάφου
1128 1533 1342 1634 ἀναστήσας

89 1642 116 1731 ιή
136 1640 338 1737 θεουργικῇ
366 1662 435 1712 σου
461 1633 622 1734 δυνάμει
647 1635 711 1713 καὶ
727 1645 941 1738 ,φωτιοτικῇ
968 1641 1076 1739 αἴγλη
1101 1646 1166 1736 τῆς
1191 1645 1258 1736 σῆς
1275 1639 1342 1736 ἄῤ-

89 1735 174 1833 ήήιου
208 1735 400 1835 θεότητος,
439 1738 550 1823 αὐτὸς
585 1737 767 1828 δέσποτα,
804 1737 869 1814 διὰ
900 1746 965 1834 τῆς
999 1737 1238 1840 μεταλήψεως
1272 1749 1341 1816 τοῦ

89 1838 253 1938 όχράντου
280 1864 349 1915 σου
376 1836 550 1936 στόματος
573 1840 637 1915 καί
661 1848 730 1916 τοῦ
750 1839 882 1936 ’τιμίου
908 1863 977 1916 σου
1005 1841 1173 1937 αἵματος,
1209 1839 1339 1927 ἐξαπό

89 1950 205 2017 σιειλον
235 1940 305 2038 τήν
339 1937 504 2039 ἀόρατόν
536 1969 605 2017 σου
627 1934 779 2031 δεξιάν,
812 1940 882 2038 τήν
906 1938 1025 2041 πλήρη
1050 1942 1245 2044 εῦλογιῶν,
1276 1943 1341 2017 καί

89 2038 204 2127 ιόντας
228 2041 327 2140 ἡμᾶς
352 2040 567 2145 εῦλόγησον,
594 2042 835 2141 οἰκτείρησον,
861 2042 1059 2119 σθίνωσον
1079 2051 1125 2139 τῇ
1142 2048 1252 2140 θεϊκῇ
1271 2068 1340 2119 σου

89 2140 235 2241 δυνάμει,
270 2144 334 2221 καί
358 2148 497 2244 περίελε
524 2144 592 2243 ἀφ’
621 2143 731 2241 ἡμῶν
755 2142 826 2240 τήν
850 2147 1021 2271 κακοηθή
1045 2141 1110 2219 καὶ
1136 2140 1341 2242 ἁμαρτάδα

89 2254 238 2346 κιρκικῆς
252 2245 458 2343 ἐπιθυμίας
474 2245 670 2349 ἐργασίαν·
696 2240 938 2347 καταύγασον
954 2272 1042 2329 τους
1059 2244 1216 2342 νοητοὺς
1231 2244 1341 2343 ήμῶν

89 2346 289 2446 λρθαλμοῦς
312 2355 378 2444 τῆς
402 2348 651 2447 περικειμένης
676 2345 837 2446 ζοφερᾶς
852 2345 1023 2444 ἀνομίας,
1051 2343 1228 2447 σύναψον
1242 2346 1346 2445 ἡμᾶς

89 2455 119 2546 ’ᾤ
147 2447 464 2548 παμμακαρίστιρ,
496 2458 551 2544 τῷ
578 2445 867 2548 εῦαρεστήσανιί
892 2474 951 2524 σοι
977 2444 1159 2553 συλλόγῳ,
1193 2448 1251 2525 ὅτι
1275 2447 1341 2525 διδ

89 2559 134 2626 οῦ
163 2550 227 2626 καὶ
260 2551 333 2627 σῦν
365 2550 425 2626 σοὶ
455 2558 510 2649 τῷ
543 2550 656 2648 πατρὶ
693 2550 836 2647 καὶτῷ
861 2549 1035 2653 παναγίῳ
1060 2547 1243 2646 πνεύματι
1268 2558 1343 2636 ιιᾶς

89 2651 180 2750 μνος
211 2651 351 2752 πρέπει,
385 2649 486 2750 τιμή,
518 2650 665 2751 κράτος,
692 2649 936 2750 προςκύνησίς
959 2683 999 2727 τε
1023 2652 1088 2727 καὶ
1112 2653 1340 2755 εῦχαριστία,

89 2765 134 2830 ῦν
156 2752 221 2829 καὶ
247 2753 305 2829 ἀεὶ
329 2753 393 2829 καὶ
417 2759 468 2839 εἰς
491 2754 580 2838 τοὺς
605 2757 744 2837 αἰῶνας
768 2763 848 2830 τοῖν
873 2750 1053 2848 αἰώνων]
1152 2762 1158 2774 ‘

584 2882 622 2952 ‘O
645 2882 809 2965 διάκονος.

136 2985 361 3090 Πορεύεσθε
396 2990 437 3064 ἐν
472 2985 609 3088 εἰρήνη.

619 3118 658 3188 Ὁ
686 3117 777 3201 λαός.

130 3209 197 3285 Ἕν
232 3204 391 3304 ῦνόματι
424 3204 569 3305 κυρίου.

521 3336 559 3406 Ὁ
582 3336 688 3427 ἱερεὺς
709 3336 877 3430 ἔκφιόνως,

137 3447 263 3521 xxm.
286 3444 337 3518 ‘H
358 3440 483 3547 ἀγάπη
509 3451 577 3519 τοῦ
603 3447 698 3519 θεοῦ
723 3444 787 3518 καὶ
812 3438 962 3542 πατρός,
987 3439 1134 3539 ήχάρις
1151 3451 1218 3517 τοῦ
1241 3443 1340 3531 Υἱοῦ,

89 3546 193 3645 υρίου
227 3544 269 3621 δι’
302 3544 413 3643 ήμῶν
438 3548 561 3643 Ἰησοῦ
585 3551 768 3644 Χριστοῦ,
804 3543 827 3642 ἡ
861 3543 1038 3619 κοινωνία
1070 3543 1134 3618 καὶ
1166 3542 1189 3640 ή
1216 3542 1340 3642 δωρεὰ

89 3655 130 3724 οῦ
160 3646 350 3749 παναγίου
383 3645 592 3741 πνεύματος
624 3648 678 3744 εἴη
703 3643 798 3743 μετὰ
830 3643 985 3722 πάντων
1015 3644 1139 3741 ήμῶν,
1172 3653 1246 3721 νῦν
1277 3643 1342 3719 καὶ

89 3749 121 3823 εἰ
144 3750 208 3824 καὶ
231 3756 283 3834 εἰς
308 3748 397 3833 τοὺς
426 3755 566 3834 αἰῶνας
589 3757 668 3826 τῶν
693 3744 856 3824 αἰώνων.

622 3880 660 3948 ‘O
688 3877 780 3960 λαός.

132 3964 260 4066 Ἀμήν·
492 3966 499 3978 ’
638 4048 641 4054 ,

141 4089 224 4183 [mn
249 4085 293 4160 τὸ
319 4086 441 4182 ὄνομα
465 4087 599 4186 κυρίου
626 4085 886 4188 εῦλογημίνον.

152 4224 176 4285 1)
191 4226 279 4272 Ρελιτλε.
298 4219 448 4292 συνάιαρχε.

151 4391 208 4458 Cup.
226 4392 308 4445 xxm.
344 4395 427 4445 Oratio
452 4391 557 4450 ἔδωκας
580 4385 648 4461 ἡμῖν
670 4391 727 4442 κτλ.
746 4395 829 4444 endem
849 4400 975 4458 astatque
993 4393 1016 4441 in
1036 4391 1140 4454 Lilnrgia
1160 4389 1239 4440 ΙεεοΙιί
1259 4404 1278 4439 ο.
1299 4389 1340 4439 50.

89 4469 160 4524 λοσε
175 4477 278 4528 eandm
294 4487 361 4530 ιεοεῑ
378 4480 466 4530 locum.
501 4480 561 4530 Nam
580 4478 643 4545 ιρσδ
662 4475 775 4529 Iacobum
794 4479 856 4529 δίειε
875 4485 913 4528 εει
929 4470 999 4545 μετὰ
1011 4471 1059 4538 τήν
1070 4468 1216 4538 ἀπόλυσιν,
1234 4474 1259 4524 in
1270 4472 1341 4524 Ιίισι·

89 4551 286 4627 [impu
302 4562 423 4616 Βεοιτιλοι
440 4571 497 4630 post
515 4565 577 4616 λιιιιι
594 4563 729 4616 orationem
748 4563 836 4616 dicum
854 4564 982 4623 revertitur
1000 4568 1025 4617 ει
1041 4553 1171 4615 ἀπολύει.
