<?xml version="1.0" encoding="UTF-8"?>
<!DOCTYPE html PUBLIC "-//W3C//DTD XHTML 1.0 Transitional//EN"
    "http://www.w3.org/TR/xhtml1/DTD/xhtml1-transitional.dtd">
<html xmlns="http://www.w3.org/1999/xhtml" xml:lang="en" lang="en">
 <head>
  <title>
</title>
<meta http-equiv="Content-Type" content="text/html;charset=utf-8" />
  <meta name='ocr-system' content='tesseract 3.04.00' />
  <meta name='ocr-capabilities' content='ocr_page ocr_carea ocr_par ocr_line ocrx_word'/>
</head>
<body>
  <div class='ocr_page' id='page_1' title='image "./codexliturgicus05danigoog_0299.png"; bbox 0 0 3044 4912; ppageno 0'>
   <div class='ocr_carea' id='block_1_1' title="bbox 811 247 885 321">
    <p class='ocr_par' dir='ltr' id='par_1_1' title="bbox 811 247 885 321">
     <span class='ocr_line' id='line_1_1' title="bbox 811 247 885 321; baseline 0 0"><span class='ocrx_word' id='word_1_1' title='bbox 811 247 885 321; x_wconf 81' lang='lat'><strong>280</strong></span> 
     </span>
    </p>
   </div>
   <div class='ocr_carea' id='block_1_2' title="bbox 160 426 1512 4580">
    <p class='ocr_par' dir='ltr' id='par_1_2' title="bbox 160 426 1512 4162">
     <span class='ocr_line' id='line_1_2' title="bbox 160 426 1479 522; baseline -0.008 -20"><span class='ocrx_word' id='word_1_2' title='bbox 160 465 167 471; x_wconf 88' lang='lat'>·</span> <span class='ocrx_word' id='word_1_3' title='bbox 212 437 347 522; x_wconf 89' lang='lat' dir='ltr'><strong>quamvis</strong></span> <span class='ocrx_word' id='word_1_4' title='bbox 369 457 386 500; x_wconf 87' lang='lat' dir='ltr'><strong>e</strong></span> <span class='ocrx_word' id='word_1_5' title='bbox 407 426 627 499; x_wconf 84' lang='lat' dir='ltr'><strong>recentioribus</strong></span> <span class='ocrx_word' id='word_1_6' title='bbox 643 433 763 497; x_wconf 85' lang='lat' dir='ltr'><strong>Critieis</strong></span> <span class='ocrx_word' id='word_1_7' title='bbox 784 443 908 495; x_wconf 86' lang='lat' dir='ltr'><strong>vocetur</strong></span> <span class='ocrx_word' id='word_1_8' title='bbox 928 434 961 495; x_wconf 90' lang='lat' dir='ltr'><strong>in</strong></span> <span class='ocrx_word' id='word_1_9' title='bbox 983 432 1199 515; x_wconf 77' lang='lat' dir='ltr'><strong>suspicionem.</strong></span> <span class='ocrx_word' id='word_1_10' title='bbox 1229 433 1268 492; x_wconf 90' lang='lat' dir='ltr'><strong>At</strong></span> <span class='ocrx_word' id='word_1_11' title='bbox 1289 430 1405 494; x_wconf 87' lang='lat' dir='ltr'><strong>dudum</strong></span> <span class='ocrx_word' id='word_1_12' title='bbox 1419 438 1479 493; x_wconf 86' lang='lat' dir='ltr'><strong>anto</strong></span> 
     </span>
     <span class='ocr_line' id='line_1_3' title="bbox 213 533 1477 621; baseline -0.005 -19"><span class='ocrx_word' id='word_1_13' title='bbox 213 558 302 621; x_wconf 90' lang='lat' dir='ltr'><strong>quam</strong></span> <span class='ocrx_word' id='word_1_14' title='bbox 323 537 450 601; x_wconf 87' lang='lat' dir='ltr'><strong>Procius</strong></span> <span class='ocrx_word' id='word_1_15' title='bbox 473 535 628 609; x_wconf 78' lang='lat' dir='ltr'><strong>scriberet,</strong></span> <span class='ocrx_word' id='word_1_16' title='bbox 662 534 767 597; x_wconf 90' lang='lat' dir='ltr'><strong>Basilii</strong></span> <span class='ocrx_word' id='word_1_17' title='bbox 788 536 953 615; x_wconf 89' lang='lat' dir='ltr'><strong>Liturgiam</strong></span> <span class='ocrx_word' id='word_1_18' title='bbox 986 536 1018 597; x_wconf 95' lang='lat' dir='ltr'><strong>in</strong></span> <span class='ocrx_word' id='word_1_19' title='bbox 1050 553 1107 597; x_wconf 91' lang='lat' dir='ltr'><strong>usu</strong></span> <span class='ocrx_word' id='word_1_20' title='bbox 1135 534 1229 597; x_wconf 86' lang='lat' dir='ltr'><strong>luisse</strong></span> <span class='ocrx_word' id='word_1_21' title='bbox 1251 533 1335 615; x_wconf 78' lang='lat' dir='ltr'><strong>opud</strong></span> <span class='ocrx_word' id='word_1_22' title='bbox 1357 533 1477 596; x_wconf 82' lang='lat' dir='ltr'><strong>Graecas</strong></span> 
     </span>
     <span class='ocr_line' id='line_1_4' title="bbox 212 634 1476 716; baseline -0.005 -14"><span class='ocrx_word' id='word_1_23' title='bbox 212 658 319 703; x_wconf 90' lang='lat' dir='ltr'><strong>omnes</strong></span> <span class='ocrx_word' id='word_1_24' title='bbox 340 637 501 710; x_wconf 85' lang='lat' dir='ltr'><strong>Ecclesiae,</strong></span> <span class='ocrx_word' id='word_1_25' title='bbox 535 638 561 699; x_wconf 93' lang='lat' dir='ltr'><strong>si</strong></span> <span class='ocrx_word' id='word_1_26' title='bbox 584 635 884 716; x_wconf 72' lang='lat' dir='ltr'><strong>hierosolymitanam</strong></span> <span class='ocrx_word' id='word_1_27' title='bbox 907 646 938 700; x_wconf 90' lang='lat' dir='ltr'><strong>et</strong></span> <span class='ocrx_word' id='word_1_28' title='bbox 958 635 1188 700; x_wconf 79' lang='lat' dir='ltr'><strong>Alexandrinam</strong></span> <span class='ocrx_word' id='word_1_29' title='bbox 1212 634 1390 716; x_wconf 71' lang='lat' dir='ltr'>excipimus,</span> <span class='ocrx_word' id='word_1_30' title='bbox 1423 652 1476 697; x_wconf 89' lang='lat' dir='ltr'><strong>cer·</strong></span> 
     </span>
     <span class='ocr_line' id='line_1_5' title="bbox 215 736 1475 820; baseline -0.006 -16"><span class='ocrx_word' id='word_1_31' title='bbox 215 742 364 804; x_wconf 78' lang='lat' dir='ltr'><strong>tissimum</strong></span> <span class='ocrx_word' id='word_1_32' title='bbox 397 751 453 802; x_wconf 91' lang='lat' dir='ltr'><strong>est.</strong></span> <span class='ocrx_word' id='word_1_33' title='bbox 495 739 656 820; x_wconf 87' lang='lat' dir='ltr'><strong>Antiquius</strong></span> <span class='ocrx_word' id='word_1_34' title='bbox 687 747 801 800; x_wconf 80' lang='lat' dir='ltr'>extaret</span> <span class='ocrx_word' id='word_1_35' title='bbox 823 738 860 801; x_wconf 90' lang='lat' dir='ltr'><strong>de</strong></span> <span class='ocrx_word' id='word_1_36' title='bbox 882 738 994 819; x_wconf 90' lang='lat' dir='ltr'><strong>scripta</strong></span> <span class='ocrx_word' id='word_1_37' title='bbox 1017 757 1035 800; x_wconf 88' lang='lat' dir='ltr'><strong>a</strong></span> <span class='ocrx_word' id='word_1_38' title='bbox 1056 736 1169 799; x_wconf 88' lang='lat' dir='ltr'><strong>Basilio</strong></span> <span class='ocrx_word' id='word_1_39' title='bbox 1191 736 1328 815; x_wconf 90' lang='lat' dir='ltr'><strong>Liturgia</strong></span> <span class='ocrx_word' id='word_1_40' title='bbox 1351 736 1475 799; x_wconf 90' lang='lat' dir='ltr'><strong>testimo·</strong></span> 
     </span>
     <span class='ocr_line' id='line_1_6' title="bbox 213 838 1475 922; baseline -0.005 -17"><span class='ocrx_word' id='word_1_41' title='bbox 213 843 296 906; x_wconf 89' lang='lat' dir='ltr'><strong>nium</strong></span> <span class='ocrx_word' id='word_1_42' title='bbox 326 842 356 904; x_wconf 92' lang='lat' dir='ltr'><strong>in</strong></span> <span class='ocrx_word' id='word_1_43' title='bbox 383 841 481 922; x_wconf 87' lang='lat' dir='ltr'><strong>ipsius</strong></span> <span class='ocrx_word' id='word_1_44' title='bbox 509 841 568 901; x_wconf 86' lang='lat' dir='ltr'><strong>vita</strong></span> <span class='ocrx_word' id='word_1_45' title='bbox 591 859 647 921; x_wconf 88' lang='lat' dir='ltr'><strong>per</strong></span> <span class='ocrx_word' id='word_1_46' title='bbox 668 839 909 919; x_wconf 78' lang='lat' dir='ltr'><strong>Amphilochium</strong></span> <span class='ocrx_word' id='word_1_47' title='bbox 930 838 1115 920; x_wconf 82' lang='lat' dir='ltr'><strong>Episcopum</strong></span> <span class='ocrx_word' id='word_1_48' title='bbox 1136 838 1328 901; x_wconf 90' lang='lat' dir='ltr'><strong>iconiensem</strong></span> <span class='ocrx_word' id='word_1_49' title='bbox 1350 838 1416 900; x_wconf 91' lang='lat' dir='ltr'><strong>eius</strong></span> <span class='ocrx_word' id='word_1_50' title='bbox 1436 857 1475 899; x_wconf 87' lang='lat' dir='ltr'><strong>ae·</strong></span> 
     </span>
     <span class='ocr_line' id='line_1_7' title="bbox 214 940 1473 1025; baseline -0.006 -18"><span class='ocrx_word' id='word_1_51' title='bbox 214 943 331 1025; x_wconf 88' lang='lat' dir='ltr'><strong>qualem</strong></span> <span class='ocrx_word' id='word_1_52' title='bbox 361 944 483 1024; x_wconf 88' lang='lat' dir='ltr'><strong>scripta,</strong></span> <span class='ocrx_word' id='word_1_53' title='bbox 517 942 543 1003; x_wconf 89' lang='lat' dir='ltr'><strong>si</strong></span> <span class='ocrx_word' id='word_1_54' title='bbox 577 941 708 1020; x_wconf 89' lang='lat' dir='ltr'><strong>legitima</strong></span> <span class='ocrx_word' id='word_1_55' title='bbox 731 942 820 1015; x_wconf 82' lang='lat' dir='ltr'><strong>toret,</strong></span> <span class='ocrx_word' id='word_1_56' title='bbox 855 941 971 1003; x_wconf 90' lang='lat' dir='ltr'><strong>eteius</strong></span> <span class='ocrx_word' id='word_1_57' title='bbox 994 941 1154 1003; x_wconf 71' lang='lat' dir='ltr'><strong>autoritate</strong></span> <span class='ocrx_word' id='word_1_58' title='bbox 1176 940 1306 1002; x_wconf 90' lang='lat' dir='ltr'><strong>Graecos</strong></span> <span class='ocrx_word' id='word_1_59' title='bbox 1330 957 1473 1002; x_wconf 91' lang='lat' dir='ltr'><strong>usosnoo</strong></span> 
     </span>
     <span class='ocr_line' id='line_1_8' title="bbox 213 1041 1473 1123; baseline -0.005 -17"><span class='ocrx_word' id='word_1_60' title='bbox 213 1045 318 1118; x_wconf 87' lang='lat' dir='ltr'><strong>luisse,</strong></span> <span class='ocrx_word' id='word_1_61' title='bbox 350 1045 454 1107; x_wconf 87' lang='lat' dir='ltr'><strong>mirari</strong></span> <span class='ocrx_word' id='word_1_62' title='bbox 488 1063 547 1107; x_wconf 93' lang='lat' dir='ltr'><strong>non</strong></span> <span class='ocrx_word' id='word_1_63' title='bbox 576 1044 643 1105; x_wconf 90' lang='lat' dir='ltr'><strong>sine</strong></span> <span class='ocrx_word' id='word_1_64' title='bbox 664 1042 780 1104; x_wconf 90' lang='lat' dir='ltr'><strong>ratione</strong></span> <span class='ocrx_word' id='word_1_65' title='bbox 802 1061 974 1123; x_wconf 88' lang='lat' dir='ltr'><strong>possumus.</strong></span> <span class='ocrx_word' id='word_1_66' title='bbox 1017 1043 1120 1123; x_wconf 80' lang='lat' dir='ltr'><strong>Neque</strong></span> <span class='ocrx_word' id='word_1_67' title='bbox 1142 1041 1222 1103; x_wconf 92' lang='lat' dir='ltr'><strong>enim</strong></span> <span class='ocrx_word' id='word_1_68' title='bbox 1244 1041 1350 1104; x_wconf 90' lang='lat' dir='ltr'><strong>critica</strong></span> <span class='ocrx_word' id='word_1_69' title='bbox 1372 1048 1473 1103; x_wconf 89' lang='lat' dir='ltr'><strong>tantun</strong></span> 
     </span>
     <span class='ocr_line' id='line_1_9' title="bbox 213 1142 1512 1233; baseline -0.003 -26"><span class='ocrx_word' id='word_1_70' title='bbox 213 1146 320 1220; x_wconf 83' lang='lat' dir='ltr'><strong>valent,</strong></span> <span class='ocrx_word' id='word_1_71' title='bbox 342 1157 375 1208; x_wconf 91' lang='lat' dir='ltr'><strong>ut</strong></span> <span class='ocrx_word' id='word_1_72' title='bbox 396 1143 687 1227; x_wconf 79' lang='lat' dir='ltr'><strong>quaeBellarmino,</strong></span> <span class='ocrx_word' id='word_1_73' title='bbox 709 1144 885 1218; x_wconf 86' lang='lat' dir='ltr'><strong>Posserino,</strong></span> <span class='ocrx_word' id='word_1_74' title='bbox 908 1153 939 1207; x_wconf 92' lang='lat' dir='ltr'><strong>et</strong></span> <span class='ocrx_word' id='word_1_75' title='bbox 960 1143 1061 1205; x_wconf 92' lang='lat' dir='ltr'><strong>multis</strong></span> <span class='ocrx_word' id='word_1_76' title='bbox 1083 1142 1160 1218; x_wconf 89' lang='lat' dir='ltr'><strong>aliis,</strong></span> <span class='ocrx_word' id='word_1_77' title='bbox 1183 1151 1359 1221; x_wconf 80' lang='lat' dir='ltr'><strong>argumenta</strong></span> <span class='ocrx_word' id='word_1_78' title='bbox 1381 1160 1474 1222; x_wconf 88' lang='lat' dir='ltr'><strong>suspe-</strong></span> <span class='ocrx_word' id='word_1_79' title='bbox 1506 1162 1512 1233; x_wconf 54' lang='grc' dir='ltr'>ξ</span> 
     </span>
     <span class='ocr_line' id='line_1_10' title="bbox 214 1243 1512 1326; baseline -0.008 -16"><span class='ocrx_word' id='word_1_80' title='bbox 214 1257 291 1310; x_wconf 90' lang='lat' dir='ltr'><strong>ctam</strong></span> <span class='ocrx_word' id='word_1_81' title='bbox 318 1247 400 1310; x_wconf 90' lang='lat' dir='ltr'><strong>illam</strong></span> <span class='ocrx_word' id='word_1_82' title='bbox 430 1248 574 1320; x_wconf 89' lang='lat' dir='ltr'><strong>lecerunt,</strong></span> <span class='ocrx_word' id='word_1_83' title='bbox 603 1244 689 1326; x_wconf 89' lang='lat' dir='ltr'><strong>apud.</strong></span> <span class='ocrx_word' id='word_1_84' title='bbox 705 1263 758 1307; x_wconf 91' lang='lat' dir='ltr'><strong>eos</strong></span> <span class='ocrx_word' id='word_1_85' title='bbox 780 1245 893 1326; x_wconf 86' lang='lat' dir='ltr'><strong>aliquid</strong></span> <span class='ocrx_word' id='word_1_86' title='bbox 916 1254 1052 1326; x_wconf 88' lang='lat' dir='ltr'><strong>possent.</strong></span> <span class='ocrx_word' id='word_1_87' title='bbox 1096 1245 1160 1307; x_wconf 90' lang='lat' dir='ltr'><strong>lmo</strong></span> <span class='ocrx_word' id='word_1_88' title='bbox 1183 1263 1251 1307; x_wconf 90' lang='lat' dir='ltr'><strong>cum</strong></span> <span class='ocrx_word' id='word_1_89' title='bbox 1274 1246 1405 1325; x_wconf 78' lang='lat' dir='ltr'><strong>Symeon</strong></span> <span class='ocrx_word' id='word_1_90' title='bbox 1424 1243 1473 1304; x_wconf 77' lang='lat' dir='ltr'><strong>lte-</strong></span> <span class='ocrx_word' id='word_1_91' title='bbox 1509 1252 1512 1299; x_wconf 70' lang='grc' dir='ltr'>ἓ</span> 
     </span>
     <span class='ocr_line' id='line_1_11' title="bbox 213 1345 1474 1429; baseline -0.004 -18"><span class='ocrx_word' id='word_1_92' title='bbox 213 1350 383 1429; x_wconf 88' lang='lat' dir='ltr'><strong>taphrastes</strong></span> <span class='ocrx_word' id='word_1_93' title='bbox 405 1348 494 1410; x_wconf 84' lang='lat' dir='ltr'><strong>vitam</strong></span> <span class='ocrx_word' id='word_1_94' title='bbox 516 1347 596 1409; x_wconf 90' lang='lat' dir='ltr'><strong>illam</strong></span> <span class='ocrx_word' id='word_1_95' title='bbox 620 1366 674 1408; x_wconf 94' lang='lat' dir='ltr'><strong>suo</strong></span> <span class='ocrx_word' id='word_1_96' title='bbox 697 1366 780 1409; x_wconf 92' lang='lat' dir='ltr'><strong>more</strong></span> <span class='ocrx_word' id='word_1_97' title='bbox 796 1347 1007 1428; x_wconf 88' lang='lat' dir='ltr'><strong>interpolatam</strong></span> <span class='ocrx_word' id='word_1_98' title='bbox 1022 1345 1196 1409; x_wconf 90' lang='lat' dir='ltr'><strong>collectioni</strong></span> <span class='ocrx_word' id='word_1_99' title='bbox 1211 1364 1283 1409; x_wconf 87' lang='lat' dir='ltr'><strong>suae</strong></span> <span class='ocrx_word' id='word_1_100' title='bbox 1300 1345 1474 1416; x_wconf 80' lang='lat' dir='ltr'><strong>inseruisset,</strong></span> 
     </span>
     <span class='ocr_line' id='line_1_12' title="bbox 213 1446 1474 1529; baseline -0.004 -17"><span class='ocrx_word' id='word_1_101' title='bbox 213 1462 284 1512; x_wconf 89' lang='lat' dir='ltr'><strong>nota</strong></span> <span class='ocrx_word' id='word_1_102' title='bbox 307 1449 367 1510; x_wconf 91' lang='lat' dir='ltr'><strong>illis</strong></span> <span class='ocrx_word' id='word_1_103' title='bbox 382 1467 458 1510; x_wconf 50' lang='lat' dir='ltr'><strong>‘esse</strong></span> <span class='ocrx_word' id='word_1_104' title='bbox 482 1447 618 1514; x_wconf 84' lang='lat' dir='ltr'><strong>debehat.</strong></span> <span class='ocrx_word' id='word_1_105' title='bbox 652 1466 749 1528; x_wconf 87' lang='lat' dir='ltr'><strong>neque</strong></span> <span class='ocrx_word' id='word_1_106' title='bbox 770 1448 866 1528; x_wconf 88' lang='lat' dir='ltr'><strong>magis</strong></span> <span class='ocrx_word' id='word_1_107' title='bbox 889 1457 1040 1529; x_wconf 90' lang='lat' dir='ltr'><strong>suspecta,</strong></span> <span class='ocrx_word' id='word_1_108' title='bbox 1069 1466 1157 1529; x_wconf 88' lang='lat' dir='ltr'><strong>quam</strong></span> <span class='ocrx_word' id='word_1_109' title='bbox 1179 1455 1226 1509; x_wconf 90' lang='lat' dir='ltr'><strong>tot</strong></span> <span class='ocrx_word' id='word_1_110' title='bbox 1246 1446 1336 1510; x_wconf 88' lang='lat' dir='ltr'><strong>aliae.</strong></span> <span class='ocrx_word' id='word_1_111' title='bbox 1379 1446 1474 1509; x_wconf 87' lang='lat' dir='ltr'><strong>ilerum</strong></span> 
     </span>
     <span class='ocr_line' id='line_1_13' title="bbox 213 1546 1475 1630; baseline -0.003 -18"><span class='ocrx_word' id='word_1_112' title='bbox 213 1550 265 1612; x_wconf 86' lang='lat' dir='ltr'><strong>diu</strong></span> <span class='ocrx_word' id='word_1_113' title='bbox 287 1560 445 1629; x_wconf 87' lang='lat' dir='ltr'><strong>antequam</strong></span> <span class='ocrx_word' id='word_1_114' title='bbox 469 1568 523 1610; x_wconf 92' lang='lat' dir='ltr'><strong>suo</strong></span> <span class='ocrx_word' id='word_1_115' title='bbox 547 1549 632 1629; x_wconf 89' lang='lat' dir='ltr'><strong>operi</strong></span> <span class='ocrx_word' id='word_1_116' title='bbox 656 1549 783 1630; x_wconf 73' lang='lat' dir='ltr'><strong>Symeon</strong></span> <span class='ocrx_word' id='word_1_117' title='bbox 805 1569 926 1612; x_wconf 88' lang='lat' dir='ltr'><strong>manum</strong></span> <span class='ocrx_word' id='word_1_118' title='bbox 948 1550 1129 1623; x_wconf 85' lang='lat' dir='ltr'><strong>admoveret,</strong></span> <span class='ocrx_word' id='word_1_119' title='bbox 1153 1548 1274 1611; x_wconf 90' lang='lat' dir='ltr'><strong>saeculo</strong></span> <span class='ocrx_word' id='word_1_120' title='bbox 1298 1548 1420 1611; x_wconf 88' lang='lat' dir='ltr'><strong>circiter</strong></span> <span class='ocrx_word' id='word_1_121' title='bbox 1439 1546 1475 1609; x_wconf 88' lang='lat' dir='ltr'><strong>tli-</strong></span> 
     </span>
     <span class='ocr_line' id='line_1_14' title="bbox 214 1649 1475 1732; baseline -0.001 -20"><span class='ocrx_word' id='word_1_122' title='bbox 214 1650 368 1730; x_wconf 88' lang='lat' dir='ltr'><strong>midioque</strong></span> <span class='ocrx_word' id='word_1_123' title='bbox 390 1649 528 1730; x_wconf 88' lang='lat' dir='ltr'><strong>emplius,</strong></span> <span class='ocrx_word' id='word_1_124' title='bbox 551 1650 710 1713; x_wconf 89' lang='lat' dir='ltr'><strong>notissima</strong></span> <span class='ocrx_word' id='word_1_125' title='bbox 734 1652 856 1714; x_wconf 88' lang='lat' dir='ltr'><strong>Graecis</strong></span> <span class='ocrx_word' id='word_1_126' title='bbox 879 1670 947 1714; x_wconf 89' lang='lat' dir='ltr'><strong>esse</strong></span> <span class='ocrx_word' id='word_1_127' title='bbox 969 1650 1074 1713; x_wconf 87' lang='lat' dir='ltr'><strong>debuit</strong></span> <span class='ocrx_word' id='word_1_128' title='bbox 1085 1650 1190 1713; x_wconf 86' lang='lat' dir='ltr'><strong>Basilii</strong></span> <span class='ocrx_word' id='word_1_129' title='bbox 1212 1650 1273 1712; x_wconf 87' lang='lat' dir='ltr'><strong>rita</strong></span> <span class='ocrx_word' id='word_1_130' title='bbox 1294 1668 1350 1731; x_wconf 93' lang='lat' dir='ltr'><strong>per</strong></span> <span class='ocrx_word' id='word_1_131' title='bbox 1364 1650 1475 1732; x_wconf 79' lang='lat' dir='ltr'><strong>rinphi·</strong></span> 
     </span>
     <span class='ocr_line' id='line_1_15' title="bbox 214 1751 1476 1834; baseline -0.001 -21"><span class='ocrx_word' id='word_1_132' title='bbox 214 1751 346 1813; x_wconf 92' lang='lat' dir='ltr'><strong>lochium</strong></span> <span class='ocrx_word' id='word_1_133' title='bbox 369 1751 491 1832; x_wconf 88' lang='lat' dir='ltr'><strong>scripta,</strong></span> <span class='ocrx_word' id='word_1_134' title='bbox 515 1771 582 1814; x_wconf 88' lang='lat' dir='ltr'><strong>cunr</strong></span> <span class='ocrx_word' id='word_1_135' title='bbox 605 1752 664 1813; x_wconf 93' lang='lat' dir='ltr'><strong>iam</strong></span> <span class='ocrx_word' id='word_1_136' title='bbox 686 1753 752 1815; x_wconf 89' lang='lat' dir='ltr'><strong>eius</strong></span> <span class='ocrx_word' id='word_1_137' title='bbox 775 1753 928 1833; x_wconf 77' lang='lat' dir='ltr'><strong>antiquom</strong></span> <span class='ocrx_word' id='word_1_138' title='bbox 948 1752 1119 1814; x_wconf 87' lang='lat' dir='ltr'><strong>versionem</strong></span> <span class='ocrx_word' id='word_1_139' title='bbox 1142 1752 1214 1816; x_wconf 86' lang='lat' dir='ltr'><strong>citet</strong></span> <span class='ocrx_word' id='word_1_140' title='bbox 1228 1755 1346 1815; x_wconf 84' lang='lat' dir='ltr'><strong>Aeneas</strong></span> <span class='ocrx_word' id='word_1_141' title='bbox 1359 1752 1476 1834; x_wconf 85' lang='lat' dir='ltr'><strong>Episco-</strong></span> 
     </span>
     <span class='ocr_line' id='line_1_16' title="bbox 213 1851 1476 1934; baseline 0.001 -20"><span class='ocrx_word' id='word_1_142' title='bbox 213 1872 271 1934; x_wconf 89' lang='lat' dir='ltr'><strong>pus</strong></span> <span class='ocrx_word' id='word_1_143' title='bbox 294 1852 476 1915; x_wconf 86' lang='lat' dir='ltr'><strong>Perisiensis</strong></span> <span class='ocrx_word' id='word_1_144' title='bbox 498 1853 529 1914; x_wconf 91' lang='lat' dir='ltr'><strong>in</strong></span> <span class='ocrx_word' id='word_1_145' title='bbox 545 1853 684 1916; x_wconf 87' lang='lat' dir='ltr'><strong>Tractatu</strong></span> <span class='ocrx_word' id='word_1_146' title='bbox 707 1856 849 1917; x_wconf 79' lang='lat' dir='ltr'><strong>adsersus</strong></span> <span class='ocrx_word' id='word_1_147' title='bbox 866 1855 1007 1928; x_wconf 85' lang='lat' dir='ltr'><strong>Graecos,</strong></span> <span class='ocrx_word' id='word_1_148' title='bbox 1029 1872 1118 1934; x_wconf 88' lang='lat' dir='ltr'><strong>quem</strong></span> <span class='ocrx_word' id='word_1_149' title='bbox 1140 1851 1265 1934; x_wconf 78' lang='lat' dir='ltr'><strong>scripsit</strong></span> <span class='ocrx_word' id='word_1_150' title='bbox 1285 1863 1355 1918; x_wconf 89' lang='lat' dir='ltr'><strong>ante</strong></span> <span class='ocrx_word' id='word_1_151' title='bbox 1378 1870 1476 1916; x_wconf 79' lang='lat' dir='ltr'><strong>annun</strong></span> 
     </span>
     <span class='ocr_line' id='line_1_17' title="bbox 212 1954 1476 2036; baseline -0.002 -19"><span class='ocrx_word' id='word_1_152' title='bbox 212 1954 284 2017; x_wconf 89' lang='lat' dir='ltr'><strong>lesu</strong></span> <span class='ocrx_word' id='word_1_153' title='bbox 305 1954 417 2017; x_wconf 81' lang='lat' dir='ltr'><strong>Christi</strong></span> <span class='ocrx_word' id='word_1_154' title='bbox 438 1954 614 2017; x_wconf 76' lang='lat' dir='ltr'><strong>cccclxx</strong></span> <span class='ocrx_word' id='word_1_155' title='bbox 636 1955 687 2035; x_wconf 87' lang='lat' dir='ltr'><strong>qui</strong></span> <span class='ocrx_word' id='word_1_156' title='bbox 711 1955 739 2017; x_wconf 90' lang='lat' dir='ltr'><strong>ei</strong></span> <span class='ocrx_word' id='word_1_157' title='bbox 761 1975 920 2036; x_wconf 86' lang='lat' dir='ltr'><strong>supremus</strong></span> <span class='ocrx_word' id='word_1_158' title='bbox 943 1956 1008 2018; x_wconf 87' lang='lat' dir='ltr'><strong>luit.</strong></span> <span class='ocrx_word' id='word_1_159' title='bbox 1040 1955 1140 2018; x_wconf 88' lang='lat' dir='ltr'><strong>Utitur</strong></span> <span class='ocrx_word' id='word_1_160' title='bbox 1160 1955 1242 2018; x_wconf 89' lang='lat' dir='ltr'><strong>enim</strong></span> <span class='ocrx_word' id='word_1_161' title='bbox 1263 1956 1329 2018; x_wconf 89' lang='lat' dir='ltr'><strong>eius</strong></span> <span class='ocrx_word' id='word_1_162' title='bbox 1351 1955 1476 2018; x_wconf 89' lang='lat' dir='ltr'><strong>testimo·</strong></span> 
     </span>
     <span class='ocr_line' id='line_1_18' title="bbox 213 2055 1475 2137; baseline -0.002 -19"><span class='ocrx_word' id='word_1_163' title='bbox 213 2055 276 2129; x_wconf 92' lang='lat' dir='ltr'><strong>nio,</strong></span> <span class='ocrx_word' id='word_1_164' title='bbox 307 2075 433 2136; x_wconf 90' lang='lat' dir='ltr'><strong>eamque</strong></span> <span class='ocrx_word' id='word_1_165' title='bbox 466 2056 540 2118; x_wconf 89' lang='lat' dir='ltr'><strong>dicit</strong></span> <span class='ocrx_word' id='word_1_166' title='bbox 571 2057 609 2119; x_wconf 90' lang='lat' dir='ltr'><strong>de</strong></span> <span class='ocrx_word' id='word_1_167' title='bbox 632 2056 746 2119; x_wconf 89' lang='lat' dir='ltr'><strong>Graeco</strong></span> <span class='ocrx_word' id='word_1_168' title='bbox 774 2058 805 2119; x_wconf 95' lang='lat' dir='ltr'><strong>in</strong></span> <span class='ocrx_word' id='word_1_169' title='bbox 828 2057 1006 2120; x_wconf 87' lang='lat' dir='ltr'><strong>Latinuma</strong></span> <span class='ocrx_word' id='word_1_170' title='bbox 1029 2056 1158 2137; x_wconf 91' lang='lat' dir='ltr'><strong>quodam</strong></span> <span class='ocrx_word' id='word_1_171' title='bbox 1181 2057 1308 2131; x_wconf 87' lang='lat' dir='ltr'><strong>Graeco,</strong></span> <span class='ocrx_word' id='word_1_172' title='bbox 1341 2055 1475 2119; x_wconf 83' lang='lat' dir='ltr'><strong>vocabulo</strong></span> 
     </span>
     <span class='ocr_line' id='line_1_19' title="bbox 212 2157 1473 2237; baseline 0 -19"><span class='ocrx_word' id='word_1_173' title='bbox 212 2157 357 2232; x_wconf 84' lang='lat' dir='ltr'><strong>Eveimio,</strong></span> <span class='ocrx_word' id='word_1_174' title='bbox 381 2159 418 2220; x_wconf 90' lang='lat' dir='ltr'><strong>de</strong></span> <span class='ocrx_word' id='word_1_175' title='bbox 441 2158 531 2221; x_wconf 89' lang='lat' dir='ltr'><strong>verbo</strong></span> <span class='ocrx_word' id='word_1_176' title='bbox 554 2158 590 2221; x_wconf 88' lang='lat' dir='ltr'><strong>ad</strong></span> <span class='ocrx_word' id='word_1_177' title='bbox 613 2157 736 2221; x_wconf 83' lang='lat' dir='ltr'><strong>verbum</strong></span> <span class='ocrx_word' id='word_1_178' title='bbox 760 2158 943 2221; x_wconf 84' lang='lat' dir='ltr'><strong>translatam.</strong></span> <span class='ocrx_word' id='word_1_179' title='bbox 975 2157 1071 2237; x_wconf 90' lang='lat' dir='ltr'><strong>lgitur</strong></span> <span class='ocrx_word' id='word_1_180' title='bbox 1086 2157 1208 2220; x_wconf 85' lang='lat' dir='ltr'><strong>Graecis</strong></span> <span class='ocrx_word' id='word_1_181' title='bbox 1230 2165 1391 2221; x_wconf 83' lang='lat' dir='ltr'><strong>notuerat</strong></span> <span class='ocrx_word' id='word_1_182' title='bbox 1410 2158 1473 2220; x_wconf 83' lang='lat' dir='ltr'><strong>‹luo-</strong></span> 
     </span>
     <span class='ocr_line' id='line_1_20' title="bbox 212 2257 1473 2340; baseline -0.002 -19"><span class='ocrx_word' id='word_1_183' title='bbox 212 2259 270 2322; x_wconf 87' lang='lat' dir='ltr'><strong>hus</strong></span> <span class='ocrx_word' id='word_1_184' title='bbox 300 2279 397 2340; x_wconf 88' lang='lat' dir='ltr'><strong>prope</strong></span> <span class='ocrx_word' id='word_1_185' title='bbox 429 2259 559 2323; x_wconf 88' lang='lat' dir='ltr'><strong>saeculis</strong></span> <span class='ocrx_word' id='word_1_186' title='bbox 592 2269 752 2340; x_wconf 85' lang='lat' dir='ltr'><strong>antequam</strong></span> <span class='ocrx_word' id='word_1_187' title='bbox 774 2279 791 2322; x_wconf 87' lang='lat' dir='ltr'><strong>a</strong></span> <span class='ocrx_word' id='word_1_188' title='bbox 813 2263 962 2340; x_wconf 79' lang='lat' dir='ltr'><strong>symeone</strong></span> <span class='ocrx_word' id='word_1_189' title='bbox 984 2258 1186 2339; x_wconf 85' lang='lat' dir='ltr'><strong>Aletaphraste</strong></span> <span class='ocrx_word' id='word_1_190' title='bbox 1208 2269 1425 2334; x_wconf 85' lang='lat' dir='ltr'><strong>recenseretur,</strong></span> <span class='ocrx_word' id='word_1_191' title='bbox 1452 2257 1473 2319; x_wconf 89' lang='lat' dir='ltr'><strong>si</strong></span> 
     </span>
     <span class='ocr_line' id='line_1_21' title="bbox 215 2360 1472 2443; baseline 0.002 -22"><span class='ocrx_word' id='word_1_192' title='bbox 215 2360 335 2441; x_wconf 88' lang='lat' dir='ltr'><strong>quidem</strong></span> <span class='ocrx_word' id='word_1_193' title='bbox 369 2361 487 2424; x_wconf 87' lang='lat' dir='ltr'><strong>decimo</strong></span> <span class='ocrx_word' id='word_1_194' title='bbox 518 2362 640 2424; x_wconf 88' lang='lat' dir='ltr'><strong>saeculo</strong></span> <span class='ocrx_word' id='word_1_195' title='bbox 673 2361 754 2436; x_wconf 84' lang='lat' dir='ltr'><strong>vixit,</strong></span> <span class='ocrx_word' id='word_1_196' title='bbox 789 2371 822 2423; x_wconf 90' lang='lat' dir='ltr'><strong>ut</strong></span> <span class='ocrx_word' id='word_1_197' title='bbox 841 2361 966 2424; x_wconf 87' lang='lat' dir='ltr'><strong>Allatius</strong></span> <span class='ocrx_word' id='word_1_198' title='bbox 999 2360 1102 2423; x_wconf 89' lang='lat' dir='ltr'><strong>multis</strong></span> <span class='ocrx_word' id='word_1_199' title='bbox 1130 2361 1316 2438; x_wconf 75' lang='lat' dir='ltr'><strong>argumentis</strong></span> <span class='ocrx_word' id='word_1_200' title='bbox 1338 2360 1472 2443; x_wconf 76' lang='lat' dir='ltr'><strong>probarit.</strong></span> 
     </span>
     <span class='ocr_line' id='line_1_22' title="bbox 213 2461 1471 2544; baseline 0.001 -21"><span class='ocrx_word' id='word_1_201' title='bbox 213 2462 295 2524; x_wconf 87' lang='lat' dir='ltr'><strong>llaec</strong></span> <span class='ocrx_word' id='word_1_202' title='bbox 325 2480 417 2542; x_wconf 90' lang='lat' dir='ltr'><strong>porro</strong></span> <span class='ocrx_word' id='word_1_203' title='bbox 441 2470 510 2524; x_wconf 92' lang='lat' dir='ltr'><strong>sunt</strong></span> <span class='ocrx_word' id='word_1_204' title='bbox 533 2481 608 2542; x_wconf 89' lang='lat' dir='ltr'><strong>quae</strong></span> <span class='ocrx_word' id='word_1_205' title='bbox 631 2463 661 2523; x_wconf 94' lang='lat' dir='ltr'><strong>in</strong></span> <span class='ocrx_word' id='word_1_206' title='bbox 685 2463 736 2524; x_wconf 87' lang='lat' dir='ltr'><strong>illa</strong></span> <span class='ocrx_word' id='word_1_207' title='bbox 758 2461 961 2544; x_wconf 91' lang='lat' dir='ltr'><strong>Amphilochii</strong></span> <span class='ocrx_word' id='word_1_208' title='bbox 983 2463 1042 2524; x_wconf 89' lang='lat' dir='ltr'><strong>vita</strong></span> <span class='ocrx_word' id='word_1_209' title='bbox 1064 2461 1212 2540; x_wconf 92' lang='lat' dir='ltr'><strong>leguntur,</strong></span> <span class='ocrx_word' id='word_1_210' title='bbox 1246 2470 1276 2524; x_wconf 92' lang='lat' dir='ltr'><strong>et</strong></span> <span class='ocrx_word' id='word_1_211' title='bbox 1295 2481 1375 2544; x_wconf 75' lang='lat' dir='ltr'><strong>quse</strong></span> <span class='ocrx_word' id='word_1_212' title='bbox 1396 2463 1471 2526; x_wconf 77' lang='lat' dir='ltr'><strong>retes</strong></span> 
     </span>
     <span class='ocr_line' id='line_1_23' title="bbox 213 2562 1512 2645; baseline -0.002 -20"><span class='ocrx_word' id='word_1_213' title='bbox 213 2566 330 2625; x_wconf 87' lang='lat' dir='ltr'><strong>Aeneas</strong></span> <span class='ocrx_word' id='word_1_214' title='bbox 352 2562 544 2636; x_wconf 87' lang='lat' dir='ltr'><strong>Parisiensis,</strong></span> <span class='ocrx_word' id='word_1_215' title='bbox 578 2563 609 2624; x_wconf 89' lang='lat' dir='ltr'><strong>io</strong></span> <span class='ocrx_word' id='word_1_216' title='bbox 632 2562 834 2626; x_wconf 84' lang='lat' dir='ltr'><strong>lraecverba:</strong></span> <span class='ocrx_word' id='word_1_217' title='bbox 872 2566 962 2627; x_wconf 89' lang='lat' dir='ltr'><strong>Post</strong></span> <span class='ocrx_word' id='word_1_218' title='bbox 986 2563 1318 2645; x_wconf 85' lang='lat' dir='ltr'><strong>quoddomautem</strong></span> <span class='ocrx_word' id='word_1_219' title='bbox 1342 2575 1469 2645; x_wconf 88' lang='lat' dir='ltr'><strong>tempus</strong></span> <span class='ocrx_word' id='word_1_220' title='bbox 1508 2586 1512 2619; x_wconf 62' lang='lat'><strong>1·</strong></span> 
     </span>
     <span class='ocr_line' id='line_1_24' title="bbox 213 2663 1512 2745; baseline -0.001 -20"><span class='ocrx_word' id='word_1_221' title='bbox 213 2663 430 2743; x_wconf 83' lang='lat' dir='ltr'><strong>postulauit</strong></span> <span class='ocrx_word' id='word_1_222' title='bbox 453 2664 579 2735; x_wconf 85' lang='lat' dir='ltr'><strong>Deum,</strong></span> <span class='ocrx_word' id='word_1_223' title='bbox 611 2674 650 2724; x_wconf 93' lang='lat' dir='ltr'><strong>ut</strong></span> <span class='ocrx_word' id='word_1_224' title='bbox 682 2664 788 2726; x_wconf 88' lang='lat' dir='ltr'><strong>daret</strong></span> <span class='ocrx_word' id='word_1_225' title='bbox 819 2666 880 2726; x_wconf 92' lang='lat' dir='ltr'><strong>illi</strong></span> <span class='ocrx_word' id='word_1_226' title='bbox 912 2667 1071 2744; x_wconf 90' lang='lat' dir='ltr'><strong>gratiam</strong></span> <span class='ocrx_word' id='word_1_227' title='bbox 1105 2674 1221 2745; x_wconf 90' lang='lat' dir='ltr'><strong>atque</strong></span> <span class='ocrx_word' id='word_1_228' title='bbox 1245 2667 1468 2729; x_wconf 87' lang='lat' dir='ltr'><strong>intellectum</strong></span> <span class='ocrx_word' id='word_1_229' title='bbox 1509 2674 1512 2709; x_wconf 74' lang='lat' dir='ltr'><strong>t</strong></span> 
     </span>
     <span class='ocr_line' id='line_1_25' title="bbox 215 2758 1512 2846; baseline 0 -23"><span class='ocrx_word' id='word_1_230' title='bbox 215 2763 387 2844; x_wconf 90' lang='lat' dir='ltr'><strong>propriis</strong></span> <span class='ocrx_word' id='word_1_231' title='bbox 410 2764 655 2826; x_wconf 87' lang='lat' dir='ltr'><strong>sermonibus</strong></span> <span class='ocrx_word' id='word_1_232' title='bbox 678 2766 822 2828; x_wconf 86' lang='lat' dir='ltr'><strong>olierre</strong></span> <span class='ocrx_word' id='word_1_233' title='bbox 840 2764 1467 2846; x_wconf 77' lang='lat' dir='ltr'><strong>insanguineumsacrificiumilli,</strong></span> <span class='ocrx_word' id='word_1_234' title='bbox 1506 2758 1512 2825; x_wconf 70' lang='grc' dir='ltr'>ξ</span> 
     </span>
     <span class='ocr_line' id='line_1_26' title="bbox 214 2856 1512 2947; baseline 0.002 -22"><span class='ocrx_word' id='word_1_235' title='bbox 214 2875 253 2926; x_wconf 89' lang='lat' dir='ltr'><strong>et</strong></span> <span class='ocrx_word' id='word_1_236' title='bbox 279 2865 412 2928; x_wconf 89' lang='lat' dir='ltr'><strong>venire</strong></span> <span class='ocrx_word' id='word_1_237' title='bbox 447 2883 665 2945; x_wconf 89' lang='lat' dir='ltr'><strong>supereum</strong></span> <span class='ocrx_word' id='word_1_238' title='bbox 688 2868 811 2929; x_wconf 89' lang='lat' dir='ltr'><strong>sancti</strong></span> <span class='ocrx_word' id='word_1_239' title='bbox 835 2868 1008 2947; x_wconf 82' lang='lat' dir='ltr'><strong>Spiritus</strong></span> <span class='ocrx_word' id='word_1_240' title='bbox 1031 2869 1244 2931; x_wconf 88' lang='lat' dir='ltr'><strong>adventum.</strong></span> <span class='ocrx_word' id='word_1_241' title='bbox 1288 2869 1466 2931; x_wconf 85' lang='lat' dir='ltr'><strong>Postdics</strong></span> <span class='ocrx_word' id='word_1_242' title='bbox 1508 2856 1512 2867; x_wconf 71' lang='lat'>&#39;</span> 
     </span>
     <span class='ocr_line' id='line_1_27' title="bbox 214 2967 1512 3050; baseline -0.001 -23"><span class='ocrx_word' id='word_1_243' title='bbox 214 2985 300 3028; x_wconf 86' lang='lat' dir='ltr'><strong>roro</strong></span> <span class='ocrx_word' id='word_1_244' title='bbox 334 2986 415 3041; x_wconf 86' lang='lat' dir='ltr'><strong>sex,</strong></span> <span class='ocrx_word' id='word_1_245' title='bbox 449 2968 552 3029; x_wconf 91' lang='lat' dir='ltr'><strong>sicut</strong></span> <span class='ocrx_word' id='word_1_246' title='bbox 585 2967 623 3028; x_wconf 93' lang='lat' dir='ltr'><strong>in</strong></span> <span class='ocrx_word' id='word_1_247' title='bbox 653 2978 783 3031; x_wconf 85' lang='lat' dir='ltr'><strong>extase</strong></span> <span class='ocrx_word' id='word_1_248' title='bbox 805 2970 933 3031; x_wconf 88' lang='lat' dir='ltr'><strong>lactus</strong></span> <span class='ocrx_word' id='word_1_249' title='bbox 956 2972 1123 3032; x_wconf 81' lang='lat' dir='ltr'><strong>adventu</strong></span> <span class='ocrx_word' id='word_1_250' title='bbox 1145 2971 1270 3031; x_wconf 88' lang='lat' dir='ltr'><strong>sancti</strong></span> <span class='ocrx_word' id='word_1_251' title='bbox 1293 2971 1466 3050; x_wconf 88' lang='lat' dir='ltr'><strong>Spiritus,</strong></span> <span class='ocrx_word' id='word_1_252' title='bbox 1510 3032 1512 3043; x_wconf 34' lang='lat'>¹</span> 
     </span>
     <span class='ocr_line' id='line_1_28' title="bbox 215 3068 1467 3151; baseline 0.001 -22"><span class='ocrx_word' id='word_1_253' title='bbox 215 3070 380 3147; x_wconf 90' lang='lat' dir='ltr'><strong>septima</strong></span> <span class='ocrx_word' id='word_1_254' title='bbox 413 3068 472 3130; x_wconf 90' lang='lat' dir='ltr'><strong>die</strong></span> <span class='ocrx_word' id='word_1_255' title='bbox 503 3069 832 3149; x_wconf 85' lang='lat' dir='ltr'><strong>apprehendente,</strong></span> <span class='ocrx_word' id='word_1_256' title='bbox 871 3072 1001 3151; x_wconf 90' lang='lat' dir='ltr'><strong>coepit</strong></span> <span class='ocrx_word' id='word_1_257' title='bbox 1031 3071 1259 3133; x_wconf 87' lang='lat' dir='ltr'><strong>ministrare</strong></span> <span class='ocrx_word' id='word_1_258' title='bbox 1290 3072 1380 3144; x_wconf 85' lang='lat' dir='ltr'><strong>Deo,</strong></span> <span class='ocrx_word' id='word_1_259' title='bbox 1414 3083 1467 3151; x_wconf 88' lang='lat' dir='ltr'><strong>per</strong></span> 
     </span>
     <span class='ocr_line' id='line_1_29' title="bbox 215 3170 1467 3253; baseline 0.008 -24"><span class='ocrx_word' id='word_1_260' title='bbox 215 3170 391 3248; x_wconf 91' lang='lat' dir='ltr'><strong>singulos</strong></span> <span class='ocrx_word' id='word_1_261' title='bbox 426 3171 519 3230; x_wconf 89' lang='lat' dir='ltr'><strong>dies.</strong></span> <span class='ocrx_word' id='word_1_262' title='bbox 563 3171 607 3231; x_wconf 88' lang='lat' dir='ltr'><strong>Et</strong></span> <span class='ocrx_word' id='word_1_263' title='bbox 638 3182 728 3250; x_wconf 86' lang='lat' dir='ltr'><strong>post</strong></span> <span class='ocrx_word' id='word_1_264' title='bbox 756 3173 911 3252; x_wconf 87' lang='lat' dir='ltr'><strong>aliquod</strong></span> <span class='ocrx_word' id='word_1_265' title='bbox 936 3183 1098 3253; x_wconf 91' lang='lat' dir='ltr'><strong>tempus,</strong></span> <span class='ocrx_word' id='word_1_266' title='bbox 1132 3172 1209 3233; x_wconf 86' lang='lat' dir='ltr'><strong>lide</strong></span> <span class='ocrx_word' id='word_1_267' title='bbox 1232 3174 1467 3238; x_wconf 77' lang='lat' dir='ltr'><strong>eiuratione,</strong></span> 
     </span>
     <span class='ocr_line' id='line_1_30' title="bbox 215 3270 1467 3354; baseline -0.002 -22"><span class='ocrx_word' id='word_1_268' title='bbox 215 3273 344 3352; x_wconf 93' lang='lat' dir='ltr'><strong>coepit</strong></span> <span class='ocrx_word' id='word_1_269' title='bbox 366 3270 522 3351; x_wconf 86' lang='lat' dir='ltr'><strong>propria</strong></span> <span class='ocrx_word' id='word_1_270' title='bbox 545 3289 651 3333; x_wconf 88' lang='lat' dir='ltr'><strong>manu</strong></span> <span class='ocrx_word' id='word_1_271' title='bbox 675 3275 851 3351; x_wconf 86' lang='lat' dir='ltr'><strong>scribere</strong></span> <span class='ocrx_word' id='word_1_272' title='bbox 874 3274 1180 3336; x_wconf 89' lang='lat' dir='ltr'><strong>ministrationis</strong></span> <span class='ocrx_word' id='word_1_273' title='bbox 1203 3276 1393 3354; x_wconf 80' lang='lat' dir='ltr'><strong>mysteria.</strong></span> <span class='ocrx_word' id='word_1_274' title='bbox 1420 3275 1467 3334; x_wconf 86' lang='lat' dir='ltr'><strong>At·</strong></span> 
     </span>
     <span class='ocr_line' id='line_1_31' title="bbox 215 3374 1469 3455; baseline 0.001 -22"><span class='ocrx_word' id='word_1_275' title='bbox 215 3390 287 3452; x_wconf 91' lang='lat' dir='ltr'><strong>que</strong></span> <span class='ocrx_word' id='word_1_276' title='bbox 319 3390 389 3433; x_wconf 90' lang='lat' dir='ltr'><strong>una</strong></span> <span class='ocrx_word' id='word_1_277' title='bbox 423 3380 533 3433; x_wconf 88' lang='lat' dir='ltr'><strong>nocte</strong></span> <span class='ocrx_word' id='word_1_278' title='bbox 563 3374 773 3438; x_wconf 86' lang='lat' dir='ltr'><strong>adveniens</strong></span> <span class='ocrx_word' id='word_1_279' title='bbox 796 3378 828 3439; x_wconf 88' lang='lat' dir='ltr'><strong>ei</strong></span> <span class='ocrx_word' id='word_1_280' title='bbox 852 3376 1088 3439; x_wconf 24' lang='lat' dir='ltr'><strong>Dominussin</strong></span> <span class='ocrx_word' id='word_1_281' title='bbox 1111 3376 1263 3438; x_wconf 86' lang='lat' dir='ltr'><strong>risione</strong></span> <span class='ocrx_word' id='word_1_282' title='bbox 1285 3395 1365 3439; x_wconf 91' lang='lat' dir='ltr'><strong>cum</strong></span> <span class='ocrx_word' id='word_1_283' title='bbox 1386 3378 1469 3455; x_wconf 92' lang='lat' dir='ltr'><strong>Apo·</strong></span> 
     </span>
     <span class='ocr_line' id='line_1_32' title="bbox 215 3473 1470 3556; baseline -0.001 -21"><span class='ocrx_word' id='word_1_284' title='bbox 215 3473 349 3548; x_wconf 88' lang='lat' dir='ltr'><strong>stolis,</strong></span> <span class='ocrx_word' id='word_1_285' title='bbox 371 3473 687 3553; x_wconf 86' lang='lat' dir='ltr'><strong>propositionem</strong></span> <span class='ocrx_word' id='word_1_286' title='bbox 710 3477 819 3556; x_wconf 90' lang='lat' dir='ltr'><strong>panis</strong></span> <span class='ocrx_word' id='word_1_287' title='bbox 842 3478 989 3539; x_wconf 86' lang='lat' dir='ltr'><strong>iaciens</strong></span> <span class='ocrx_word' id='word_1_288' title='bbox 1013 3478 1050 3540; x_wconf 92' lang='lat' dir='ltr'><strong>in</strong></span> <span class='ocrx_word' id='word_1_289' title='bbox 1073 3487 1207 3541; x_wconf 89' lang='lat' dir='ltr'><strong>sancto</strong></span> <span class='ocrx_word' id='word_1_290' title='bbox 1231 3477 1365 3553; x_wconf 85' lang='lat' dir='ltr'><strong>altari,</strong></span> <span class='ocrx_word' id='word_1_291' title='bbox 1388 3473 1470 3541; x_wconf 85' lang='lat' dir='ltr'><strong>exci-</strong></span> 
     </span>
     <span class='ocr_line' id='line_1_33' title="bbox 214 3574 1472 3661; baseline 0.007 -25"><span class='ocrx_word' id='word_1_292' title='bbox 214 3574 310 3637; x_wconf 88' lang='lat' dir='ltr'><strong>tavit</strong></span> <span class='ocrx_word' id='word_1_293' title='bbox 332 3574 536 3648; x_wconf 86' lang='lat' dir='ltr'><strong>Basilium,</strong></span> <span class='ocrx_word' id='word_1_294' title='bbox 571 3575 704 3639; x_wconf 89' lang='lat' dir='ltr'><strong>dicens</strong></span> <span class='ocrx_word' id='word_1_295' title='bbox 737 3579 787 3653; x_wconf 90' lang='lat' dir='ltr'><strong>ei,</strong></span> <span class='ocrx_word' id='word_1_296' title='bbox 820 3579 1022 3642; x_wconf 90' lang='lat' dir='ltr'><strong>secundum</strong></span> <span class='ocrx_word' id='word_1_297' title='bbox 1046 3598 1145 3642; x_wconf 89' lang='lat' dir='ltr'><strong>suam</strong></span> <span class='ocrx_word' id='word_1_298' title='bbox 1168 3580 1472 3661; x_wconf 82' lang='lat' dir='ltr'><strong>postulationem</strong></span> 
     </span>
     <span class='ocr_line' id='line_1_34' title="bbox 214 3677 1472 3761; baseline 0.002 -25"><span class='ocrx_word' id='word_1_299' title='bbox 214 3677 420 3755; x_wconf 85' lang='lat' dir='ltr'><strong>Repleatur</strong></span> <span class='ocrx_word' id='word_1_300' title='bbox 442 3695 482 3736; x_wconf 94' lang='lat' dir='ltr'><strong>os</strong></span> <span class='ocrx_word' id='word_1_301' title='bbox 506 3685 606 3738; x_wconf 92' lang='lat' dir='ltr'><strong>tuum</strong></span> <span class='ocrx_word' id='word_1_302' title='bbox 629 3677 755 3750; x_wconf 89' lang='lat' dir='ltr'><strong>laude,</strong></span> <span class='ocrx_word' id='word_1_303' title='bbox 780 3691 816 3740; x_wconf 94' lang='lat' dir='ltr'><strong>ut</strong></span> <span class='ocrx_word' id='word_1_304' title='bbox 838 3700 905 3760; x_wconf 87' lang='lat' dir='ltr'><strong>per</strong></span> <span class='ocrx_word' id='word_1_305' title='bbox 922 3681 1104 3761; x_wconf 89' lang='lat' dir='ltr'><strong>proprios</strong></span> <span class='ocrx_word' id='word_1_306' title='bbox 1121 3701 1319 3744; x_wconf 88' lang='lat' dir='ltr'><strong>sermones</strong></span> <span class='ocrx_word' id='word_1_307' title='bbox 1336 3683 1472 3746; x_wconf 79' lang='lat' dir='ltr'><strong>citeros</strong></span> 
     </span>
     <span class='ocr_line' id='line_1_35' title="bbox 215 3778 1475 3862; baseline 0.005 -25"><span class='ocrx_word' id='word_1_308' title='bbox 215 3778 508 3858; x_wconf 78' lang='lat' dir='ltr'><strong>insanguineum</strong></span> <span class='ocrx_word' id='word_1_309' title='bbox 532 3779 788 3855; x_wconf 78' lang='lat' dir='ltr'><strong>sacrificium,</strong></span> <span class='ocrx_word' id='word_1_310' title='bbox 823 3783 885 3862; x_wconf 92' lang='lat' dir='ltr'><strong>qui</strong></span> <span class='ocrx_word' id='word_1_311' title='bbox 915 3801 987 3843; x_wconf 91' lang='lat' dir='ltr'><strong>non</strong></span> <span class='ocrx_word' id='word_1_312' title='bbox 1011 3784 1140 3844; x_wconf 81' lang='lat' dir='ltr'><strong>serens</strong></span> <span class='ocrx_word' id='word_1_313' title='bbox 1162 3783 1367 3856; x_wconf 86' lang='lat' dir='ltr'><strong>visionem,</strong></span> <span class='ocrx_word' id='word_1_314' title='bbox 1400 3802 1475 3846; x_wconf 92' lang='lat' dir='ltr'><strong>sur·</strong></span> 
     </span>
     <span class='ocr_line' id='line_1_36' title="bbox 213 3881 1477 3965; baseline 0.006 -27"><span class='ocrx_word' id='word_1_315' title='bbox 213 3881 315 3941; x_wconf 86' lang='lat' dir='ltr'><strong>rexit</strong></span> <span class='ocrx_word' id='word_1_316' title='bbox 345 3900 426 3942; x_wconf 89' lang='lat' dir='ltr'><strong>curn</strong></span> <span class='ocrx_word' id='word_1_317' title='bbox 460 3888 640 3953; x_wconf 92' lang='lat' dir='ltr'><strong>tremore,</strong></span> <span class='ocrx_word' id='word_1_318' title='bbox 674 3890 710 3942; x_wconf 91' lang='lat' dir='ltr'><strong>et</strong></span> <span class='ocrx_word' id='word_1_319' title='bbox 742 3883 928 3946; x_wconf 86' lang='lat' dir='ltr'><strong>accedens</strong></span> <span class='ocrx_word' id='word_1_320' title='bbox 961 3885 1002 3947; x_wconf 88' lang='lat' dir='ltr'><strong>ad</strong></span> <span class='ocrx_word' id='word_1_321' title='bbox 1034 3886 1157 3948; x_wconf 85' lang='lat' dir='ltr'><strong>altare</strong></span> <span class='ocrx_word' id='word_1_322' title='bbox 1189 3886 1320 3965; x_wconf 88' lang='lat' dir='ltr'><strong>coepit</strong></span> <span class='ocrx_word' id='word_1_323' title='bbox 1354 3886 1477 3948; x_wconf 90' lang='lat' dir='ltr'><strong>dicere</strong></span> 
     </span>
     <span class='ocr_line' id='line_1_37' title="bbox 213 3980 1478 4064; baseline 0.006 -25"><span class='ocrx_word' id='word_1_324' title='bbox 213 3980 390 4043; x_wconf 88' lang='lat' dir='ltr'><strong>scribens</strong></span> <span class='ocrx_word' id='word_1_325' title='bbox 414 3981 451 4042; x_wconf 89' lang='lat' dir='ltr'><strong>io</strong></span> <span class='ocrx_word' id='word_1_326' title='bbox 475 3981 605 4043; x_wconf 85' lang='lat' dir='ltr'><strong>charta</strong></span> <span class='ocrx_word' id='word_1_327' title='bbox 628 3981 699 4055; x_wconf 91' lang='lat' dir='ltr'><strong>sic,</strong></span> <span class='ocrx_word' id='word_1_328' title='bbox 722 3983 929 4064; x_wconf 86' lang='lat' dir='ltr'><strong>llepleatur</strong></span> <span class='ocrx_word' id='word_1_329' title='bbox 950 4006 990 4048; x_wconf 87' lang='lat' dir='ltr'><strong>os</strong></span> <span class='ocrx_word' id='word_1_330' title='bbox 1012 4006 1130 4050; x_wconf 90' lang='lat' dir='ltr'><strong>meum</strong></span> <span class='ocrx_word' id='word_1_331' title='bbox 1152 3986 1263 4050; x_wconf 89' lang='lat' dir='ltr'><strong>laude</strong></span> <span class='ocrx_word' id='word_1_332' title='bbox 1286 3996 1345 4051; x_wconf 88' lang='lat' dir='ltr'><strong>etc.</strong></span> <span class='ocrx_word' id='word_1_333' title='bbox 1368 3988 1478 4051; x_wconf 90' lang='lat' dir='ltr'><strong>scilicet</strong></span> 
     </span>
     <span class='ocr_line' id='line_1_38' title="bbox 214 4081 658 4162; baseline 0.005 -21"><span class='ocrx_word' id='word_1_334' title='bbox 214 4081 345 4161; x_wconf 89' lang='lat' dir='ltr'><strong>reliquas</strong></span> <span class='ocrx_word' id='word_1_335' title='bbox 368 4083 519 4160; x_wconf 90' lang='lat' dir='ltr'><strong>Liturgiae</strong></span> <span class='ocrx_word' id='word_1_336' title='bbox 540 4102 658 4162; x_wconf 88' lang='lat' dir='ltr'><strong>preces.</strong></span> 
     </span>
    </p>

    <p class='ocr_par' dir='ltr' id='par_1_3' title="bbox 213 4182 1492 4580">
     <span class='ocr_line' id='line_1_39' title="bbox 298 4182 1483 4273; baseline 0.008 -30"><span class='ocrx_word' id='word_1_337' title='bbox 298 4184 494 4261; x_wconf 76' lang='lat' dir='ltr'><strong>Agnoscimus</strong></span> <span class='ocrx_word' id='word_1_338' title='bbox 517 4203 587 4247; x_wconf 90' lang='lat' dir='ltr'><strong>sane</strong></span> <span class='ocrx_word' id='word_1_339' title='bbox 610 4185 641 4246; x_wconf 94' lang='lat' dir='ltr'><strong>in</strong></span> <span class='ocrx_word' id='word_1_340' title='bbox 665 4185 721 4246; x_wconf 90' lang='lat' dir='ltr'><strong>ista</strong></span> <span class='ocrx_word' id='word_1_341' title='bbox 744 4187 914 4251; x_wconf 83' lang='lat' dir='ltr'><strong>narratione</strong></span> <span class='ocrx_word' id='word_1_342' title='bbox 937 4189 1116 4251; x_wconf 86' lang='lat' dir='ltr'><strong>Graecorum</strong></span> <span class='ocrx_word' id='word_1_343' title='bbox 1140 4182 1354 4273; x_wconf 75' lang='grc' dir='ltr'><strong><em>φιλόμυθον;</em></strong></span> <span class='ocrx_word' id='word_1_344' title='bbox 1378 4191 1483 4254; x_wconf 84' lang='lat' dir='ltr'><strong>necin</strong></span> 
     </span>
     <span class='ocr_line' id='line_1_40' title="bbox 213 4282 1485 4368; baseline 0.012 -27"><span class='ocrx_word' id='word_1_345' title='bbox 213 4282 389 4363; x_wconf 63' lang='lat' dir='ltr'><strong>vindicanda</strong></span> <span class='ocrx_word' id='word_1_346' title='bbox 419 4285 500 4347; x_wconf 90' lang='lat' dir='ltr'><strong>illius</strong></span> <span class='ocrx_word' id='word_1_347' title='bbox 521 4285 645 4349; x_wconf 87' lang='lat' dir='ltr'><strong>veritate</strong></span> <span class='ocrx_word' id='word_1_348' title='bbox 668 4306 759 4368; x_wconf 91' lang='lat' dir='ltr'><strong>opera</strong></span> <span class='ocrx_word' id='word_1_349' title='bbox 782 4289 952 4352; x_wconf 90' lang='lat' dir='ltr'><strong>ahutemur:</strong></span> <span class='ocrx_word' id='word_1_350' title='bbox 985 4291 1058 4352; x_wconf 90' lang='lat' dir='ltr'><strong>illud</strong></span> <span class='ocrx_word' id='word_1_351' title='bbox 1079 4290 1285 4352; x_wconf 88' lang='lat' dir='ltr'><strong>tantummodo</strong></span> <span class='ocrx_word' id='word_1_352' title='bbox 1311 4291 1485 4355; x_wconf 85' lang='lat' dir='ltr'><strong>observabi-</strong></span> 
     </span>
     <span class='ocr_line' id='line_1_41' title="bbox 215 4384 1486 4476; baseline 0.009 -29"><span class='ocrx_word' id='word_1_353' title='bbox 215 4401 281 4447; x_wconf 85' lang='lat' dir='ltr'><strong>mus</strong></span> <span class='ocrx_word' id='word_1_354' title='bbox 303 4384 469 4466; x_wconf 89' lang='lat' dir='ltr'><strong>simplicem</strong></span> <span class='ocrx_word' id='word_1_355' title='bbox 492 4386 574 4448; x_wconf 91' lang='lat' dir='ltr'><strong>illius</strong></span> <span class='ocrx_word' id='word_1_356' title='bbox 597 4390 777 4451; x_wconf 88' lang='lat' dir='ltr'><strong>narrationis</strong></span> <span class='ocrx_word' id='word_1_357' title='bbox 794 4410 917 4453; x_wconf 90' lang='lat' dir='ltr'><strong>sensum</strong></span> <span class='ocrx_word' id='word_1_358' title='bbox 933 4412 1009 4463; x_wconf 89' lang='lat' dir='ltr'><strong>esse,</strong></span> <span class='ocrx_word' id='word_1_359' title='bbox 1032 4392 1183 4466; x_wconf 88' lang='lat' dir='ltr'><strong>Basilium,</strong></span> <span class='ocrx_word' id='word_1_360' title='bbox 1206 4402 1368 4476; x_wconf 86' lang='lat' dir='ltr'><strong>antequam</strong></span> <span class='ocrx_word' id='word_1_361' title='bbox 1384 4414 1486 4458; x_wconf 86' lang='lat' dir='ltr'><strong>sacras</strong></span> 
     </span>
     <span class='ocr_line' id='line_1_42' title="bbox 213 4472 1492 4580; baseline 0.013 -34"><span class='ocrx_word' id='word_1_362' title='bbox 213 4472 791 4567; x_wconf 74' lang='lat' dir='ltr'><strong>Liturgiaeprecesordinaiet,1leum</strong></span> <span class='ocrx_word' id='word_1_363' title='bbox 814 4492 981 4568; x_wconf 86' lang='lat' dir='ltr'><strong>invocasse,</strong></span> <span class='ocrx_word' id='word_1_364' title='bbox 1009 4513 1104 4575; x_wconf 90' lang='lat' dir='ltr'><strong>eoque</strong></span> <span class='ocrx_word' id='word_1_365' title='bbox 1127 4494 1296 4576; x_wconf 85' lang='lat' dir='ltr'><strong>inspirante</strong></span> <span class='ocrx_word' id='word_1_366' title='bbox 1317 4515 1398 4578; x_wconf 91' lang='lat' dir='ltr'><strong>opus</strong></span> <span class='ocrx_word' id='word_1_367' title='bbox 1421 4516 1492 4580; x_wconf 88' lang='lat' dir='ltr'><strong>per-</strong></span> 
     </span>
    </p>
   </div>
   <div class='ocr_carea' id='block_1_3' title="bbox 0 0 1526 4912">
    <p class='ocr_par' dir='ltr' id='par_1_4' title="bbox 0 0 1526 4912">
     <span class='ocr_line' id='line_1_43' title="bbox 0 0 1526 4912; baseline 0 0"><span class='ocrx_word' id='word_1_368' title='bbox 0 0 1526 4912; x_wconf 95' lang='lat' dir='ltr'><strong> </strong></span> 
     </span>
    </p>
   </div>
  </div>
 </body>
</html>
