<?xml version="1.0" encoding="UTF-8"?>
<!DOCTYPE html PUBLIC "-//W3C//DTD XHTML 1.0 Transitional//EN"
    "http://www.w3.org/TR/xhtml1/DTD/xhtml1-transitional.dtd">
<html xmlns="http://www.w3.org/1999/xhtml" xml:lang="en" lang="en">
 <head>
  <title>
</title>
<meta http-equiv="Content-Type" content="text/html;charset=utf-8" />
  <meta name='ocr-system' content='tesseract 3.04.00' />
  <meta name='ocr-capabilities' content='ocr_page ocr_carea ocr_par ocr_line ocrx_word'/>
</head>
<body>
  <div class='ocr_page' id='page_1' title='image "./codexliturgicus05danigoog_0653.png"; bbox 0 0 3044 4912; ppageno 0'>
   <div class='ocr_carea' id='block_1_1' title="bbox 705 290 779 364">
    <p class='ocr_par' dir='ltr' id='par_1_1' title="bbox 705 290 779 364">
     <span class='ocr_line' id='line_1_1' title="bbox 705 290 779 364; baseline -0.041 0"><span class='ocrx_word' id='word_1_1' title='bbox 705 290 779 364; x_wconf 82' lang='lat'><strong><em>617</em></strong></span> 
     </span>
    </p>
   </div>
   <div class='ocr_carea' id='block_1_2' title="bbox 105 468 1379 774">
    <p class='ocr_par' dir='ltr' id='par_1_2' title="bbox 105 468 1378 774">
     <span class='ocr_line' id='line_1_2' title="bbox 105 468 1378 599; baseline 0.002 -51"><span class='ocrx_word' id='word_1_2' title='bbox 105 468 338 569; x_wconf 66' lang='grc' dir='ltr'><strong><em>Ῐαίρησαι</em></strong></span> <span class='ocrx_word' id='word_1_3' title='bbox 299 499 368 568; x_wconf 88' lang='grc' dir='ltr'><strong><em>την</em></strong></span> <span class='ocrx_word' id='word_1_4' title='bbox 393 475 496 546; x_wconf 84' lang='grc' dir='ltr'><strong><em>ἴασιν</em></strong></span> <span class='ocrx_word' id='word_1_5' title='bbox 521 479 574 569; x_wconf 84' lang='grc' dir='ltr'><strong><em>τῶ</em></strong></span> <span class='ocrx_word' id='word_1_6' title='bbox 601 481 776 599; x_wconf 78' lang='grc' dir='ltr'><strong><em>νοσοῦντι</em></strong></span> <span class='ocrx_word' id='word_1_7' title='bbox 794 476 864 549; x_wconf 86' lang='grc' dir='ltr'><strong><em>σου</em></strong></span> <span class='ocrx_word' id='word_1_8' title='bbox 882 469 1017 569; x_wconf 81' lang='grc' dir='ltr'><strong><em>ύούλῳ.</em></strong></span> <span class='ocrx_word' id='word_1_9' title='bbox 1048 477 1251 572; x_wconf 68' lang='grc' dir='ltr'><strong><em>(Ῐίκτειρον,</em></strong></span> <span class='ocrx_word' id='word_1_10' title='bbox 1279 475 1378 573; x_wconf 80' lang='grc' dir='ltr'><strong><em>ἐλέη-</em></strong></span> 
     </span>
     <span class='ocr_line' id='line_1_3' title="bbox 105 544 1379 702; baseline 0.002 -53"><span class='ocrx_word' id='word_1_11' title='bbox 105 601 175 649; x_wconf 91' lang='grc' dir='ltr'><strong><em>σον</em></strong></span> <span class='ocrx_word' id='word_1_12' title='bbox 201 574 268 648; x_wconf 86' lang='grc' dir='ltr'><strong><em>τὸν</em></strong></span> <span class='ocrx_word' id='word_1_13' title='bbox 292 572 408 649; x_wconf 81' lang='grc' dir='ltr'><strong><em>πολλὰ</em></strong></span> <span class='ocrx_word' id='word_1_14' title='bbox 435 544 633 649; x_wconf 78' lang='grc' dir='ltr'><strong><em>ἐπιαικότα</em></strong></span> <span class='ocrx_word' id='word_1_15' title='bbox 648 575 711 649; x_wconf 76' lang='grc' dir='ltr'><strong><em>καί</em></strong></span> <span class='ocrx_word' id='word_1_16' title='bbox 728 583 807 653; x_wconf 88' lang='grc' dir='ltr'><strong><em>τῶν</em></strong></span> <span class='ocrx_word' id='word_1_17' title='bbox 826 571 1060 702; x_wconf 76' lang='grc' dir='ltr'><em>σφαλμάτων</em></span> <span class='ocrx_word' id='word_1_18' title='bbox 1077 574 1266 675; x_wconf 89' lang='grc' dir='ltr'><strong><em>λύτρωσαι</em></strong></span> <span class='ocrx_word' id='word_1_19' title='bbox 1282 584 1379 674; x_wconf 85' lang='grc' dir='ltr'><strong><em>Χρι-</em></strong></span> 
     </span>
     <span class='ocr_line' id='line_1_4' title="bbox 105 670 1002 774; baseline 0.001 -23"><span class='ocrx_word' id='word_1_20' title='bbox 105 674 183 765; x_wconf 79' lang='grc' dir='ltr'><strong><em>στὲ,</em></strong></span> <span class='ocrx_word' id='word_1_21' title='bbox 211 674 310 761; x_wconf 83' lang='grc' dir='ltr'><strong><em>όπως</em></strong></span> <span class='ocrx_word' id='word_1_22' title='bbox 334 670 536 772; x_wconf 79' lang='grc' dir='ltr'><strong><em>ύοξοίζη</em></strong></span> <span class='ocrx_word' id='word_1_23' title='bbox 496 705 566 772; x_wconf 88' lang='grc' dir='ltr'><strong><em>την</em></strong></span> <span class='ocrx_word' id='word_1_24' title='bbox 591 674 703 751; x_wconf 92' lang='grc' dir='ltr'><strong><em>θείαν</em></strong></span> <span class='ocrx_word' id='word_1_25' title='bbox 729 701 800 753; x_wconf 86' lang='grc' dir='ltr'><strong><em>σου</em></strong></span> <span class='ocrx_word' id='word_1_26' title='bbox 825 673 1002 774; x_wconf 72' lang='grc' dir='ltr'><strong><em>δύναμιν.</em></strong></span> 
     </span>
    </p>
   </div>
   <div class='ocr_carea' id='block_1_3' title="bbox 105 836 1384 1857">
    <p class='ocr_par' dir='ltr' id='par_1_3' title="bbox 610 836 873 972">
     <span class='ocr_line' id='line_1_5' title="bbox 610 836 873 972; baseline 0.011 -64"><span class='ocrx_word' id='word_1_27' title='bbox 610 836 702 928; x_wconf 81' lang='grc' dir='ltr'><strong><em>Ὠιδὴ</em></strong></span> <span class='ocrx_word' id='word_1_28' title='bbox 723 839 873 972; x_wconf 77' lang='grc' dir='ltr'><strong><em>τετάρτη.</em></strong></span> 
     </span>
    </p>

    <p class='ocr_par' dir='ltr' id='par_1_4' title="bbox 105 941 1380 1248">
     <span class='ocr_line' id='line_1_6' title="bbox 186 941 1379 1079; baseline 0.004 -61.026"><span class='ocrx_word' id='word_1_29' title='bbox 186 941 501 1074; x_wconf 77' lang='grc' dir='ltr'><strong><em>Ἀθιοίφθορον</em></strong></span> <span class='ocrx_word' id='word_1_30' title='bbox 472 974 523 1028; x_wconf 90' lang='grc' dir='ltr'><strong><em>ως</em></strong></span> <span class='ocrx_word' id='word_1_31' title='bbox 547 943 671 1042; x_wconf 91' lang='grc' dir='ltr'><strong><em>μύρον</em></strong></span> <span class='ocrx_word' id='word_1_32' title='bbox 696 945 866 1079; x_wconf 50' lang='lat'>06660‘</span> <span class='ocrx_word' id='word_1_33' title='bbox 844 943 1038 1043; x_wconf 84' lang='grc' dir='ltr'><strong><em>υποίρχων,</em></strong></span> <span class='ocrx_word' id='word_1_34' title='bbox 1074 946 1117 1022; x_wconf 88' lang='grc' dir='ltr'><strong><em>τὸ</em></strong></span> <span class='ocrx_word' id='word_1_35' title='bbox 1143 947 1312 1024; x_wconf 80' lang='grc' dir='ltr'><strong><em>κενωθὲν</em></strong></span> <span class='ocrx_word' id='word_1_36' title='bbox 1338 951 1379 1024; x_wconf 75' lang='grc' dir='ltr'><strong><em>ἐν</em></strong></span> 
     </span>
     <span class='ocr_line' id='line_1_7' title="bbox 105 1044 1380 1177; baseline 0.001 -55"><span class='ocrx_word' id='word_1_37' title='bbox 105 1044 231 1145; x_wconf 85' lang='grc' dir='ltr'><strong><em>χοίριτι</em></strong></span> <span class='ocrx_word' id='word_1_38' title='bbox 256 1047 320 1122; x_wconf 75' lang='grc' dir='ltr'><strong><em>καί</em></strong></span> <span class='ocrx_word' id='word_1_39' title='bbox 344 1045 488 1141; x_wconf 83' lang='grc' dir='ltr'><strong><em>κόσμον</em></strong></span> <span class='ocrx_word' id='word_1_40' title='bbox 512 1051 779 1177; x_wconf 83' lang='grc' dir='ltr'><strong><em>καθαῖρρν,</em></strong></span> <span class='ocrx_word' id='word_1_41' title='bbox 741 1076 934 1146; x_wconf 88' lang='grc' dir='ltr'><strong><em>οικτειρον,</em></strong></span> <span class='ocrx_word' id='word_1_42' title='bbox 960 1047 1109 1145; x_wconf 83' lang='grc' dir='ltr'><strong><em>ἐλέησον</em></strong></span> <span class='ocrx_word' id='word_1_43' title='bbox 1133 1049 1201 1125; x_wconf 88' lang='grc' dir='ltr'><strong><em>τὸν</em></strong></span> <span class='ocrx_word' id='word_1_44' title='bbox 1225 1059 1272 1146; x_wconf 76' lang='grc' dir='ltr'><strong><em>τῆ</em></strong></span> <span class='ocrx_word' id='word_1_45' title='bbox 1291 1049 1380 1148; x_wconf 81' lang='grc' dir='ltr'><strong><em>θείῳ</em></strong></span> 
     </span>
     <span class='ocr_line' id='line_1_8' title="bbox 105 1144 978 1248; baseline 0.001 -24"><span class='ocrx_word' id='word_1_46' title='bbox 105 1149 229 1224; x_wconf 87' lang='grc' dir='ltr'><strong><em>πίστει</em></strong></span> <span class='ocrx_word' id='word_1_47' title='bbox 253 1174 322 1224; x_wconf 90' lang='grc' dir='ltr'><strong><em>σου</em></strong></span> <span class='ocrx_word' id='word_1_48' title='bbox 348 1144 535 1238; x_wconf 78' lang='grc' dir='ltr'><em>μώλωπας</em></span> <span class='ocrx_word' id='word_1_49' title='bbox 559 1150 696 1245; x_wconf 85' lang='grc' dir='ltr'><strong><em>σαρκὸς</em></strong></span> <span class='ocrx_word' id='word_1_50' title='bbox 719 1150 978 1248; x_wconf 73' lang='grc' dir='ltr'><strong><em>ἐπαλείφοντα.</em></strong></span> 
     </span>
    </p>

    <p class='ocr_par' dir='ltr' id='par_1_5' title="bbox 106 1247 1381 1551">
     <span class='ocr_line' id='line_1_9' title="bbox 188 1247 1381 1377; baseline 0.003 -54.015"><span class='ocrx_word' id='word_1_51' title='bbox 188 1248 387 1346; x_wconf 79' lang='grc' dir='ltr'><strong><em>Ἱλαρύτηιι</em></strong></span> <span class='ocrx_word' id='word_1_52' title='bbox 423 1249 632 1377; x_wconf 65' lang='lat' dir='ltr'>ogopay6609</span> <span class='ocrx_word' id='word_1_53' title='bbox 664 1259 733 1328; x_wconf 82' lang='grc' dir='ltr'><strong><em>τοῦ</em></strong></span> <span class='ocrx_word' id='word_1_54' title='bbox 769 1259 839 1328; x_wconf 85' lang='grc' dir='ltr'><strong><em>σοῦ</em></strong></span> <span class='ocrx_word' id='word_1_55' title='bbox 874 1252 1006 1340; x_wconf 76' lang='grc' dir='ltr'><strong><em>ἐλέους,</em></strong></span> <span class='ocrx_word' id='word_1_56' title='bbox 1043 1259 1117 1327; x_wconf 83' lang='grc' dir='ltr'><strong><em>νῦν</em></strong></span> <span class='ocrx_word' id='word_1_57' title='bbox 1148 1250 1215 1335; x_wconf 82' lang='grc' dir='ltr'><strong><em>τὰς</em></strong></span> <span class='ocrx_word' id='word_1_58' title='bbox 1242 1247 1381 1347; x_wconf 76' lang='grc' dir='ltr'><strong><em>αἰσθή-</em></strong></span> 
     </span>
     <span class='ocr_line' id='line_1_10' title="bbox 106 1349 1379 1479; baseline 0 -52"><span class='ocrx_word' id='word_1_59' title='bbox 106 1377 195 1440; x_wconf 83' lang='grc' dir='ltr'><strong><em>σεις,</em></strong></span> <span class='ocrx_word' id='word_1_60' title='bbox 230 1352 403 1441; x_wconf 77' lang='grc' dir='ltr'><strong><em>δέσποτα,</em></strong></span> <span class='ocrx_word' id='word_1_61' title='bbox 427 1353 650 1479; x_wconf 71' lang='grc' dir='ltr'><strong><em>σφραγίσας</em></strong></span> <span class='ocrx_word' id='word_1_62' title='bbox 684 1360 764 1431; x_wconf 91' lang='grc' dir='ltr'><strong><em>σῶν</em></strong></span> <span class='ocrx_word' id='word_1_63' title='bbox 797 1349 959 1443; x_wconf 78' lang='grc' dir='ltr'><strong><em>δούλων,</em></strong></span> <span class='ocrx_word' id='word_1_64' title='bbox 993 1355 1201 1448; x_wconf 79' lang='grc' dir='ltr'><strong><em>ἄβατον,’</em></strong></span> <span class='ocrx_word' id='word_1_65' title='bbox 1180 1350 1379 1452; x_wconf 88' lang='grc' dir='ltr'><strong><em>απρόςιτον</em></strong></span> 
     </span>
     <span class='ocr_line' id='line_1_11' title="bbox 107 1452 1142 1551; baseline 0.004 -25"><span class='ocrx_word' id='word_1_66' title='bbox 107 1454 177 1551; x_wconf 81' lang='grc' dir='ltr'><strong><em>τὴν</em></strong></span> <span class='ocrx_word' id='word_1_67' title='bbox 203 1453 345 1537; x_wconf 81' lang='grc' dir='ltr'><strong><em>είςούον</em></strong></span> <span class='ocrx_word' id='word_1_68' title='bbox 371 1453 527 1551; x_wconf 88' lang='grc' dir='ltr'><strong><em>ποίησον</em></strong></span> <span class='ocrx_word' id='word_1_69' title='bbox 551 1452 687 1539; x_wconf 81' lang='grc' dir='ltr'><strong><em>πείσαις</em></strong></span> <span class='ocrx_word' id='word_1_70' title='bbox 712 1453 898 1537; x_wconf 77' lang='grc' dir='ltr'><strong><em>ἐναντίαις</em></strong></span> <span class='ocrx_word' id='word_1_71' title='bbox 923 1454 1142 1545; x_wconf 80' lang='grc' dir='ltr'><strong><em>δυνάμεσιν.</em></strong></span> 
     </span>
    </p>

    <p class='ocr_par' dir='ltr' id='par_1_6' title="bbox 107 1553 1381 1856">
     <span class='ocr_line' id='line_1_12' title="bbox 189 1553 1381 1657; baseline -0.003 -25.969"><span class='ocrx_word' id='word_1_72' title='bbox 189 1555 233 1631; x_wconf 90' lang='grc' dir='ltr'><em>Ὁ</em></span> <span class='ocrx_word' id='word_1_73' title='bbox 265 1559 553 1652; x_wconf 86' lang='grc' dir='ltr'><strong><em>προςκαλεῖσθαι</em></strong></span> <span class='ocrx_word' id='word_1_74' title='bbox 585 1554 746 1633; x_wconf 81' lang='grc' dir='ltr'><strong><em>κελεύων</em></strong></span> <span class='ocrx_word' id='word_1_75' title='bbox 770 1556 858 1640; x_wconf 82' lang='grc' dir='ltr'><strong><em>τοὺς</em></strong></span> <span class='ocrx_word' id='word_1_76' title='bbox 883 1555 1180 1641; x_wconf 61' lang='grc' dir='ltr'><strong><em>ύισθενούνταςτ</em></strong></span> <span class='ocrx_word' id='word_1_77' title='bbox 1166 1553 1381 1657; x_wconf 81' lang='grc' dir='ltr'><strong><em>ιερουρφούς</em></strong></span> 
     </span>
     <span class='ocr_line' id='line_1_13' title="bbox 107 1655 1384 1787; baseline -0.004 -55"><span class='ocrx_word' id='word_1_78' title='bbox 107 1658 266 1741; x_wconf 81' lang='grc' dir='ltr'><strong><em>τνθέους</em></strong></span> <span class='ocrx_word' id='word_1_79' title='bbox 291 1683 360 1733; x_wconf 90' lang='grc' dir='ltr'><strong><em>σου</em></strong></span> <span class='ocrx_word' id='word_1_80' title='bbox 386 1686 449 1731; x_wconf 91' lang='grc' dir='ltr'><strong><em>και</em></strong></span> <span class='ocrx_word' id='word_1_81' title='bbox 473 1655 619 1734; x_wconf 87' lang='grc' dir='ltr'><strong><em>τούτων</em></strong></span> <span class='ocrx_word' id='word_1_82' title='bbox 644 1655 799 1744; x_wconf 77' lang='grc' dir='ltr'><strong><em>ἐντεύξει</em></strong></span> <span class='ocrx_word' id='word_1_83' title='bbox 824 1658 889 1733; x_wconf 84' lang='grc' dir='ltr'><strong><em>καὶ</em></strong></span> <span class='ocrx_word' id='word_1_84' title='bbox 909 1659 1029 1787; x_wconf 84' lang='grc' dir='ltr'><strong><em>χρίρει</em></strong></span> <span class='ocrx_word' id='word_1_85' title='bbox 1055 1658 1177 1741; x_wconf 78' lang='grc' dir='ltr'><strong><em>ἐλέους</em></strong></span> <span class='ocrx_word' id='word_1_86' title='bbox 1203 1685 1284 1746; x_wconf 95' lang='grc' dir='ltr'><strong><em>σου,</em></strong></span> <span class='ocrx_word' id='word_1_87' title='bbox 1319 1684 1384 1755; x_wconf 90' lang='grc' dir='ltr'><strong><em>φι-</em></strong></span> 
     </span>
     <span class='ocr_line' id='line_1_14' title="bbox 109 1757 1247 1857; baseline -0.001 -24"><span class='ocrx_word' id='word_1_88' title='bbox 109 1757 313 1856; x_wconf 82' lang='grc' dir='ltr'><strong><em>λίνθρωπε</em></strong></span> <span class='ocrx_word' id='word_1_89' title='bbox 339 1757 539 1850; x_wconf 79' lang='grc' dir='ltr'><strong><em>σώζεσθαι.</em></strong></span> <span class='ocrx_word' id='word_1_90' title='bbox 593 1768 733 1835; x_wconf 91' lang='grc' dir='ltr'><strong><em>Σῶσον</em></strong></span> <span class='ocrx_word' id='word_1_91' title='bbox 759 1767 814 1857; x_wconf 85' lang='grc' dir='ltr'><strong><em>σῶ</em></strong></span> <span class='ocrx_word' id='word_1_92' title='bbox 840 1760 927 1833; x_wconf 83' lang='grc' dir='ltr'><strong><em>ἐλέει</em></strong></span> <span class='ocrx_word' id='word_1_93' title='bbox 949 1760 1018 1835; x_wconf 83' lang='grc' dir='ltr'><strong><em>τὸν</em></strong></span> <span class='ocrx_word' id='word_1_94' title='bbox 1041 1757 1247 1856; x_wconf 88' lang='grc' dir='ltr'><strong><em>κοίμνοντοι.</em></strong></span> 
     </span>
    </p>
   </div>
   <div class='ocr_carea' id='block_1_4' title="bbox 652 1905 842 1978">
    <p class='ocr_par' dir='ltr' id='par_1_7' title="bbox 652 1905 842 1978">
     <span class='ocr_line' id='line_1_15' title="bbox 652 1905 842 1978; baseline -0.011 0"><span class='ocrx_word' id='word_1_95' title='bbox 652 1905 842 1978; x_wconf 85' lang='grc' dir='ltr'><strong><em>Θεοτύκιον.</em></strong></span> 
     </span>
    </p>
   </div>
   <div class='ocr_carea' id='block_1_5' title="bbox 107 2007 1384 2318">
    <p class='ocr_par' dir='ltr' id='par_1_8' title="bbox 107 2007 1383 2318">
     <span class='ocr_line' id='line_1_16' title="bbox 198 2007 1383 2142; baseline -0.003 -55"><span class='ocrx_word' id='word_1_96' title='bbox 198 2010 349 2089; x_wconf 84' lang='grc' dir='ltr'><strong><em>Θεοτύκε</em></strong></span> <span class='ocrx_word' id='word_1_97' title='bbox 383 2010 607 2111; x_wconf 84' lang='grc' dir='ltr'><strong><em>ἂειποίρθενε</em></strong></span> <span class='ocrx_word' id='word_1_98' title='bbox 639 2013 818 2114; x_wconf 78' lang='grc' dir='ltr'><strong><em>παναφία,</em></strong></span> <span class='ocrx_word' id='word_1_99' title='bbox 853 2013 964 2109; x_wconf 84' lang='grc' dir='ltr'><strong><em>σκέπη</em></strong></span> <span class='ocrx_word' id='word_1_100' title='bbox 1002 2010 1132 2108; x_wconf 76' lang='grc' dir='ltr'><strong><em>στερρὰ</em></strong></span> <span class='ocrx_word' id='word_1_101' title='bbox 1158 2010 1222 2085; x_wconf 82' lang='grc' dir='ltr'><strong><em>καὶ</em></strong></span> <span class='ocrx_word' id='word_1_102' title='bbox 1248 2007 1383 2142; x_wconf 76' lang='grc' dir='ltr'><strong><em>φύλαξ,</em></strong></span> 
     </span>
     <span class='ocr_line' id='line_1_17' title="bbox 108 2110 1384 2239; baseline -0.004 -49"><span class='ocrx_word' id='word_1_103' title='bbox 108 2112 223 2212; x_wconf 83' lang='grc' dir='ltr'><strong><em>λιμήν</em></strong></span> <span class='ocrx_word' id='word_1_104' title='bbox 249 2144 287 2189; x_wconf 88' lang='grc' dir='ltr'><strong><em>τε</em></strong></span> <span class='ocrx_word' id='word_1_105' title='bbox 312 2114 375 2189; x_wconf 82' lang='grc' dir='ltr'><strong><em>καὶ</em></strong></span> <span class='ocrx_word' id='word_1_106' title='bbox 400 2120 529 2210; x_wconf 86' lang='grc' dir='ltr'><strong><em>τεῖχος,</em></strong></span> <span class='ocrx_word' id='word_1_107' title='bbox 555 2114 692 2207; x_wconf 85' lang='grc' dir='ltr'><strong><em>κλίμαξ</em></strong></span> <span class='ocrx_word' id='word_1_108' title='bbox 714 2115 777 2189; x_wconf 78' lang='grc' dir='ltr'><strong><em>καὶ</em></strong></span> <span class='ocrx_word' id='word_1_109' title='bbox 794 2110 1038 2239; x_wconf 82' lang='grc' dir='ltr'><strong><em>προπύρφιον,</em></strong></span> <span class='ocrx_word' id='word_1_110' title='bbox 1064 2112 1224 2210; x_wconf 78' lang='grc' dir='ltr'><strong><em>ἐλέησον,</em></strong></span> <span class='ocrx_word' id='word_1_111' title='bbox 1253 2116 1384 2187; x_wconf 78' lang='grc' dir='ltr'><strong><em>οἴκτει-</em></strong></span> 
     </span>
     <span class='ocr_line' id='line_1_18' title="bbox 107 2213 962 2318; baseline -0.001 -26"><span class='ocrx_word' id='word_1_112' title='bbox 107 2245 196 2317; x_wconf 89' lang='grc' dir='ltr'><strong><em>ρον·</em></strong></span> <span class='ocrx_word' id='word_1_113' title='bbox 225 2215 317 2316; x_wconf 86' lang='grc' dir='ltr'><strong><em>πρὸς</em></strong></span> <span class='ocrx_word' id='word_1_114' title='bbox 343 2215 382 2291; x_wconf 71' lang='grc' dir='ltr'><strong><em>σε’</em></strong></span> <span class='ocrx_word' id='word_1_115' title='bbox 408 2214 482 2318; x_wconf 83' lang='grc' dir='ltr'><strong><em>φὰρ</em></strong></span> <span class='ocrx_word' id='word_1_116' title='bbox 509 2216 573 2291; x_wconf 83' lang='grc' dir='ltr'><strong><em>καὶ</em></strong></span> <span class='ocrx_word' id='word_1_117' title='bbox 597 2213 720 2312; x_wconf 89' lang='grc' dir='ltr'><strong><em>μύνην</em></strong></span> <span class='ocrx_word' id='word_1_118' title='bbox 744 2216 962 2317; x_wconf 77' lang='grc' dir='ltr'><strong><em>κατέφυγεν.</em></strong></span> 
     </span>
    </p>
   </div>
   <div class='ocr_carea' id='block_1_6' title="bbox 108 2378 1387 2893">
    <p class='ocr_par' dir='ltr' id='par_1_9' title="bbox 108 2378 1386 2893">
     <span class='ocr_line' id='line_1_19' title="bbox 615 2378 878 2511; baseline 0.004 -63.016"><span class='ocrx_word' id='word_1_119' title='bbox 615 2378 707 2471; x_wconf 77' lang='grc' dir='ltr'><strong><em>Ωιόἡ</em></strong></span> <span class='ocrx_word' id='word_1_120' title='bbox 729 2381 878 2511; x_wconf 79' lang='grc' dir='ltr'><strong><em>πέμπτη.</em></strong></span> 
     </span>
     <span class='ocr_line' id='line_1_20' title="bbox 190 2483 1385 2613; baseline -0.005 -52.917"><span class='ocrx_word' id='word_1_121' title='bbox 190 2484 386 2613; x_wconf 81' lang='grc' dir='ltr'><strong><em>Ὑποίρχων</em></strong></span> <span class='ocrx_word' id='word_1_122' title='bbox 420 2484 556 2588; x_wconf 72' lang='grc' dir='ltr'><strong><em>ἀγαθὲ,</em></strong></span> <span class='ocrx_word' id='word_1_123' title='bbox 589 2494 656 2560; x_wconf 85' lang='grc' dir='ltr'><strong><em>τοῦ</em></strong></span> <span class='ocrx_word' id='word_1_124' title='bbox 688 2484 860 2570; x_wconf 71' lang='lat'>666069‘</span> <span class='ocrx_word' id='word_1_125' title='bbox 840 2516 863 2581; x_wconf 88' lang='grc' dir='ltr'><strong><em>η</em></strong></span> <span class='ocrx_word' id='word_1_126' title='bbox 897 2486 1077 2611; x_wconf 78' lang='grc' dir='ltr'><strong><em>ἄβυσσος,</em></strong></span> <span class='ocrx_word' id='word_1_127' title='bbox 1114 2483 1261 2581; x_wconf 79' lang='grc' dir='ltr'><strong><em>ἐλέησον</em></strong></span> <span class='ocrx_word' id='word_1_128' title='bbox 1287 2484 1385 2577; x_wconf 80' lang='grc' dir='ltr'><strong><em>ἐλεῆ-</em></strong></span> 
     </span>
     <span class='ocr_line' id='line_1_21' title="bbox 108 2585 1297 2686; baseline -0.007 -21"><span class='ocrx_word' id='word_1_129' title='bbox 108 2619 199 2686; x_wconf 86' lang='grc' dir='ltr'><strong><em>μον,</em></strong></span> <span class='ocrx_word' id='word_1_130' title='bbox 228 2597 297 2663; x_wconf 83' lang='grc' dir='ltr'><strong><em>σοῦ</em></strong></span> <span class='ocrx_word' id='word_1_131' title='bbox 321 2597 375 2685; x_wconf 86' lang='grc' dir='ltr'><strong><em>τῶ</em></strong></span> <span class='ocrx_word' id='word_1_132' title='bbox 402 2589 497 2686; x_wconf 89' lang='grc' dir='ltr'><strong><em>θείῳ</em></strong></span> <span class='ocrx_word' id='word_1_133' title='bbox 523 2588 621 2677; x_wconf 82' lang='grc' dir='ltr'><strong><em>ἐλέει,</em></strong></span> <span class='ocrx_word' id='word_1_134' title='bbox 647 2586 715 2663; x_wconf 85' lang='grc' dir='ltr'><strong><em>τὸν</em></strong></span> <span class='ocrx_word' id='word_1_135' title='bbox 739 2585 933 2682; x_wconf 89' lang='grc' dir='ltr'><strong><em>κοίμνοντα</em></strong></span> <span class='ocrx_word' id='word_1_136' title='bbox 960 2586 1011 2670; x_wconf 84' lang='grc' dir='ltr'><strong><em>ῶς</em></strong></span> <span class='ocrx_word' id='word_1_137' title='bbox 1035 2585 1297 2686; x_wconf 79' lang='grc' dir='ltr'><strong><em>εὕσπλαφχνος.</em></strong></span> 
     </span>
     <span class='ocr_line' id='line_1_22' title="bbox 204 2682 1387 2814; baseline -0.006 -51"><span class='ocrx_word' id='word_1_138' title='bbox 204 2690 327 2786; x_wconf 80' lang='grc' dir='ltr'><strong><em>Ψυχὰς</em></strong></span> <span class='ocrx_word' id='word_1_139' title='bbox 360 2689 469 2786; x_wconf 83' lang='grc' dir='ltr'><strong><em>ἡμῶν</em></strong></span> <span class='ocrx_word' id='word_1_140' title='bbox 501 2689 640 2787; x_wconf 79' lang='grc' dir='ltr'><strong><em>Χριστὲ</em></strong></span> <span class='ocrx_word' id='word_1_141' title='bbox 673 2688 736 2764; x_wconf 83' lang='grc' dir='ltr'><strong><em>καὶ</em></strong></span> <span class='ocrx_word' id='word_1_142' title='bbox 770 2688 816 2763; x_wconf 85' lang='grc' dir='ltr'><strong><em>τὰ</em></strong></span> <span class='ocrx_word' id='word_1_143' title='bbox 849 2686 1005 2784; x_wconf 81' lang='grc' dir='ltr'><strong><em>σώματα</em></strong></span> <span class='ocrx_word' id='word_1_144' title='bbox 1038 2688 1193 2762; x_wconf 82' lang='grc' dir='ltr'><strong><em>ἄνωθεν</em></strong></span> <span class='ocrx_word' id='word_1_145' title='bbox 1225 2682 1387 2814; x_wconf 71' lang='grc' dir='ltr'><strong><em>σφραγί-</em></strong></span> 
     </span>
     <span class='ocr_line' id='line_1_23' title="bbox 111 2783 1386 2893; baseline -0.009 -24"><span class='ocrx_word' id='word_1_146' title='bbox 111 2793 179 2878; x_wconf 77' lang='grc' dir='ltr'><strong><em>δος</em></strong></span> <span class='ocrx_word' id='word_1_147' title='bbox 213 2818 281 2867; x_wconf 90' lang='grc' dir='ltr'><strong><em>σου</em></strong></span> <span class='ocrx_word' id='word_1_148' title='bbox 314 2794 410 2889; x_wconf 90' lang='grc' dir='ltr'><strong><em>θείῳ</em></strong></span> <span class='ocrx_word' id='word_1_149' title='bbox 442 2793 547 2889; x_wconf 89' lang='grc' dir='ltr'><strong><em>τύπῳ</em></strong></span> <span class='ocrx_word' id='word_1_150' title='bbox 582 2788 740 2893; x_wconf 81' lang='grc' dir='ltr'><strong><em>ἆφιοίσας</em></strong></span> <span class='ocrx_word' id='word_1_151' title='bbox 773 2789 987 2890; x_wconf 78' lang='grc' dir='ltr'><strong><em>ἀφράστως,</em></strong></span> <span class='ocrx_word' id='word_1_152' title='bbox 1018 2789 1115 2885; x_wconf 86' lang='grc' dir='ltr'><strong><em>χειρί</em></strong></span> <span class='ocrx_word' id='word_1_153' title='bbox 1149 2814 1217 2863; x_wconf 90' lang='grc' dir='ltr'><strong><em>σου</em></strong></span> <span class='ocrx_word' id='word_1_154' title='bbox 1243 2783 1386 2868; x_wconf 89' lang='grc' dir='ltr'><strong><em>ποίντας</em></strong></span> 
     </span>
    </p>
   </div>
   <div class='ocr_carea' id='block_1_7' title="bbox 109 2900 1387 3195">
    <p class='ocr_par' dir='ltr' id='par_1_10' title="bbox 109 2900 1387 3195">
     <span class='ocr_line' id='line_1_24' title="bbox 109 2900 229 2970; baseline -0.047 0"><span class='ocrx_word' id='word_1_155' title='bbox 109 2900 229 2970; x_wconf 78' lang='grc' dir='ltr'><strong><em>ἴασαι.</em></strong></span> 
     </span>
     <span class='ocr_line' id='line_1_25' title="bbox 190 2987 1387 3122; baseline -0.007 -52.96"><span class='ocrx_word' id='word_1_156' title='bbox 190 2991 342 3122; x_wconf 78' lang='grc' dir='ltr'><strong><em>Ἀῳοίτῳ</em></strong></span> <span class='ocrx_word' id='word_1_157' title='bbox 376 3019 445 3069; x_wconf 91' lang='grc' dir='ltr'><strong><em>σου</em></strong></span> <span class='ocrx_word' id='word_1_158' title='bbox 478 3002 632 3120; x_wconf 78' lang='grc' dir='ltr'><strong><em>ρτορφῇ,</em></strong></span> <span class='ocrx_word' id='word_1_159' title='bbox 664 2989 894 3120; x_wconf 78' lang='grc' dir='ltr'><strong><em>ὑπεροίφαθε,</em></strong></span> <span class='ocrx_word' id='word_1_160' title='bbox 928 2988 1054 3086; x_wconf 77' lang='grc' dir='ltr'><strong><em>Κύριε,</em></strong></span> <span class='ocrx_word' id='word_1_161' title='bbox 1089 2987 1288 3079; x_wconf 79' lang='grc' dir='ltr'><strong><em>δεξοίιιενος</em></strong></span> <span class='ocrx_word' id='word_1_162' title='bbox 1320 2987 1387 3071; x_wconf 86' lang='grc' dir='ltr'><strong><em>τὰς</em></strong></span> 
     </span>
     <span class='ocr_line' id='line_1_26' title="bbox 110 3086 1386 3195; baseline -0.007 -22"><span class='ocrx_word' id='word_1_163' title='bbox 110 3107 183 3173; x_wconf 88' lang='grc' dir='ltr'><strong><em>τοῦ</em></strong></span> <span class='ocrx_word' id='word_1_164' title='bbox 208 3094 331 3195; x_wconf 86' lang='grc' dir='ltr'><strong><em>μύρου</em></strong></span> <span class='ocrx_word' id='word_1_165' title='bbox 358 3094 421 3171; x_wconf 80' lang='grc' dir='ltr'><strong><em>θιὰ</em></strong></span> <span class='ocrx_word' id='word_1_166' title='bbox 448 3093 586 3192; x_wconf 84' lang='grc' dir='ltr'><strong><em>πόρνης</em></strong></span> <span class='ocrx_word' id='word_1_167' title='bbox 612 3094 778 3192; x_wconf 84' lang='grc' dir='ltr'><strong><em>ύλειῳὰς,</em></strong></span> <span class='ocrx_word' id='word_1_168' title='bbox 805 3092 1032 3192; x_wconf 79' lang='grc' dir='ltr'><strong><em>ολκτείρησον</em></strong></span> <span class='ocrx_word' id='word_1_169' title='bbox 1057 3091 1125 3167; x_wconf 84' lang='grc' dir='ltr'><strong><em>τὸν</em></strong></span> <span class='ocrx_word' id='word_1_170' title='bbox 1148 3086 1287 3166; x_wconf 82' lang='grc' dir='ltr'><strong><em>ύοῦλόν</em></strong></span> <span class='ocrx_word' id='word_1_171' title='bbox 1305 3094 1386 3164; x_wconf 86' lang='grc' dir='ltr'><strong><em>σου.</em></strong></span> 
     </span>
    </p>
   </div>
   <div class='ocr_carea' id='block_1_8' title="bbox 661 3241 849 3313">
    <p class='ocr_par' dir='ltr' id='par_1_11' title="bbox 661 3241 849 3313">
     <span class='ocr_line' id='line_1_27' title="bbox 661 3241 849 3313; baseline -0.017 -1"><span class='ocrx_word' id='word_1_172' title='bbox 661 3241 849 3313; x_wconf 86' lang='grc' dir='ltr'><strong><em>Θεοτύκιον.</em></strong></span> 
     </span>
    </p>
   </div>
   <div class='ocr_carea' id='block_1_9' title="bbox 113 3342 1386 3551">
    <p class='ocr_par' dir='ltr' id='par_1_12' title="bbox 113 3342 1386 3550">
     <span class='ocr_line' id='line_1_28' title="bbox 205 3342 1386 3476; baseline -0.008 -51"><span class='ocrx_word' id='word_1_173' title='bbox 205 3347 479 3447; x_wconf 86' lang='grc' dir='ltr'><strong><em>Πανύμνητε</em></strong></span> <span class='ocrx_word' id='word_1_174' title='bbox 457 3378 530 3450; x_wconf 66' lang='lat' dir='ltr'><strong><em>aya</em></strong></span> <span class='ocrx_word' id='word_1_175' title='bbox 531 3379 566 3445; x_wconf 87' lang='lat'><strong><em>6,</em></strong></span> <span class='ocrx_word' id='word_1_176' title='bbox 592 3345 809 3476; x_wconf 82' lang='grc' dir='ltr'><strong><em>ύπεροίφαθε</em></strong></span> <span class='ocrx_word' id='word_1_177' title='bbox 835 3346 1026 3476; x_wconf 76' lang='grc' dir='ltr'><strong><em>θέρποινα,</em></strong></span> <span class='ocrx_word' id='word_1_178' title='bbox 1052 3344 1199 3440; x_wconf 78' lang='grc' dir='ltr'><strong><em>ἐλέησον</em></strong></span> <span class='ocrx_word' id='word_1_179' title='bbox 1224 3342 1311 3425; x_wconf 84' lang='grc' dir='ltr'><strong><em>τοὺς</em></strong></span> <span class='ocrx_word' id='word_1_180' title='bbox 1333 3348 1386 3440; x_wconf 83' lang='grc' dir='ltr'><strong><em>τῷ</em></strong></span> 
     </span>
     <span class='ocr_line' id='line_1_29' title="bbox 113 3446 1196 3551; baseline -0.008 -23"><span class='ocrx_word' id='word_1_181' title='bbox 113 3454 212 3551; x_wconf 87' lang='grc' dir='ltr'><strong><em>θείω</em></strong></span> <span class='ocrx_word' id='word_1_182' title='bbox 234 3453 456 3550; x_wconf 84' lang='grc' dir='ltr'><strong><em>χρωμένους</em></strong></span> <span class='ocrx_word' id='word_1_183' title='bbox 480 3451 590 3548; x_wconf 80' lang='grc' dir='ltr'><strong><em>ἐλαίῳ</em></strong></span> <span class='ocrx_word' id='word_1_184' title='bbox 615 3448 679 3524; x_wconf 80' lang='grc' dir='ltr'><strong><em>καὶ</em></strong></span> <span class='ocrx_word' id='word_1_185' title='bbox 705 3457 827 3525; x_wconf 89' lang='grc' dir='ltr'><strong><em>σῶσον</em></strong></span> <span class='ocrx_word' id='word_1_186' title='bbox 855 3448 922 3525; x_wconf 88' lang='grc' dir='ltr'><strong><em>τὸν</em></strong></span> <span class='ocrx_word' id='word_1_187' title='bbox 947 3446 1090 3543; x_wconf 70' lang='grc' dir='ltr'><strong><em>οἰκέτην</em></strong></span> <span class='ocrx_word' id='word_1_188' title='bbox 1116 3468 1196 3520; x_wconf 90' lang='grc' dir='ltr'><strong><em>σου.</em></strong></span> 
     </span>
    </p>
   </div>
   <div class='ocr_carea' id='block_1_10' title="bbox 110 3596 1403 4616">
    <p class='ocr_par' dir='ltr' id='par_1_13' title="bbox 652 3596 1403 3688">
     <span class='ocr_line' id='line_1_30' title="bbox 652 3596 1403 3688; baseline -0.001 -22.996"><span class='ocrx_word' id='word_1_189' title='bbox 652 3596 744 3688; x_wconf 74' lang='grc' dir='ltr'><strong><em>Ὠιύὴ</em></strong></span> <span class='ocrx_word' id='word_1_190' title='bbox 769 3599 854 3686; x_wconf 70' lang='grc' dir='ltr'><strong><em>ἕκτη.</em></strong></span> <span class='ocrx_word' id='word_1_191' title='bbox 924 3638 932 3652; x_wconf 91' lang='lat'><strong>·</strong></span> <span class='ocrx_word' id='word_1_192' title='bbox 1402 3661 1403 3664; x_wconf 74' lang='grc'>,</span> 
     </span>
    </p>

    <p class='ocr_par' dir='ltr' id='par_1_14' title="bbox 114 3693 1389 4005">
     <span class='ocr_line' id='line_1_31' title="bbox 202 3693 1389 3825; baseline -0.009 -47"><span class='ocrx_word' id='word_1_193' title='bbox 202 3703 341 3806; x_wconf 83' lang='grc' dir='ltr'><strong><em>Λύφοις</em></strong></span> <span class='ocrx_word' id='word_1_194' title='bbox 368 3730 436 3780; x_wconf 90' lang='grc' dir='ltr'><strong><em>σου</em></strong></span> <span class='ocrx_word' id='word_1_195' title='bbox 463 3736 483 3779; x_wconf 97' lang='grc' dir='ltr'><strong><em>ο</em></strong></span> <span class='ocrx_word' id='word_1_196' title='bbox 470 3703 558 3779; x_wconf 71' lang='lat'><strong><em>‘³6</em></strong></span> <span class='ocrx_word' id='word_1_197' title='bbox 590 3702 715 3777; x_wconf 80' lang='grc' dir='ltr'><strong><em>ἐλαίου</em></strong></span> <span class='ocrx_word' id='word_1_198' title='bbox 734 3700 856 3787; x_wconf 77' lang='grc' dir='ltr'><strong><em>δείξας</em></strong></span> <span class='ocrx_word' id='word_1_199' title='bbox 873 3693 1153 3825; x_wconf 71' lang='grc' dir='ltr'><strong><em>φιλοίνθρωπε</em></strong></span> <span class='ocrx_word' id='word_1_200' title='bbox 1137 3724 1178 3771; x_wconf 90' lang='grc' dir='ltr'><strong><em>εν</em></strong></span> <span class='ocrx_word' id='word_1_201' title='bbox 1193 3697 1389 3793; x_wconf 83' lang='grc' dir='ltr'><strong><em>βασιλεῦσι</em></strong></span> 
     </span>
     <span class='ocr_line' id='line_1_32' title="bbox 110 3801 1388 3936; baseline -0.011 -51.945"><span class='ocrx_word' id='word_1_202' title='bbox 110 3807 188 3936; x_wconf 78' lang='grc' dir='ltr'><strong><em>τὴν</em></strong></span> <span class='ocrx_word' id='word_1_203' title='bbox 215 3808 343 3903; x_wconf 86' lang='grc' dir='ltr'><strong><em>χρίσιν</em></strong></span> <span class='ocrx_word' id='word_1_204' title='bbox 375 3808 438 3881; x_wconf 80' lang='grc' dir='ltr'><strong><em>καὶ</em></strong></span> <span class='ocrx_word' id='word_1_205' title='bbox 469 3807 677 3903; x_wconf 79' lang='grc' dir='ltr'><strong><em>ἀρχιερεῦσι</em></strong></span> <span class='ocrx_word' id='word_1_206' title='bbox 708 3801 849 3900; x_wconf 88' lang='grc' dir='ltr'><strong><em>ταύτην</em></strong></span> <span class='ocrx_word' id='word_1_207' title='bbox 880 3801 1026 3885; x_wconf 87' lang='grc' dir='ltr'><strong><em>τελέσας</em></strong></span> <span class='ocrx_word' id='word_1_208' title='bbox 1058 3804 1285 3900; x_wconf 76' lang='grc' dir='ltr'><strong><em>σφραγισμῷ</em></strong></span> <span class='ocrx_word' id='word_1_209' title='bbox 1319 3822 1388 3871; x_wconf 96' lang='grc' dir='ltr'><strong><em>σου</em></strong></span> 
     </span>
     <span class='ocr_line' id='line_1_33' title="bbox 114 3905 1007 4031; baseline -0.012 -44"><span class='ocrx_word' id='word_1_210' title='bbox 114 3910 274 3987; x_wconf 78' lang='grc' dir='ltr'><strong><em>καὶτὸν</em></strong></span> <span class='ocrx_word' id='word_1_211' title='bbox 300 3906 492 4003; x_wconf 82' lang='grc' dir='ltr'><strong><em>πάσχοντα</em></strong></span> <span class='ocrx_word' id='word_1_212' title='bbox 519 3915 643 3982; x_wconf 88' lang='grc' dir='ltr'><strong><em>σῶσον</em></strong></span> <span class='ocrx_word' id='word_1_213' title='bbox 670 3905 720 3990; x_wconf 85' lang='grc' dir='ltr'><strong><em>ῶς</em></strong></span> <span class='ocrx_word' id='word_1_214' title='bbox 746 3907 1007 4031; x_wconf 75' lang='grc' dir='ltr'><strong><em>εύσπλαφχνος.</em></strong></span> 
     </span>
    </p>

    <p class='ocr_par' dir='ltr' id='par_1_15' title="bbox 113 3996 1389 4310">
     <span class='ocr_line' id='line_1_34' title="bbox 206 3996 1389 4105; baseline -0.012 -20"><span class='ocrx_word' id='word_1_215' title='bbox 206 4012 410 4103; x_wconf 71' lang='grc' dir='ltr'><strong><em>Μέθεξιςρ</em></strong></span> <span class='ocrx_word' id='word_1_216' title='bbox 395 4010 446 4105; x_wconf 83' lang='grc' dir='ltr'><strong><em>μὴ</em></strong></span> <span class='ocrx_word' id='word_1_217' title='bbox 472 4013 512 4083; x_wconf 80' lang='grc' dir='ltr'><strong><em>ἐκ</em></strong></span> <span class='ocrx_word' id='word_1_218' title='bbox 537 4016 681 4105; x_wconf 83' lang='grc' dir='ltr'><strong><em>πικρῶν</em></strong></span> <span class='ocrx_word' id='word_1_219' title='bbox 706 4003 901 4101; x_wconf 82' lang='grc' dir='ltr'><strong><em>ύαιμύνων</em></strong></span> <span class='ocrx_word' id='word_1_220' title='bbox 926 4000 1110 4101; x_wconf 77' lang='grc' dir='ltr'><strong><em>ε’φοίφοιτο</em></strong></span> <span class='ocrx_word' id='word_1_221' title='bbox 1127 4029 1195 4076; x_wconf 88' lang='grc' dir='ltr'><strong><em>του</em></strong></span> <span class='ocrx_word' id='word_1_222' title='bbox 1177 3999 1267 4074; x_wconf 69' lang='lat'>”²61</span> <span class='ocrx_word' id='word_1_223' title='bbox 1291 3996 1389 4072; x_wconf 84' lang='grc' dir='ltr'><strong><em>ἀλεί</em></strong></span> 
     </span>
     <span class='ocr_line' id='line_1_35' title="bbox 116 4100 1388 4236; baseline -0.012 -49"><span class='ocrx_word' id='word_1_224' title='bbox 116 4136 182 4210; x_wconf 85' lang='grc' dir='ltr'><strong><em>ψει</em></strong></span> <span class='ocrx_word' id='word_1_225' title='bbox 216 4113 336 4208; x_wconf 88' lang='grc' dir='ltr'><strong><em>ενθέω</em></strong></span> <span class='ocrx_word' id='word_1_226' title='bbox 370 4111 683 4236; x_wconf 80' lang='grc' dir='ltr'><strong><em>σεσημειωιιένου,</em></strong></span> <span class='ocrx_word' id='word_1_227' title='bbox 714 4116 845 4206; x_wconf 84' lang='grc' dir='ltr'><strong><em>σῶτερ,</em></strong></span> <span class='ocrx_word' id='word_1_228' title='bbox 880 4103 1065 4202; x_wconf 72' lang='grc' dir='ltr'><strong><em>αἰσθήσει,</em></strong></span> <span class='ocrx_word' id='word_1_229' title='bbox 1099 4103 1177 4179; x_wconf 79' lang='grc' dir='ltr'><strong><em>ἀλλ’</em></strong></span> <span class='ocrx_word' id='word_1_230' title='bbox 1208 4103 1249 4176; x_wconf 78' lang='grc' dir='ltr'><strong><em>ἐν</em></strong></span> <span class='ocrx_word' id='word_1_231' title='bbox 1275 4100 1388 4194; x_wconf 79' lang='grc' dir='ltr'><strong><em>σκέπῃ</em></strong></span> 
     </span>
     <span class='ocr_line' id='line_1_36' title="bbox 113 4207 851 4337; baseline -0.011 -46"><span class='ocrx_word' id='word_1_232' title='bbox 113 4214 362 4310; x_wconf 86' lang='grc' dir='ltr'><strong><em>περιτείχισον</em></strong></span> <span class='ocrx_word' id='word_1_233' title='bbox 388 4222 523 4288; x_wconf 82' lang='grc' dir='ltr'><strong><em>τοῦτον</em></strong></span> <span class='ocrx_word' id='word_1_234' title='bbox 548 4221 612 4307; x_wconf 76' lang='grc' dir='ltr'><strong><em>τῆς</em></strong></span> <span class='ocrx_word' id='word_1_235' title='bbox 630 4207 746 4337; x_wconf 75' lang='grc' dir='ltr'><strong><em>ύύξης</em></strong></span> <span class='ocrx_word' id='word_1_236' title='bbox 771 4234 851 4284; x_wconf 93' lang='grc' dir='ltr'><strong><em>σου.</em></strong></span> 
     </span>
    </p>

    <p class='ocr_par' dir='ltr' id='par_1_16' title="bbox 112 4301 1389 4616">
     <span class='ocr_line' id='line_1_37' title="bbox 196 4301 1389 4410; baseline -0.014 -18.769"><span class='ocrx_word' id='word_1_237' title='bbox 196 4319 349 4410; x_wconf 79' lang='grc' dir='ltr'><strong><em>Ὄρεξον</em></strong></span> <span class='ocrx_word' id='word_1_238' title='bbox 372 4321 478 4410; x_wconf 83' lang='grc' dir='ltr'><strong><em>χεῖρα</em></strong></span> <span class='ocrx_word' id='word_1_239' title='bbox 504 4313 572 4408; x_wconf 85' lang='grc' dir='ltr'><strong><em>τὴν</em></strong></span> <span class='ocrx_word' id='word_1_240' title='bbox 598 4314 668 4408; x_wconf 80' lang='grc' dir='ltr'><strong><em>σὴν</em></strong></span> <span class='ocrx_word' id='word_1_241' title='bbox 693 4311 814 4407; x_wconf 79' lang='grc' dir='ltr'><strong><em>ὕφους</em></strong></span> <span class='ocrx_word' id='word_1_242' title='bbox 841 4306 1097 4408; x_wconf 86' lang='grc' dir='ltr'><strong><em>φιλοίνθρωπε.</em></strong></span> <span class='ocrx_word' id='word_1_243' title='bbox 1150 4304 1224 4378; x_wconf 81' lang='grc' dir='ltr'><strong><em>Καὶ</em></strong></span> <span class='ocrx_word' id='word_1_244' title='bbox 1251 4310 1320 4377; x_wconf 83' lang='grc' dir='ltr'><strong><em>σοῦ</em></strong></span> <span class='ocrx_word' id='word_1_245' title='bbox 1346 4301 1389 4376; x_wconf 86' lang='grc' dir='ltr'><strong><em>τὸ</em></strong></span> 
     </span>
     <span class='ocr_line' id='line_1_38' title="bbox 112 4403 1389 4516; baseline -0.013 -22"><span class='ocrx_word' id='word_1_246' title='bbox 112 4421 256 4506; x_wconf 69' lang='grc' dir='ltr'><strong><em>ἔλαιον,</em></strong></span> <span class='ocrx_word' id='word_1_247' title='bbox 289 4426 420 4514; x_wconf 88' lang='grc' dir='ltr'><strong><em>σῶτερ,</em></strong></span> <span class='ocrx_word' id='word_1_248' title='bbox 454 4413 611 4516; x_wconf 82' lang='grc' dir='ltr'><strong><em>ἁφρίσας</em></strong></span> <span class='ocrx_word' id='word_1_249' title='bbox 644 4412 755 4489; x_wconf 81' lang='lat'>66606</span> <span class='ocrx_word' id='word_1_250' title='bbox 787 4422 841 4512; x_wconf 84' lang='grc' dir='ltr'><strong><em>τῶ</em></strong></span> <span class='ocrx_word' id='word_1_251' title='bbox 868 4421 923 4510; x_wconf 92' lang='grc' dir='ltr'><strong><em>σῶ</em></strong></span> <span class='ocrx_word' id='word_1_252' title='bbox 950 4410 1069 4505; x_wconf 77' lang='grc' dir='ltr'><strong><em>ολκέτη</em></strong></span> <span class='ocrx_word' id='word_1_253' title='bbox 1096 4405 1191 4491; x_wconf 82' lang='grc' dir='ltr'><strong><em>είς</em></strong></span> <span class='ocrx_word' id='word_1_254' title='bbox 1170 4405 1302 4508; x_wconf 81' lang='grc' dir='ltr'><strong><em>υφείαν</em></strong></span> <span class='ocrx_word' id='word_1_255' title='bbox 1325 4403 1389 4480; x_wconf 83' lang='grc' dir='ltr'><strong><em>καὶ</em></strong></span> 
     </span>
     <span class='ocr_line' id='line_1_39' title="bbox 115 4512 786 4616; baseline -0.014 -18"><span class='ocrx_word' id='word_1_256' title='bbox 115 4516 345 4615; x_wconf 85' lang='grc' dir='ltr'><strong><em>νοσηιιοίτων</em></strong></span> <span class='ocrx_word' id='word_1_257' title='bbox 371 4516 524 4594; x_wconf 79' lang='grc' dir='ltr'><strong><em>πάντων</em></strong></span> <span class='ocrx_word' id='word_1_258' title='bbox 550 4512 786 4616; x_wconf 80' lang='grc' dir='ltr'><strong><em>ἐκλύτρωσιν.</em></strong></span> 
     </span>
    </p>
   </div>
   <div class='ocr_carea' id='block_1_11' title="bbox 0 0 1536 4912">
    <p class='ocr_par' dir='ltr' id='par_1_17' title="bbox 0 0 1536 4912">
     <span class='ocr_line' id='line_1_40' title="bbox 0 0 1536 4912; baseline 0 0"><span class='ocrx_word' id='word_1_259' title='bbox 0 0 1536 4912; x_wconf 95' lang='lat' dir='ltr'><strong><em> </em></strong></span> 
     </span>
    </p>
   </div>
  </div>
 </body>
</html>
