3044 4912
673 239 742 313 181

95 424 183 496 nine
205 422 475 495 benedicunt
501 441 541 494 er
565 422 765 516 adorant,
792 425 956 499 millies
979 428 1148 501 milleni
1166 431 1344 527 superni

10 541 31 587 Η
95 525 301 622 (Spiritus)
329 536 369 596 et
395 524 541 596 decies
567 526 686 597 mille
713 525 930 619 myriades
956 530 1218 624 Angelorum
1238 531 1343 604 San·

94 640 249 718 ctorem,
295 626 517 698 exercitus
558 628 877 722 spiritualium,
920 631 1115 703 ministri
1149 633 1266 727 ignis
1303 644 1344 705 et

10 776 12 783 -
91 730 268 824 spiritus3
298 751 386 800 cum
413 726 643 801 Cherubim
669 730 855 822 sanetis,
893 741 934 802 et
960 733 1183 828 Seraphim
1210 733 1342 830 spiri-

90 830 279 924 tualibus,
305 853 454 901 nomen
483 840 597 901 tuum
619 831 965 903 sanctificantet
984 834 1227 927 celebrant,
1256 836 1342 908 ela·

88 945 250 1024 nantes,
289 946 331 1003 et
364 931 609 1025 laudantes,
647 931 954 1005 indesinenter
980 935 1201 1008 clamando
1229 937 1342 1010 alter

85 1034 357 1106 adulterum..

141 1166 264 1239 llicam
291 1167 363 1239 olto
388 1190 478 1240 noce.
531 1166 735 1261 Sanctus,
773 1169 977 1263 Sanctus,
1016 1171 1223 1264 Sanctus,
1259 1171 1340 1243 llo·

76 1269 341 1443 dlnlluleus
367 1280 543 1417 poteps,
581 1270 698 1366 pleni
736 1281 837 1343 sunt
873 1270 991 1345 coeli
1021 1282 1062 1343 et
1097 1283 1213 1344 terra
1248 1273 1340 1368 glo·

139 1504 309 1580 Sacerdos
344 1516 482 1580 secreto.
536 1506 700 1598 Saucius,
736 1505 897 1599 Sanctus,
931 1508 1075 1580 Sanctus
1109 1532 1165 1600 es,
1198 1506 1340 1579 Domine

68 1605 151 1679 lleus
184 1618 317 1704 potens,
352 1608 446 1681 cuius
480 1608 586 1702 gloria
620 1606 711 1706 pleni
745 1619 825 1680 sunt
858 1609 939 1681 coeli
968 1620 1001 1681 et
1027 1621 1127 1701 terra,
1163 1616 1197 1681 et
1222 1619 1340 1680 natura

66 1708 267 1781 substantiae
294 1710 385 1782 eius:
414 1710 604 1783 ethonore
632 1710 819 1807 splendoris
847 1710 919 1783 eius
946 1710 1102 1805 gloriosi:
1133 1712 1232 1803 (sient
1258 1709 1339 1783 seri·

61 1819 152 1906 ptum
180 1816 243 1908 est)
272 1812 401 1884 coelum
428 1822 461 1884 et
486 1821 575 1885 terra
600 1810 696 1910 plena
723 1812 789 1883 mei
812 1822 900 1904 sunt,
929 1812 1009 1884 dicit
1026 1812 1189 1885 Dominus
1208 1822 1338 1908 potens.

62 1913 205 1985 Sanctus
233 1936 270 1985 es
296 1913 386 1986 Dens
413 1912 521 2006 Pater,
553 1938 631 1986 rere
665 1912 768 2005 solus,
806 1938 823 1986 a
858 1934 923 2011 qno
959 1914 1067 1985 omnis
1094 1914 1276 2009 paternitas
1303 1913 1339 1985 in

60 2014 152 2086 coelo
181 2025 215 2086 et
241 2015 275 2088 in
303 2027 391 2087 terra
417 2016 617 2087 nominatur.
656 2014 800 2088 Sanetus
827 2040 863 2089 es
888 2014 952 2087 Fili
979 2025 1126 2108 aeterne,
1152 2036 1339 2112 perquem

59 2116 172 2189 omnia
199 2116 285 2189 laeta
312 2126 399 2191 sunt.
440 2116 585 2191 Sanetus
612 2141 649 2189 es
667 2116 812 2213 Spiritus
833 2128 960 2211 sancte,
987 2127 1133 2207 aeterne,
1161 2140 1220 2212 per
1239 2138 1343 2213 quem

56 2220 170 2291 omnia
205 2220 465 2291 sanctificantur.
518 2218 585 2291 Vae
618 2219 714 2311 milri,
750 2242 807 2290 vae
840 2220 936 2312 mibi,
971 2219 1028 2316 qui
1056 2216 1224 2315 obstupui,
1259 2216 1337 2312 quia

58 2321 108 2392 nir
133 2320 279 2417 pollutus
306 2321 403 2393 labiis
431 2344 492 2416 ego
521 2345 595 2394 surn
621 2330 655 2392 et
680 2322 768 2392 inter
793 2323 952 2418 populum
979 2320 1140 2418 pollutum
1163 2318 1260 2390 labiis
1280 2317 1337 2389 ha·

59 2423 141 2514 bito,
176 2433 211 2494 et
236 2422 362 2517 Regem
388 2422 567 2495 Dominum
604 2433 772 2520 potentem
806 2423 961 2495 viderunt
987 2422 1073 2493 oculi
1100 2421 1177 2492 mei.
1230 2420 1337 2504 Quam

58 2523 218 2596 terribilis
247 2536 298 2595 est
324 2525 423 2596 hodie
451 2525 543 2597 locus
571 2525 653 2612 iste,
680 2548 747 2594 non
775 2535 826 2595 est
852 2523 907 2595 bie
934 2525 1021 2595 aliud
1049 2524 1114 2595 nisi
1139 2523 1255 2593 domus
1273 2520 1337 2593 Ilei

57 2636 92 2696 et
127 2637 222 2722 porta
258 2627 353 2719 coeli,
392 2626 467 2724 quia
504 2627 598 2697 oculo
627 2624 666 2697 ed
696 2627 827 2697 oculum
854 2626 944 2698 visus
973 2648 1008 2697 os
1035 2624 1186 2697 Domine.
1241 2622 1337 2694 Nune

57 2750 137 2798 vero
164 2726 253 2799 adsit
278 2729 453 2801 nobiseum
481 2728 585 2821 gratia
611 2737 678 2818 tua,
706 2723 859 2820 Domine,
890 2751 995 2824 purga
1022 2727 1250 2798 immunditias
1277 2748 1336 2795 no-

56 2841 156 2920 stras,
193 2852 269 2900 cunr
304 2831 564 2902 sanctificatione
599 2827 775 2926 Seraphim
809 2841 841 2901 et
874 2829 1170 2922 Archangelorum.
1224 2826 1336 2897 Gloria

57 2931 332 3004 miserationibus
359 2933 437 3023 tuis,
465 2932 542 3028 quia
569 2941 721 3003 terrenos
749 2933 882 3003 sociasti
911 2955 985 3003 cum
1013 2929 1250 3025 spiritualibus.

127 3183 175 3256 Et
197 3184 417 3281 prosequitur
443 3195 573 3257 secreto
600 3184 715 3258 dicens
740 3182 922 3256 inclinatas
949 3182 1035 3255 liortc
1064 3179 1267 3252 Orationem.

133 3353 204 3425 llll.
231 3354 274 3425 Et
301 3378 376 3425 eum
402 3354 466 3426 illis
485 3352 707 3425 Potestatibus
735 3352 933 3425 coelestibus
962 3351 1158 3423 eonfitemur
1174 3348 1246 3439 tihi,
1273 3370 1336 3419 nos

57 3457 158 3527 etiarn
185 3457 270 3527 servi
298 3458 358 3547 tui,
387 3467 517 3547 tennes,
546 3455 694 3526 imbelles
722 3465 755 3524 et
782 3455 916 3545 inlirnri,
951 3454 1027 3549 quia
1054 3450 1248 3547 praestitisti
1276 3472 1335 3520 no·

59 3556 111 3629 bis
144 3559 284 3652 gratiam
317 3568 407 3629 tuam
442 3582 606 3660 maginem,
641 3577 724 3652 (puae
759 3554 896 3649 rependi
934 3578 1000 3625 non
1035 3562 1154 3649 potest.
1207 3550 1335 3645 Nempe

60 3659 196 3731 induisti
224 3660 402 3731 humanam
429 3669 580 3731 naturam
614 3668 780 3729 nostram:
816 3665 852 3726 ut
885 3657 984 3726 vitam
1017 3654 1114 3724 nobis
1147 3661 1334 3747 praestares

58 3784 118 3856 per
145 3762 348 3833 divinitatem
375 3771 483 3846 tuam:
512 3761 659 3832 exaltasti
685 3757 900 3829 bumilitatem
919 3767 1084 3826 nostrum:
1114 3752 1247 3823 erexisti
1264 3752 1335 3822 rui·

59 3887 136 3933 nam
167 3875 332 3935 nostram:
367 3863 573 3934 resuscitasti
608 3862 840 3933 mortalitatem
873 3868 1037 3929 nostram:
1075 3854 1229 3927 dimisisti
1257 3877 1333 3948 pec·

59 3974 130 4035 eata
157 3975 287 4037 nostra:
317 3977 350 4036 et
376 3965 561 4037 iustificasti
589 3974 716 4035 reatum
742 3969 953 4058 peecatorum
976 3967 1184 4028 nostrorum:
1213 3955 1333 4027 illumi·

59 4067 145 4139 nesti
170 4067 423 4160 intelligentiam
450 4079 610 4157 nostram,
638 4077 671 4137 et
697 4063 926 4139 condemnasti
952 4060 1094 4133 Domino
1112 4057 1202 4128 Dens
1221 4067 1335 4129 noster

59 4168 241 4260 inimicum,
277 4178 311 4240 et
344 4170 547 4266 triumphare
582 4168 689 4240 iecisti
718 4168 912 4239 tenuitatem
938 4172 1076 4234 naturae
1103 4159 1245 4232 imbellis
1273 4181 1333 4270 no·

57 4279 156 4341 strae·
209 4269 274 4341 Por
300 4271 531 4342 miserationes
559 4270 679 4340 ellhsas
707 4267 832 4362 gratiae
860 4280 947 4357 tuae,
974 4290 993 4340 o
1016 4265 1173 4352 dornone,
1202 4269 1332 4335 remitte

56 4369 177 4442 delicte
211 4383 244 4443 ot
276 4384 427 4467 peccata:
467 4373 594 4445 dimitte
622 4371 740 4443 delicta
767 4394 852 4458 mea,
881 4369 914 4439 in
944 4367 1076 4438 iudicio.
1129 4364 1172 4435 Et
1198 4372 1334 4458 propter

56 4474 170 4545 omnia
212 4475 331 4546 auxilia
368 4487 443 4569 tua,
486 4484 519 4547 et
552 4474 675 4570 gratias
710 4483 784 4545 tuas
818 4494 898 4566 erga
932 4494 1013 4561 nos,
1055 4466 1238 4539 reseremus
1273 4462 1334 4593 tibi
1454 4504 1458 4517 ·
