3044 4912
656 254 743 330 333?

143 437 234 512 VIII.
287 445 373 520 Είτα
393 449 506 539 λοβῶν
526 448 587 541 τὴν
605 448 719 543 τρίτην
738 453 936 544 προςφορὰν
956 451 1056 542 λέγει.
1103 445 1179 529 Τοῦ
1202 435 1328 535 τιμίου

96 533 211 622 δόξου
236 537 431 639 προφήτου
456 537 676 639 προδρόμου
701 541 765 616 καὶ
790 544 1008 617 Βαπτιστοῦ
1025 538 1218 618 Ἰωάννου.

138 654 211 722 Καὶ
233 651 336 744 α’ίρων
355 657 415 746 την
435 653 570 746 πρώτην
601 653 723 745 μερίδα
743 652 879 746 τίθησιν
900 653 1003 747 αὐτὴν
1024 653 1060 726 ἐν
1079 661 1128 747 τῷ
1151 657 1249 747 δεξιῷ
1269 654 1330 743 μό-

95 781 108 823 ι
132 762 194 824 τοῦ
220 752 317 846 ἁγίου
346 751 448 849 άρτοο
475 753 620 848 πλησίον
646 763 706 844 τῆς
731 752 918 849 σφραγίδος
936 764 997 847 τῆς
1015 755 1191 843 διατόνου,
1220 763 1329 827 ποιῶν

95 854 157 945 γὴν
177 864 238 947 τῆς
257 856 392 948 πρώτης
412 856 547 941 τάξεως.
582 852 725 927 Ἔπειτα
746 857 850 946 λέγει·

143 965 230 1037 Τῶν
262 961 382 1038 ἁίων
413 959 577 1048 ἐνδόξων
609 966 841 1061 Προφητῶν,
873 958 1048 1047 Μῶσεως
1079 962 1143 1038 καί
1168 962 1329 1060 Ἀαρῶν,

95 1066 182 1136 λιοῦ
207 1062 272 1138 καί
299 1064 513 1153 Ελισσαίου,
548 1062 678 1163 Δαβίδ
701 1061 766 1143 καί
783 1062 933 1154 Ἰεσσαὶ,
962 1071 1042 1142 τῶν
1066 1063 1188 1169 ἁγίων
1211 1073 1330 1165 τριῶν

95 1161 221 1240 ἀείδων
252 1164 317 1241 καὶ
341 1164 483 1264 Δανιὴλ
515 1174 585 1241 τοῦ
620 1162 814 1266 προφήτου
846 1165 919 1242 καί
934 1162 1090 1244 πάντων
1113 1175 1186 1242 τῶν
1209 1165 1330 1269 ἁγίων

95 1269 287 1364 λυπῶν·
555 1276 558 1281 ’

141 1379 213 1447 Καὶ
238 1376 375 1472 τίθησιν
403 1380 559 1474 δευτέραν
585 1379 708 1472 μερίδα
733 1380 893 1453 όποκάτω
918 1387 979 1472 τῆς
999 1379 1134 1473 πρώτης
1154 1379 1331 1464 εὐτάκτως.

95 1474 142 1549 Iro
164 1473 268 1561 αὖθις
288 1481 394 1570 λέγει·
801 1564 804 1570 ⁴

138 1589 227 1659 Τῶν
259 1583 379 1688 ἁγίων
411 1582 575 1672 ἐνδόξων
606 1585 671 1663 καί
701 1582 960 1685 πανευφήμων
983 1585 1220 1664 Ἀποστόλων
1252 1587 1331 1662 Πέ-

983 1690 993 1715 t

95 1712 149 1760 ιου
180 1684 245 1760 καί
272 1685 443 1777 Παύλου,
478 1697 557 1765 τῶν
589 1684 737 1764 δυόδεκα
770 1688 833 1764 καί
864 1696 942 1765 τῶν
975 1685 1237 1788 εβδομήκοντα
1268 1689 1332 1766 καί

95 1781 212 1862 άντων
236 1797 316 1864 τῶν
342 1788 462 1892 ἁγίων
488 1787 717 1867 ἀποστόλων.
873 1886 877 1893 1
1019 1834 1022 1839 ·
1064 1802 1066 1807 ’

140 1902 214 1971 Καὶ
234 1903 322 1973 οάτω
342 1903 460 1996 τίθησι
481 1905 540 1996 τὴν
561 1902 672 1996 τρίτην
692 1901 815 1995 μερίδα
835 1901 993 1973 ὑποκάτω
1013 1909 1074 1994 τῆς
1088 1905 1255 1996 δευτέρας,
1277 1929 1332 1973 τι-

95 2008 156 2070 τιιῦν
177 2003 238 2092 τὴν
261 2003 395 2095 πρώτην
415 2003 520 2088 τάξιν.
1077 2000 1080 2010 ¹
1258 2085 1260 2091 ,

145 2113 233 2183 Τῶν
256 2111 299 2184 ἐν
323 2108 443 2211 ἁγίοις
465 2110 637 2210 πατέρων
661 2108 776 2206 ἡμῶν
794 2108 858 2185 καί
875 2113 1141 2206 οίκουμενικῶν
1157 2105 1332 2212 μεγάλων

95 2205 299 2285 εδαοκάλων
331 2211 395 2285 καὶ
427 2212 625 2312 ἱεραρχῶν,
641 2242 645 2249 ·
659 2210 860 2287 Βασιλείου
883 2217 952 2286 τοῦ
976 2209 1153 2314 μεγάλου,
1186 2219 1333 2315 Γρηγο-

95 2308 146 2384 ίου
170 2318 239 2386 τοῦ
264 2309 462 2415 θεολόγου,
491 2311 671 2390 Ἰωάννου
696 2320 766 2389 τοῦ
789 2310 1078 2411 Χρυσοστόμου,
1098 2314 1333 2391 Ἀθαναοίου

95 2410 123 2485 τί
152 2411 360 2512 Κυρίλλου,
391 2412 579 2491 Νικολάου
611 2422 680 2491 τοῦ
712 2417 755 2492 ἐν
785 2413 919 2514 μύροις
924 2469 937 2505 ,
971 2415 1035 2491 καί
1066 2411 1221 2494 πάντων
1252 2425 1332 2492 τῶν

95 2511 181 2604 γόων
205 2515 401 2614 ἱεραρχῶν.

144 2739 202 2802 Cep.
221 2738 281 2788 vrri.
317 2739 342 2788 P.
361 2747 423 2789 meet
440 2739 586 2801 singularem
605 2739 702 2789 Ioannis
722 2739 886 2804 Chryooetomi
910 2740 941 2790 ed
959 2754 1047 2791 nonem
1064 2740 1209 2805 periieulom
1227 2741 1336 2792 oommess

95 2823 228 2873 irationem.
264 2823 291 2873 C.
309 2831 405 2887 praeter
422 2823 509 2873 dormo
526 2824 628 2888 Virginis
646 2824 788 2890 perticulam
807 2839 878 2874 unam
897 2823 1051 2875 solummodo
1070 2828 1142 2888 norit,
1162 2842 1208 2892 quo
1226 2828 1334 2879 omnium

95 2913 202 2957 ociorum
227 2907 369 2957 memoriam
394 2908 575 2972 complectitor:
603 2908 627 2954 7
628 2905 667 2956 ῶν
685 2899 774 2973 ἁγίων
790 2905 837 2955 καί
853 2903 1029 2973 ἐπουρανίων
1046 2899 1204 2974 δυνάμεων,
1227 2909 1276 2960 τοῦ
1293 2926 1335 2960 τι-

95 2992 127 3039 ov
148 2981 297 3058 προφήτου
314 2987 477 3058 προδρομοῦ
493 2988 541 3040 καί
558 2987 709 3054 βαπτιστοῦ
721 2982 861 3053 Ἰωάννου,
879 2990 935 3039 τῶν
952 2983 1049 3057 ἁγίων,
1073 2985 1197 3050 ἐνδόξων
1212 2992 1260 3042 καλ
1277 3009 1335 3042 πα-

95 3065 213 3141 οφήμων
237 3067 402 3124 ἀποστόλων
423 3072 472 3124 καί
495 3072 544 3125 τοῦ
566 3068 648 3140 ἁγίου
671 3072 719 3124 τοῦ
735 3070 827 3131 δεῖνος
843 3057 878 3124 οὗ
894 3072 942 3124 καί
958 3071 1008 3140 τὴν
1023 3065 1140 3142 μνήμην
1155 3072 1336 3145 ἐπιτελοῦμεν

95 3157 107 3207 λ
129 3149 244 3210 πάντων
268 3159 323 3208 τῶν
346 3153 443 3225 ἁγίων.
471 3148 584 3208 Ἔπειτα
600 3150 694 3223 λοβῶν
710 3151 759 3208 τὸν
775 3149 861 3225 ἀρτον
877 3150 951 3223 ῦψοῖ
965 3152 1051 3210 αῦτόν
1067 3151 1274 3228 ἁκροιίάκιυλον
1291 3160 1336 3212 λί-

95 3255 120 3291 ιν
142 3236 191 3304 τὴν
215 3234 314 3308 εὐχήν·
340 3242 395 3305 Τῆς
419 3246 561 3309 παναγίας
577 3233 718 3313 ῦγράντου
735 3235 923 3315 εῦλογημένης
939 3239 1089 3307 δεσποίνης
1103 3236 1184 3313 ἡμῶν
1200 3234 1335 3296 θεοτόκου

96 3324 107 3374 ί
129 3320 318 3394 ἁειπαρθένου
335 3325 459 3391 Μαρίας,
484 3326 538 3376 τῶν
561 3327 659 3394 τιμίων
681 3315 839 3394 ἀσωμάτων
855 3320 1030 3394 ίπουρανίων
1047 3321 1205 3395 δυνάμεων,
1228 3327 1277 3379 τοῦ
1294 3345 1336 3378 τι-

95 3414 127 3461 ov
150 3401 307 3479 προφήτου,
329 3407 495 3478 προδρομοῦ
517 3408 565 3461 καί
581 3409 732 3476 βαπτιστοῦ
744 3403 885 3476 Ἰωάννου,
909 3411 965 3464 τῶν
982 3405 1071 3481 ἁγίων
1088 3408 1211 3470 ἐνδόξων
1228 3427 1335 3463 πανευ-

95 3486 165 3562 Ῑμων
188 3491 367 3546 ἀποστόλων·
390 3495 439 3546 τοῦ
463 3489 494 3545 ίν
511 3488 600 3562 ἁγίοις
615 3488 720 3562 πατρός
735 3489 816 3563 ἡμῶν
832 3495 880 3546 καί
897 3492 1044 3567 ἀρχιερέως
1060 3495 1216 3562 Βασιλείου,
1240 3499 1289 3547 τοῦ
1304 3492 1336 3546 ίν

95 3579 150 3636 ’ίοις
172 3572 278 3647 πατρὸς
299 3572 380 3645 ἡμῶν
404 3570 621 3647 Χρυσοστόμου,
645 3577 694 3629 τοῦ
717 3575 748 3629 έν
771 3571 861 3646 ἁγίοις
882 3575 986 3647 πατρός
1008 3573 1089 3645 ἡμῶν
1112 3580 1267 3648 Γρηγορίου
1290 3578 1337 3630 τοῦ

95 3657 205 3730 ολόγου,
229 3663 279 3713 τοῦ
301 3661 333 3714 ἐν
356 3656 447 3730 ἁγίοις
462 3659 567 3731 πατρὸς
583 3656 663 3730 ἡμῶν
680 3662 728 3713 καλ
745 3660 893 3733 ἀρχιερέως
909 3653 1064 3712 Νικολάου·
1091 3662 1140 3713 τοῦ
1156 3656 1238 3730 ἁγίου
1255 3660 1335 3714 τοῦδε

111 3747 160 3798 καί
177 3744 227 3811 τὴν
243 3738 359 3816 μνήμην
377 3745 556 3815 ἐπιτελοῦμεν
572 3747 620 3797 καί
637 3741 752 3798 πάντων
768 3745 823 3797 τῶν
840 3742 929 3813 ἁγίων
945 3731 985 3795 ὧν
1001 3743 1050 3795 καί
1066 3738 1126 3803 ταῖς
1141 3744 1256 3804 ἱκεσίαις
1272 3744 1337 3797 ent-

95 3839 165 3898 ειγαι
187 3826 262 3900 ἡμὰς
285 3826 300 3882 ό
319 3827 396 3890 Θεός.
430 3831 489 3881 Καί
509 3824 650 3899 μνήσθητι
673 3825 789 3882 πάντων
806 3829 863 3882 τῶν
878 3831 1089 3898 κεκοιμημένων
1105 3828 1137 3882 ἒν
1154 3827 1247 3881 ἐλπίδι
1263 3825 1337 3883 ἁνα-

95 3910 190 3973 ιόσεως
207 3914 274 3979 ζωῆς
290 3915 420 3968 αίωνίου·
444 3915 492 3966 καί
507 3911 675 3968 ἀνάπαυσον
692 3909 795 3973 αὐτοῦς
810 3907 880 3967 ὅπου
896 3911 1045 3965 ίπισιιοπεῑ
1060 3913 1091 3966 τὸ
1108 3914 1168 3983 φῶς
1184 3915 1234 3967 τοῦ
1249 3931 1336 3986 προς-

95 4015 140 4051 του
165 4012 226 4066 σου,
250 3994 346 4070 Κύριε.
380 3994 562 4069 Μνημονεύει
586 3998 616 4052 δὲ
640 3999 687 4050 καλ
704 4000 759 4050 τῶν
775 3992 914 4067 κτητόρων
930 3995 978 4049 καί
994 3998 1049 4051 τῶν
1066 3994 1267 4066 ὲντειλαμένων
1289 4000 1337 4051 καί

95 4082 178 4148 :drevic
196 4076 306 4145 ζώντων
321 4082 370 4136 καί
385 4085 501 4153 νεκρῶν.
534 4076 603 4136 Είτα
622 4084 767 4154 σφραγίζει
783 4081 908 4155 τάνὰμα
925 4082 973 4134 καί
989 4078 1019 4136 τό
1036 4076 1113 4152 ὕδωρ
1130 4083 1234 4150 λέγων·
1247 4078 1337 4135 ‘'Erm-

95 4185 107 4224 ς
128 4162 288 4238 πνεύματος
311 4164 401 4236 ἁγίου.
432 4165 551 4235 Ἐκχίων
573 4166 603 4219 δὲ
627 4164 657 4220 τὸ
681 4168 758 4238 νὰμα
780 4168 820 4227 τίς
840 4164 889 4222 τόν
905 4168 1026 4239 κρατῆρα
1043 4168 1132 4235 λέγει·
1156 4166 1215 4218 Καὶ
1229 4157 1268 4225 εἷς
1283 4164 1339 4217 τῶν

95 4255 236 4321 τρατιωτιῦν
254 4265 280 4308 οι
298 4272 320 4308 e.
337 4256 361 4306 6.
397 4257 510 4322 Sequitur
529 4257 658 4306 incensatio
677 4264 701 4307 οι
717 4246 845 4320 κάλυψις.
863 4283 896 4293 -
919 4256 949 4306 Μ.
968 4257 996 4308 (ἱ.
1018 4257 1076 4307 den.
1095 4254 1144 4306 687
1168 4254 1288 4306 rubricam
1306 4252 1337 4303 do

95 4355 148 4391 nem
174 4343 298 4406 particulis
321 4341 346 4391 in
371 4340 441 4391 Disco
467 4341 550 4390 ordine
575 4342 748 4406 componendis
772 4357 820 4392 non
844 4343 876 4391 im
894 4341 1021 4403 diiigenter
1046 4347 1177 4405 exponunt.
1212 4339 1338 4389 Praeterea

96 4428 187 4477 omchie
205 4428 320 4478 adiiciunt
337 4429 472 4489 menium,
490 4421 658 4496 ἁναργόροις
668 4429 812 4492 sampsone,
831 4427 980 4489 Diomedem,
999 4425 1151 4476 Theloiieum
1169 4425 1335 4489 et'dryphonn.

95 4506 217 4573 ἰιςοίιιιοι
241 4513 356 4564 lobannis
380 4512 544 4577 chrysostomi
568 4515 716 4566 mentionem
737 4513 858 4578 ίςοοιιοι.
876 4538 910 4552 -
932 4513 973 4564 λι.
998 4511 1128 4576 Τίτιοίοςίι
1152 4518 1176 4563 ιι
1192 4509 1337 4562 doctoribus
