3044 4912
793 263 865 337 164

206 492 221 519 ε
329 500 332 507 ,
500 441 615 519 '166'
595 441 833 536 ἀποκρίνονται
854 440 1125 528 ἐπικλινομένως.
1135 447 1156 526 ¹)

269 568 483 700 Πνεῦμα“
458 596 567 672 αγιον
591 562 820 642 ἐπελεύσεται
844 565 903 640 ἐπὶ
930 563 983 654 66,
1010 591 1074 638 και
1061 559 1294 660 6666619‘
1296 522 1467 661 Υψίστου

193 670 393 750 ἐπισκιάσει
419 696 488 747 σοι.

589 811 714 887 Εἶτα
696 842 715 885 ο
738 813 845 906 ιερεῦς
866 816 1068 898 διεξοδικῶς.

265 936 624 1068 ’ἒΟπισκειμάμενος
647 938 746 1036 6669
770 942 811 1013 ἐν
836 938 946 1021 ε’λίοις
970 936 1034 1011 καὶ
1060 941 1274 1035 ολκτιρμοῖς,
1308 939 1469 1016 δέσποτα

193 1043 320 1145 Κύριε,
353 1044 416 1120 καὶ
444 1038 695 1171 χαρισάμενος
726 1036 986 1138 παῤῥησίανε
965 1043 1057 1137 ημῖν
1088 1044 1165 1123 τοῖς
1196 1048 1384 1126 ταπεινοῖς
1408 1042 1471 1119 καὶ

195 1148 428 1247 ἁμαρτωλοῖς
459 1145 523 1220 καὶ
555 1138 720 1228 ἀναξίοις
752 1166 821 1217 σου
848 1141 1005 1229 δούλοις,
1039 1137 1268 1269 παρεστάναι
1293 1152 1348 1242 τῷ
1376 1143 1400 1219 ἁ
1425 1143 1471 1244 ίῳ

195 1277 264 1327 σου
296 1243 569 1345 θυσιαστηρίῳ,
601 1274 666 1318 και
697 1244 914 1372 προςιρὲρειν
948 1270 1007 1318 σοι
1039 1241 1108 1369 την
1133 1242 1304 1342 φοβερὰν
1329 1275 1471 1376 ταητην

108 1367 143 1439 Q
194 1382 258 1428 και
292 1349 525 1446 ἀναίμακτον
556 1344 756 1421 θυσίαν
734 1344 826 1443 νπὲρ
857 1353 936 1420 τιῦν
967 1343 1172 1474 ἡμετέρων
1189 1344 1473 1476 ἁμαρτημάτων

194 1453 259 1530 καὶ
282 1460 361 1526 τῶν
377 1481 445 1524 του
427 1447 593 1576 λαρῦ’
558 1444 835 1624 ἐαγνοημάτων,
862 1445 1097 1544 ἐπίβλεψον’
1082 1448 1137 1520 επ’
1157 1445 1219 1542 ἐμὲ
1237 1450 1305 1524 τὸν
1322 1451 1472 1582 ἀχρεῖον

196 1551 335 1631 δοῦλόν
362 1577 443 1641 σου,
470 1549 533 1625 καὶ
558 1546 764 1678 ἐξάλειρμον
776 1548 823 1622 τὰ
849 1545 1136 1646 παραπτώματα
1155 1548 1275 1624 διὰ
1236 1579 1306 1647 την
1323 1553 1396 1650 σὴν
1412 1553 1473 1629 εῦ-

197 1653 446 1783 σπλαγχνίαν·
480 1681 543 1727 και
575 1647 789 1750 καθάρισόν
820 1679 896 1747 μου
919 1650 975 1724 τά
998 1649 1101 1778 χείλη
1127 1651 1190 1726 καὶ
1215 1652 1284 1748 τὴν
1308 1654 1473 1782 καρδίαν

198 1757 271 1886 666
297 1755 435 1838 παντὸς
455 1761 656 1878 μολυσμοῦ
683 1750 818 1852 σαρκὸς
842 1752 905 1827 καὶ
926 1750 1162 1881 πνεύματος·
1178 1753 1241 1829 καὶ
1259 1752 1473 1885 ἀπόστησον

198 1858 262 1934 ἀπ
294 1861 386 1954 ἐμοῦ
412 1855 535 1931 πάντα
562 1853 741 1984 λογισμὸν
768 1851 924 1951 αἰσχρόν
948 1883 987 1928 τε
1004 1882 1068 1928 και
1088 1851 1283 1947 ἀσύνετον,
1309 1858 1374 1933 καὶ
1391 1856 1474 1989 ἰκρί-

196 1957 323 2037 νωσόν
347 1989 464 2056 με
420 1989 464 2055 τ
447 1955 650 2053 δυνάμει
675 1965 744 2033 τοῦ
770 1954 956 2130 παναγίου
983 1981 1051 2031 σου
1080 1954 1315 2086 Πνεῦματος
1328 1965 1380 2045 εἰς
1405 1960 1473 2058 τὴν

130 2070 134 2077 ’
197 2061 431 2163 λειτουργίαν
461 2057 618 2156 ταύτην
651 2058 714 2134 καὶ
747 2055 942 2156 πρόςδεξαί
973 2086 1020 2153 με
1053 2056 1117 2132 διὰ
1149 2059 1218 2155 τὴν
1250 2059 1473 2193 ἀγαθάτητά

199 2192 334 2255 σου,π
308 2162 595 2292 προςεγγίζοντα
618 2169 672 2259 τῷ
699 2159 794 2287 ἁγίῳ
822 2186 890 2234 σου
915 2158 1193 2258 θυσιαστηρίῳ·
1230 2191 1294 2237 και
1281 2162 1474 2262 εῦδάκη-

199 2292 287 2356 σον,
321 2264 455 2365 Κύριε,
490 2262 601 2340 δεκτά
633 2265 811 2364 γενέσθαι
843 2261 891 2336 τά
924 2259 1183 2363 προςαγόμενα
1214 2273 1334 2340 ταῦτα
1368 2265 1474 2364 δῶρα

199 2368 263 2497 διηλ
289 2376 367 2442 τῶν
392 2364 579 2463 ἡμετέρων
601 2372 751 2460 χειρῶν,
779 2364 1095 2491 συγκαταβαίνων
1119 2371 1201 2449 ταῖς
1225 2369 1331 2463 ἐμαῖς
1358 2368 1476 2445 ἀσθε-

198 2469 325 2558 νείαις,
359 2468 421 2542 καὶ
454 2466 505 2596 μη
534 2465 745 2610 ἀπορρίιμης
776 2493 822 2559 με
849 2464 1016 2540 ἀπὸτοῦ
1041 2464 1237 2595 προςιάπου
1263 2493 1357 2598 σρυ,
1381 2468 1473 2596 μηδὲ

134 2666 137 2671 .
198 2568 359 2698 βδελύξη
385 2568 454 2665 τὴν
480 2567 573 2664 ἐμην
600 2565 833 2663 ἀναξιότητα,
861 2566 941 2639 ἀλλ’
971 2566 1118 2663 ἐλέησόν
1142 2598 1189 2664 με
1205 2570 1301 2644 κατὰ
1319 2572 1362 2646 τὸ
1379 2574 1473 2674 μέγα

200 2669 296 2754 ελεός
321 2694 404 2757 σου,
430 2667 493 2742 καὶ
517 2666 613 2741 κατὰ
638 2667 681 2740 τὸ
707 2671 851 2764 πλῆθος
874 2677 953 2742 τιῦν
971 2674 1173 2768 οἰκτιρμῶν
1191 2695 1259 2746 σου
1276 2675 1473 2801 παρένεγκε

200 2773 247 2846 τὰ
274 2767 498 2867 ἀνοιιήιιατά
524 2799 611 2865 μου,
638 2769 747 2842 666’
726 2770 981 2867 ακατακρίτως
1006 2772 1222 2869 προςελθιῦν
1242 2772 1472 2850 κατενώπιον

200 2884 265 2970 τῆς
297 2870 405 2998 δόξης
438 2897 519 2961 σου,
553 2875 778 2956 καταξιωθιῦ
813 2881 877 2969 τῆς
903 2898 1033 2970 σκεπης
1058 2883 1126 2948 τοῦ
1152 2886 1396 3005 μονογενοῦς
1406 2904 1472 3007 606

208 2978 293 3052 Υίοῦ
325 2975 389 3049 καὶ
421 3005 485 3102 της
517 2971 730 3071 ἐλλάμψεως
755 2982 822 3049 τοῦ
848 2974 1034 3101 παναγίου
1062 2975 1296 3103 Πνεάιιατος,
1333 2979 1398 3053 καῖ
1423 2980 1473 3075 66

201 3077 252 3162 69
278 3077 458 3161 δοῦλος
437 3076 621 3174 αμαρτίας
639 3074 926 3203 ἀποδόκιιιος
881 3105 992 3202 γενωρ
978 3106 1059 3174 μαι,
1087 3078 1167 3151 ἀλλ’
1189 3079 1239 3162 69
1261 3079 1451 3165 δοῦλος
1413 3109 1474 3165 σος

202 3181 299 3278 εὕρω
321 3177 435 3275 χάριν
460 3179 523 3253 καὶ
549 3180 644 3261 ἔλεος
669 3178 732 3252 καὶ
759 3179 893 3276 ἄφεσιν
912 3178 1108 3276 ἁιιαρτιιῦν
1125 3176 1286 3256 ἐνώπιόν
1302 3205 1385 3272 σου,
1412 3182 1474 3258 καὶ

202 3286 243 3356 ἐν
275 3312 329 3378 τῳ
362 3290 434 3356 νῦν
459 3281 523 3354 καὶ
548 3284 589 3355 ἐν
614 3289 667 3378 τῷ
693 3282 861 3376 μέλλοντι
889 3286 1013 3355 αλιῦνι·
1051 3310 1115 3356 ναι
1140 3282 1310 3357 Δεσποτα
1336 3314 1474 3360 παντο-

202 3380 355 3513 κράτορ,
388 3353 655 3511 παντοδύνοριιει
684 3380 816 3479 Κύριε,
850 3380 1063 3466 ελςάκουσον
1095 3391 1160 3479 τῆς
1192 3381 1386 3515 δεήσεως
1385 3414 1471 3461 ιιου·

202 3485 250 3562 σὺ
245 3485 349 3614 γάρ
375 3483 450 3558 εί
433 3516 452 3559 ο
478 3483 526 3558 τὰ
551 3481 674 3561 πάντα
674 3487 903 3610 ἐνεργῶν
888 3513 929 3558 εν
955 3493 1058 3574 πᾶσι,
1093 3484 1250 3582 καλιὴν
1277 3488 1379 3586 παρὰ
1407 3496 1474 3563 606

202 3585 337 3670 πάντες
361 3585 642 3683 επιζηιοῦμενὲ
644 3585 685 3659 πῖ
710 3594 801 3659 πᾶσι
824 3583 1010 3683 βοήθειάν
1035 3616 1073 3660 τε
1094 3616 1157 3661 και
1174 3587 1386 3715 ἀντίληψιν,
1413 3588 1475 3664 καὶ

202 3698 270 3763 τοῦ
296 3698 539 3816 μονογενοῦς
548 3715 674 3763 σουι
638 3689 736 3776 Υιοῦ,
762 3717 825 3762 και
850 3696 918 3762 τοῦ
944 3689 1097 3814 ἀγαθοῦ
1122 3718 1186 3762 και
1174 3689 1396 3779 ζωοποιοῦ
1414 3691 1477 3767 καὶ

202 3790 406 3889 ἁμοουσίου
434 3787 670 3887 Πνεύιιατος,
694 3798 767 3865 νῦν
791 3789 854 3866 καί
878 3796 928 3873 εἰς
953 3790 1039 3873 τοὺς
1064 3795 1214 3876 αλιῦνας.

292 3963 315 4024 1)
333 3965 419 4010 Fabric.
438 3966 516 4011 omittit
531 3977 609 4011 vocem
627 3961 829 4028 λπικλινομίνως.

201 4110 309 4119 „—

203 4197 252 4258 269
268 4215 296 4252 ιε
313 4202 363 4251 καί
377 4229 410 4239 -
427 4196 547 4267 ἁγιασόν
563 4215 600 4269 με
617 4196 649 4269 τῇ
665 4196 727 4249 δον.
744 4198 793 4249 τοῦ
810 4191 893 4264 ἁγίου
910 4211 960 4248 σου
978 4225 1011 4235 -
1029 4193 1075 4249 διὰ
1094 4195 1142 4262 τὴν
1158 4195 1211 4264 σὴν
1228 4195 1275 4266 ἁγ.
1294 4227 1327 4238 -
1351 4199 1385 4251 ιὰ
1408 4201 1481 4271 μέλ-

203 4286 286 4337 λοντα
309 4278 507 4354 προςαγόμενά
531 4297 576 4334 σοι
596 4281 673 4351 δῶρα
691 4312 723 4321 -
741 4277 780 4352 μὴ
798 4276 929 4347 μδελάξης
944 4296 981 4349 με
998 4310 1032 4320 -
1050 4277 1162 4348 ἐλέησόν
1179 4299 1215 4353 με
1234 4278 1248 4335 6
1266 4279 1333 4341 θεὸς
1357 4277 1428 4335 κατά
1447 4311 1480 4324 -

203 4367 234 4423 τὸ
252 4362 389 4437 ἀνόνημιι.
402 4399 435 4409 -
448 4368 551 4431 σκεπῆς
568 4380 619 4418 σου
635 4366 683 4416 καὶ
700 4366 794 4430 169-
812 4363 908 4422 δοῦλος
925 4358 955 4423 69
971 4361 1042 4432 εὕρω
1060 4397 1093 4407 -
1111 4362 1254 4438 ἁμαρτιῶν
1271 4365 1303 4418 6
1317 4361 1481 4434 ιρῖ-ἐπά-

207 4467 311 4506 κουσον
334 4453 380 4516 τῆς
396 4481 428 4491 -
445 4445 648 4527 φιλάνθρωπος
670 4442 698 4502 εἶ
718 4450 766 4502 καὶ
789 4448 992 4520 δέδοξασμένος
1014 4445 1147 4521 ὑπάρχεις
1164 4447 1255 4517 Ἰησοῦ
1278 4448 1293 4504 6
1315 4449 1383 4512 θεὸς
1398 4446 1482 4524 ἢμοῖν

207 4533 261 4592 σῦν
277 4539 315 4607 τῷ
331 4530 443 4607 ἀνάρχιρ
461 4548 513 4590 σου
530 4536 615 4608 πατρὶ
631 4535 679 4590 κοιλ
696 4535 735 4604 ιρῖ
750 4527 820 4605 ἁγίῳ
838 4547 890 4589 σου
906 4528 1045 4606 πνεύματι
1061 4538 1114 4593 νῦν
1130 4536 1178 4591 καλ
1195 4532 1248 4590 66.
