<?xml version="1.0" encoding="UTF-8"?>
<!DOCTYPE html PUBLIC "-//W3C//DTD XHTML 1.0 Transitional//EN"
    "http://www.w3.org/TR/xhtml1/DTD/xhtml1-transitional.dtd">
<html xmlns="http://www.w3.org/1999/xhtml" xml:lang="en" lang="en">
 <head>
  <title>
</title>
<meta http-equiv="Content-Type" content="text/html;charset=utf-8" />
  <meta name='ocr-system' content='tesseract 3.04.00' />
  <meta name='ocr-capabilities' content='ocr_page ocr_carea ocr_par ocr_line ocrx_word'/>
</head>
<body>
  <div class='ocr_page' id='page_1' title='image "./codexliturgicus05danigoog_0187.png"; bbox 0 0 3044 4912; ppageno 0'>
   <div class='ocr_carea' id='block_1_1' title="bbox 818 185 890 261">
    <p class='ocr_par' dir='ltr' id='par_1_1' title="bbox 818 185 890 261">
     <span class='ocr_line' id='line_1_1' title="bbox 818 185 890 261; baseline -0.014 0"><span class='ocrx_word' id='word_1_1' title='bbox 818 185 890 261; x_wconf 79' lang='lat' dir='ltr'><strong>tta</strong></span> 
     </span>
    </p>
   </div>
   <div class='ocr_carea' id='block_1_2' title="bbox 212 340 1509 467">
    <p class='ocr_par' dir='ltr' id='par_1_2' title="bbox 212 340 1509 467">
     <span class='ocr_line' id='line_1_2' title="bbox 212 340 1509 467; baseline -0.003 -16"><span class='ocrx_word' id='word_1_2' title='bbox 212 379 414 452; x_wconf 76' lang='lat' dir='ltr'>delictorum</span> <span class='ocrx_word' id='word_1_3' title='bbox 454 385 666 466; x_wconf 88' lang='lat' dir='ltr'><strong>nostrorum,</strong></span> <span class='ocrx_word' id='word_1_4' title='bbox 707 381 741 445; x_wconf 90' lang='lat' dir='ltr'><strong>et</strong></span> <span class='ocrx_word' id='word_1_5' title='bbox 773 371 1007 446; x_wconf 89' lang='lat' dir='ltr'><strong>remissionem</strong></span> <span class='ocrx_word' id='word_1_6' title='bbox 1039 340 1254 467; x_wconf 84' lang='lat' dir='ltr'><strong>peccatorum</strong></span> <span class='ocrx_word' id='word_1_7' title='bbox 1288 378 1509 447; x_wconf 60' lang='lat' dir='ltr'><strong>nosfforuu:</strong></span> 
     </span>
    </p>
   </div>
   <div class='ocr_carea' id='block_1_3' title="bbox 101 471 1218 579">
    <p class='ocr_par' dir='ltr' id='par_1_3' title="bbox 101 471 1218 579">
     <span class='ocr_line' id='line_1_3' title="bbox 101 471 1218 579; baseline -0.009 -25"><span class='ocrx_word' id='word_1_8' title='bbox 101 494 107 501; x_wconf 83' lang='lat'>&#39;</span> <span class='ocrx_word' id='word_1_9' title='bbox 213 505 274 579; x_wconf 89' lang='lat' dir='ltr'><strong>per</strong></span> <span class='ocrx_word' id='word_1_10' title='bbox 301 478 442 576; x_wconf 77' lang='lat' dir='ltr'><strong>gratiam</strong></span> <span class='ocrx_word' id='word_1_11' title='bbox 468 501 562 550; x_wconf 91' lang='lat' dir='ltr'><strong>suam</strong></span> <span class='ocrx_word' id='word_1_12' title='bbox 589 487 622 548; x_wconf 88' lang='lat' dir='ltr'><strong>et</strong></span> <span class='ocrx_word' id='word_1_13' title='bbox 647 475 881 548; x_wconf 81' lang='lat' dir='ltr'><strong>miserationes</strong></span> <span class='ocrx_word' id='word_1_14' title='bbox 908 498 986 547; x_wconf 90' lang='lat' dir='ltr'><strong>suas</strong></span> <span class='ocrx_word' id='word_1_15' title='bbox 1013 471 1046 545; x_wconf 91' lang='lat' dir='ltr'><strong>in</strong></span> <span class='ocrx_word' id='word_1_16' title='bbox 1076 471 1218 546; x_wconf 87' lang='lat' dir='ltr'><strong>saecula.</strong></span> 
     </span>
    </p>
   </div>
   <div class='ocr_carea' id='block_1_4' title="bbox 216 570 1512 779">
    <p class='ocr_par' dir='ltr' id='par_1_4' title="bbox 216 570 1512 779">
     <span class='ocr_line' id='line_1_4' title="bbox 291 570 1512 675; baseline -0.005 -22"><span class='ocrx_word' id='word_1_17' title='bbox 291 580 375 654; x_wconf 80' lang='lat' dir='ltr'><strong>blau</strong></span> <span class='ocrx_word' id='word_1_18' title='bbox 398 578 540 652; x_wconf 66' lang='lat' dir='ltr'><strong>aetion</strong></span> <span class='ocrx_word' id='word_1_19' title='bbox 570 600 606 650; x_wconf 83' lang='lat' dir='ltr'><strong>oe</strong></span> <span class='ocrx_word' id='word_1_20' title='bbox 633 577 833 673; x_wconf 83' lang='lat' dir='ltr'><strong>adportem</strong></span> <span class='ocrx_word' id='word_1_21' title='bbox 856 576 1065 675; x_wconf 77' lang='lat' dir='ltr'><strong>inferiorem,</strong></span> <span class='ocrx_word' id='word_1_22' title='bbox 1093 575 1209 646; x_wconf 86' lang='lat' dir='ltr'><strong>eadem</strong></span> <span class='ocrx_word' id='word_1_23' title='bbox 1229 570 1512 671; x_wconf 65' lang='lat' dir='ltr'><strong>proseminare,</strong></span> 
     </span>
     <span class='ocr_line' id='line_1_5' title="bbox 216 673 1507 779; baseline -0.004 -22"><span class='ocrx_word' id='word_1_24' title='bbox 216 685 392 779; x_wconf 86' lang='lat' dir='ltr'><strong>eodemque</strong></span> <span class='ocrx_word' id='word_1_25' title='bbox 424 680 520 753; x_wconf 88' lang='lat' dir='ltr'><strong>modo</strong></span> <span class='ocrx_word' id='word_1_26' title='bbox 553 679 608 752; x_wconf 84' lang='lat' dir='ltr'><strong>illi</strong></span> <span class='ocrx_word' id='word_1_27' title='bbox 646 678 868 776; x_wconf 84' lang='lat' dir='ltr'><strong>respoudeat:</strong></span> <span class='ocrx_word' id='word_1_28' title='bbox 911 687 981 774; x_wconf 81' lang='lat' dir='ltr'><strong>tuan</strong></span> <span class='ocrx_word' id='word_1_29' title='bbox 1014 676 1202 749; x_wconf 80' lang='lat' dir='ltr'><strong>iooclinutur</strong></span> <span class='ocrx_word' id='word_1_30' title='bbox 1233 699 1356 748; x_wconf 80' lang='lat' dir='ltr'><strong>uersus</strong></span> <span class='ocrx_word' id='word_1_31' title='bbox 1388 673 1507 752; x_wconf 72' lang='lat' dir='ltr'><strong>etun</strong></span> 
     </span>
    </p>
   </div>
   <div class='ocr_carea' id='block_1_5' title="bbox 215 786 1488 975">
    <p class='ocr_par' dir='ltr' id='par_1_5' title="bbox 215 786 1488 975">
     <span class='ocr_line' id='line_1_6' title="bbox 215 786 1488 975; baseline -0.004 -17"><span class='ocrx_word' id='word_1_32' title='bbox 215 795 249 858; x_wconf 51' lang='lat' dir='ltr'><em>a</em></span> <span class='ocrx_word' id='word_1_33' title='bbox 277 786 382 958; x_wconf 61' lang='lat' dir='ltr'><strong>qqqqs</strong></span> <span class='ocrx_word' id='word_1_34' title='bbox 408 880 558 954; x_wconf 88' lang='lat' dir='ltr'><strong>omnium</strong></span> <span class='ocrx_word' id='word_1_35' title='bbox 583 878 760 973; x_wconf 81' lang='lat' dir='ltr'><strong>Dominus,</strong></span> <span class='ocrx_word' id='word_1_36' title='bbox 787 880 832 953; x_wconf 90' lang='lat' dir='ltr'><strong>sit</strong></span> <span class='ocrx_word' id='word_1_37' title='bbox 858 902 933 955; x_wconf 85' lang='lat' dir='ltr'><strong>cum</strong></span> <span class='ocrx_word' id='word_1_38' title='bbox 959 878 1117 953; x_wconf 88' lang='lat' dir='ltr'><strong>omnibus</strong></span> <span class='ocrx_word' id='word_1_39' title='bbox 1143 877 1242 952; x_wconf 91' lang='lat' dir='ltr'><strong>nobis</strong></span> <span class='ocrx_word' id='word_1_40' title='bbox 1266 864 1488 975; x_wconf 84' lang='lat' dir='ltr'><strong>pergratiam</strong></span> 
     </span>
    </p>
   </div>
   <div class='ocr_carea' id='block_1_6' title="bbox 214 980 1520 1590">
    <p class='ocr_par' dir='ltr' id='par_1_6' title="bbox 214 980 1042 1075">
     <span class='ocr_line' id='line_1_7' title="bbox 214 980 1042 1075; baseline -0.01 -13"><span class='ocrx_word' id='word_1_41' title='bbox 214 1011 309 1062; x_wconf 88' lang='lat' dir='ltr'><strong>suam</strong></span> <span class='ocrx_word' id='word_1_42' title='bbox 336 997 370 1058; x_wconf 87' lang='lat' dir='ltr'><strong>at</strong></span> <span class='ocrx_word' id='word_1_43' title='bbox 394 980 702 1075; x_wconf 86' lang='lat' dir='ltr'><strong>miserationes,·iu</strong></span> <span class='ocrx_word' id='word_1_44' title='bbox 728 982 873 1055; x_wconf 84' lang='lat' dir='ltr'><strong>saecula.</strong></span> <span class='ocrx_word' id='word_1_45' title='bbox 924 981 1042 1054; x_wconf 83' lang='lat' dir='ltr'><strong>Amen.</strong></span> 
     </span>
    </p>

    <p class='ocr_par' dir='ltr' id='par_1_7' title="bbox 214 1081 1520 1590">
     <span class='ocr_line' id='line_1_8' title="bbox 292 1081 1518 1180; baseline -0.006 -19"><span class='ocrx_word' id='word_1_46' title='bbox 292 1089 337 1162; x_wconf 85' lang='lat' dir='ltr'><strong>Et</strong></span> <span class='ocrx_word' id='word_1_47' title='bbox 370 1086 554 1159; x_wconf 80' lang='lat' dir='ltr'><strong>inclinatus</strong></span> <span class='ocrx_word' id='word_1_48' title='bbox 579 1084 624 1157; x_wconf 86' lang='lat' dir='ltr'><strong>ud</strong></span> <span class='ocrx_word' id='word_1_49' title='bbox 649 1084 835 1157; x_wconf 78' lang='lat' dir='ltr'><strong>lliucouurn</strong></span> <span class='ocrx_word' id='word_1_50' title='bbox 860 1084 918 1180; x_wconf 90' lang='lat' dir='ltr'><strong>qui</strong></span> <span class='ocrx_word' id='word_1_51' title='bbox 944 1092 995 1156; x_wconf 86' lang='lat' dir='ltr'><strong>eat</strong></span> <span class='ocrx_word' id='word_1_52' title='bbox 1020 1107 1042 1155; x_wconf 90' lang='lat' dir='ltr'><strong>u</strong></span> <span class='ocrx_word' id='word_1_53' title='bbox 1068 1082 1221 1168; x_wconf 77' lang='lat' dir='ltr'><strong>sinistra,</strong></span> <span class='ocrx_word' id='word_1_54' title='bbox 1254 1081 1365 1161; x_wconf 73' lang='lat' dir='ltr'><strong>dieu.</strong></span> <span class='ocrx_word' id='word_1_55' title='bbox 1403 1081 1479 1154; x_wconf 81' lang='lat' dir='ltr'><strong>Deus</strong></span> <span class='ocrx_word' id='word_1_56' title='bbox 1511 1092 1518 1105; x_wconf 60' lang='lat'>⁸</span> 
     </span>
     <span class='ocr_line' id='line_1_9' title="bbox 214 1182 1476 1282; baseline -0.008 -17"><span class='ocrx_word' id='word_1_57' title='bbox 214 1188 365 1265; x_wconf 88' lang='lat' dir='ltr'><strong>omnium</strong></span> <span class='ocrx_word' id='word_1_58' title='bbox 390 1188 554 1261; x_wconf 81' lang='lat' dir='ltr'><strong>Dominus</strong></span> <span class='ocrx_word' id='word_1_59' title='bbox 589 1186 764 1259; x_wconf 84' lang='lat' dir='ltr'><strong>confirmet</strong></span> <span class='ocrx_word' id='word_1_60' title='bbox 795 1185 896 1259; x_wconf 87' lang='lat' dir='ltr'><strong>verba</strong></span> <span class='ocrx_word' id='word_1_61' title='bbox 928 1195 996 1276; x_wconf 91' lang='lat' dir='ltr'><strong>tua,</strong></span> <span class='ocrx_word' id='word_1_62' title='bbox 1030 1195 1065 1256; x_wconf 89' lang='lat' dir='ltr'><strong>et</strong></span> <span class='ocrx_word' id='word_1_63' title='bbox 1096 1193 1244 1280; x_wconf 91' lang='lat' dir='ltr'><strong>praestet</strong></span> <span class='ocrx_word' id='word_1_64' title='bbox 1259 1220 1262 1225; x_wconf 96' lang='lat'>·</span> <span class='ocrx_word' id='word_1_65' title='bbox 1276 1182 1339 1256; x_wconf 91' lang='lat' dir='ltr'><strong>tibi</strong></span> <span class='ocrx_word' id='word_1_66' title='bbox 1363 1204 1476 1282; x_wconf 72' lang='lat' dir='ltr'><strong>pacem</strong></span> 
     </span>
     <span class='ocr_line' id='line_1_10' title="bbox 215 1286 1476 1390; baseline -0.009 -24"><span class='ocrx_word' id='word_1_67' title='bbox 215 1292 443 1390; x_wconf 75' lang='lat' dir='ltr'><strong>suscipiatque</strong></span> <span class='ocrx_word' id='word_1_68' title='bbox 470 1287 672 1362; x_wconf 91' lang='lat' dir='ltr'><strong>oblationem</strong></span> <span class='ocrx_word' id='word_1_69' title='bbox 699 1287 785 1359; x_wconf 88' lang='lat' dir='ltr'><strong>hanc</strong></span> <span class='ocrx_word' id='word_1_70' title='bbox 811 1312 852 1360; x_wconf 87' lang='lat' dir='ltr'><strong>ax</strong></span> <span class='ocrx_word' id='word_1_71' title='bbox 879 1286 1032 1361; x_wconf 86' lang='lat' dir='ltr'><strong>manibus</strong></span> <span class='ocrx_word' id='word_1_72' title='bbox 1059 1287 1156 1377; x_wconf 91' lang='lat' dir='ltr'><strong>meis,</strong></span> <span class='ocrx_word' id='word_1_73' title='bbox 1192 1309 1254 1382; x_wconf 93' lang='lat' dir='ltr'><strong>pro</strong></span> <span class='ocrx_word' id='word_1_74' title='bbox 1279 1309 1349 1378; x_wconf 85' lang='lat' dir='ltr'><strong>mu,</strong></span> <span class='ocrx_word' id='word_1_75' title='bbox 1374 1296 1413 1359; x_wconf 74' lang='lat' dir='ltr'><strong>et‘</strong></span> <span class='ocrx_word' id='word_1_76' title='bbox 1429 1306 1476 1382; x_wconf 85' lang='lat' dir='ltr'><strong>pro</strong></span> 
     </span>
     <span class='ocr_line' id='line_1_11' title="bbox 216 1387 1475 1490; baseline -0.006 -23"><span class='ocrx_word' id='word_1_77' title='bbox 216 1406 261 1487; x_wconf 91' lang='lat' dir='ltr'><strong>te,</strong></span> <span class='ocrx_word' id='word_1_78' title='bbox 287 1418 348 1490; x_wconf 96' lang='lat' dir='ltr'><strong>pro</strong></span> <span class='ocrx_word' id='word_1_79' title='bbox 375 1402 444 1464; x_wconf 92' lang='lat' dir='ltr'><strong>toto</strong></span> <span class='ocrx_word' id='word_1_80' title='bbox 473 1414 612 1486; x_wconf 88' lang='lat' dir='ltr'><strong>corpore</strong></span> <span class='ocrx_word' id='word_1_81' title='bbox 629 1389 800 1462; x_wconf 81' lang='lat' dir='ltr'><strong>Ecclesiae</strong></span> <span class='ocrx_word' id='word_1_82' title='bbox 826 1401 960 1461; x_wconf 89' lang='lat' dir='ltr'><strong>sauctae</strong></span> <span class='ocrx_word' id='word_1_83' title='bbox 979 1387 1179 1479; x_wconf 71' lang='lat' dir='ltr'><strong>Catholicae,</strong></span> <span class='ocrx_word' id='word_1_84' title='bbox 1208 1398 1242 1460; x_wconf 89' lang='lat' dir='ltr'><strong>et</strong></span> <span class='ocrx_word' id='word_1_85' title='bbox 1259 1411 1320 1485; x_wconf 86' lang='lat' dir='ltr'><strong>pro</strong></span> <span class='ocrx_word' id='word_1_86' title='bbox 1341 1387 1475 1460; x_wconf 73' lang='lat' dir='ltr'><strong>univero</strong></span> 
     </span>
     <span class='ocr_line' id='line_1_12' title="bbox 214 1489 1520 1590; baseline -0.006 -21"><span class='ocrx_word' id='word_1_87' title='bbox 214 1495 341 1569; x_wconf 90' lang='lat' dir='ltr'><strong>mundo</strong></span> <span class='ocrx_word' id='word_1_88' title='bbox 368 1516 429 1590; x_wconf 88' lang='lat' dir='ltr'><strong>per</strong></span> <span class='ocrx_word' id='word_1_89' title='bbox 454 1493 596 1587; x_wconf 87' lang='lat' dir='ltr'><strong>gratiam</strong></span> <span class='ocrx_word' id='word_1_90' title='bbox 615 1491 695 1579; x_wconf 36' lang='lat' dir='ltr'><strong>,eius</strong></span> <span class='ocrx_word' id='word_1_91' title='bbox 721 1503 756 1564; x_wconf 91' lang='lat' dir='ltr'><strong>et</strong></span> <span class='ocrx_word' id='word_1_92' title='bbox 780 1491 1013 1564; x_wconf 77' lang='lat' dir='ltr'><strong>miserationes</strong></span> <span class='ocrx_word' id='word_1_93' title='bbox 1039 1490 1111 1562; x_wconf 91' lang='lat' dir='ltr'><strong>eius</strong></span> <span class='ocrx_word' id='word_1_94' title='bbox 1139 1489 1174 1560; x_wconf 88' lang='lat' dir='ltr'><strong>in</strong></span> <span class='ocrx_word' id='word_1_95' title='bbox 1200 1490 1345 1564; x_wconf 87' lang='lat' dir='ltr'><strong>saecula.</strong></span> <span class='ocrx_word' id='word_1_96' title='bbox 1517 1492 1520 1499; x_wconf 88' lang='lat'>&#39;</span> 
     </span>
    </p>
   </div>
   <div class='ocr_carea' id='block_1_7' title="bbox 482 1658 1231 1733">
    <p class='ocr_par' dir='ltr' id='par_1_8' title="bbox 482 1658 1231 1733">
     <span class='ocr_line' id='line_1_13' title="bbox 482 1658 1231 1733; baseline -0.003 -1"><span class='ocrx_word' id='word_1_97' title='bbox 482 1658 690 1733; x_wconf 82' lang='lat' dir='ltr'><strong>inclinatae</strong></span> <span class='ocrx_word' id='word_1_98' title='bbox 716 1660 761 1731; x_wconf 87' lang='lat' dir='ltr'><strong>ad</strong></span> <span class='ocrx_word' id='word_1_99' title='bbox 786 1659 896 1732; x_wconf 83' lang='lat' dir='ltr'><strong>ultore</strong></span> <span class='ocrx_word' id='word_1_100' title='bbox 923 1671 956 1732; x_wconf 90' lang='lat' dir='ltr'><strong>et</strong></span> <span class='ocrx_word' id='word_1_101' title='bbox 982 1669 1110 1733; x_wconf 82' lang='lat' dir='ltr'><strong>secreto</strong></span> <span class='ocrx_word' id='word_1_102' title='bbox 1138 1658 1231 1731; x_wconf 87' lang='lat' dir='ltr'><strong>dicit.</strong></span> 
     </span>
    </p>
   </div>
   <div class='ocr_carea' id='block_1_8' title="bbox 214 1793 1478 2503">
    <p class='ocr_par' dir='ltr' id='par_1_9' title="bbox 214 1793 1478 2503">
     <span class='ocr_line' id='line_1_14' title="bbox 292 1793 1474 1892; baseline -0.003 -25"><span class='ocrx_word' id='word_1_103' title='bbox 292 1793 347 1867; x_wconf 83' lang='lat' dir='ltr'><strong>tx.</strong></span> <span class='ocrx_word' id='word_1_104' title='bbox 373 1794 515 1868; x_wconf 86' lang='lat' dir='ltr'><strong>Domine</strong></span> <span class='ocrx_word' id='word_1_105' title='bbox 541 1806 575 1867; x_wconf 88' lang='lat' dir='ltr'><strong>et</strong></span> <span class='ocrx_word' id='word_1_106' title='bbox 598 1794 695 1867; x_wconf 84' lang='lat' dir='ltr'><strong>Deus</strong></span> <span class='ocrx_word' id='word_1_107' title='bbox 716 1804 843 1867; x_wconf 86' lang='lat' dir='ltr'><strong>noster¹</strong></span> <span class='ocrx_word' id='word_1_108' title='bbox 857 1818 901 1866; x_wconf 88' lang='lat' dir='ltr'><strong>na</strong></span> <span class='ocrx_word' id='word_1_109' title='bbox 922 1793 1065 1892; x_wconf 79' lang='lat' dir='ltr'><strong>aspicias</strong></span> <span class='ocrx_word' id='word_1_110' title='bbox 1088 1793 1130 1866; x_wconf 90' lang='lat' dir='ltr'><strong>ad</strong></span> <span class='ocrx_word' id='word_1_111' title='bbox 1150 1793 1398 1868; x_wconf 84' lang='lat' dir='ltr'><strong>multitudinem</strong></span> <span class='ocrx_word' id='word_1_112' title='bbox 1416 1815 1474 1892; x_wconf 88' lang='lat' dir='ltr'><strong>pec·</strong></span> 
     </span>
     <span class='ocr_line' id='line_1_15' title="bbox 217 1896 1476 1994; baseline -0.002 -23"><span class='ocrx_word' id='word_1_113' title='bbox 217 1908 366 1972; x_wconf 89' lang='lat' dir='ltr'><strong>catorum</strong></span> <span class='ocrx_word' id='word_1_114' title='bbox 400 1908 603 1988; x_wconf 88' lang='lat' dir='ltr'><strong>nostrorum,</strong></span> <span class='ocrx_word' id='word_1_115' title='bbox 637 1919 746 1994; x_wconf 90' lang='lat' dir='ltr'><strong>neque</strong></span> <span class='ocrx_word' id='word_1_116' title='bbox 778 1906 944 1970; x_wconf 82' lang='lat' dir='ltr'><strong>avertatur</strong></span> <span class='ocrx_word' id='word_1_117' title='bbox 977 1896 1123 1990; x_wconf 83' lang='lat' dir='ltr'><strong>dignitas</strong></span> <span class='ocrx_word' id='word_1_118' title='bbox 1156 1906 1213 1983; x_wconf 79' lang='lat' dir='ltr'><strong>tua</strong></span> <span class='ocrx_word' id='word_1_119' title='bbox 1250 1909 1388 1994; x_wconf 87' lang='lat' dir='ltr'><strong>propter</strong></span> <span class='ocrx_word' id='word_1_120' title='bbox 1417 1917 1476 1992; x_wconf 86' lang='lat' dir='ltr'><strong>gra·</strong></span> 
     </span>
     <span class='ocr_line' id='line_1_16' title="bbox 215 1997 1473 2096; baseline -0.003 -24"><span class='ocrx_word' id='word_1_121' title='bbox 215 2001 350 2072; x_wconf 88' lang='lat' dir='ltr'><strong>vitatem</strong></span> <span class='ocrx_word' id='word_1_122' title='bbox 377 1999 600 2096; x_wconf 90' lang='lat' dir='ltr'><strong>nequitiarum</strong></span> <span class='ocrx_word' id='word_1_123' title='bbox 628 2008 830 2090; x_wconf 89' lang='lat' dir='ltr'><strong>nostrarum,</strong></span> <span class='ocrx_word' id='word_1_124' title='bbox 867 1999 925 2071; x_wconf 91' lang='lat' dir='ltr'><strong>sed</strong></span> <span class='ocrx_word' id='word_1_125' title='bbox 950 2022 1011 2095; x_wconf 91' lang='lat' dir='ltr'><strong>per</strong></span> <span class='ocrx_word' id='word_1_126' title='bbox 1038 1997 1178 2092; x_wconf 83' lang='lat' dir='ltr'><strong>gratiam</strong></span> <span class='ocrx_word' id='word_1_127' title='bbox 1206 2008 1295 2072; x_wconf 89' lang='lat' dir='ltr'><strong>tuam</strong></span> <span class='ocrx_word' id='word_1_128' title='bbox 1324 1999 1473 2072; x_wconf 86' lang='lat' dir='ltr'><strong>inenarra-</strong></span> 
     </span>
     <span class='ocr_line' id='line_1_17' title="bbox 214 2099 1475 2197; baseline -0.004 -22"><span class='ocrx_word' id='word_1_129' title='bbox 214 2101 317 2175; x_wconf 83' lang='lat' dir='ltr'><strong>bilem</strong></span> <span class='ocrx_word' id='word_1_130' title='bbox 350 2100 520 2175; x_wconf 83' lang='lat' dir='ltr'><strong>sanctifica</strong></span> <span class='ocrx_word' id='word_1_131' title='bbox 554 2099 755 2173; x_wconf 87' lang='lat' dir='ltr'><strong>sacrificium</strong></span> <span class='ocrx_word' id='word_1_132' title='bbox 781 2100 883 2193; x_wconf 88' lang='lat' dir='ltr'><strong>istud,</strong></span> <span class='ocrx_word' id='word_1_133' title='bbox 918 2112 952 2171; x_wconf 91' lang='lat' dir='ltr'><strong>et</strong></span> <span class='ocrx_word' id='word_1_134' title='bbox 978 2100 1018 2172; x_wconf 90' lang='lat' dir='ltr'><strong>da</strong></span> <span class='ocrx_word' id='word_1_135' title='bbox 1045 2123 1106 2197; x_wconf 90' lang='lat' dir='ltr'><strong>per</strong></span> <span class='ocrx_word' id='word_1_136' title='bbox 1133 2099 1213 2171; x_wconf 91' lang='lat' dir='ltr'><strong>illud</strong></span> <span class='ocrx_word' id='word_1_137' title='bbox 1240 2100 1475 2197; x_wconf 85' lang='lat' dir='ltr'><strong>possibilitatem</strong></span> 
     </span>
     <span class='ocr_line' id='line_1_18' title="bbox 218 2202 1476 2302; baseline -0.002 -26"><span class='ocrx_word' id='word_1_138' title='bbox 218 2215 252 2276; x_wconf 91' lang='lat' dir='ltr'><strong>et</strong></span> <span class='ocrx_word' id='word_1_139' title='bbox 277 2203 445 2297; x_wconf 85' lang='lat' dir='ltr'><strong>virtutem,</strong></span> <span class='ocrx_word' id='word_1_140' title='bbox 473 2203 518 2275; x_wconf 92' lang='lat' dir='ltr'><strong>ita</strong></span> <span class='ocrx_word' id='word_1_141' title='bbox 545 2213 582 2274; x_wconf 91' lang='lat' dir='ltr'><strong>ut</strong></span> <span class='ocrx_word' id='word_1_142' title='bbox 608 2202 815 2276; x_wconf 84' lang='lat' dir='ltr'><strong>obliviscaris</strong></span> <span class='ocrx_word' id='word_1_143' title='bbox 841 2213 976 2298; x_wconf 90' lang='lat' dir='ltr'><strong>peccata</strong></span> <span class='ocrx_word' id='word_1_144' title='bbox 1002 2211 1118 2274; x_wconf 90' lang='lat' dir='ltr'><strong>nostra</strong></span> <span class='ocrx_word' id='word_1_145' title='bbox 1143 2202 1259 2295; x_wconf 91' lang='lat' dir='ltr'><strong>multa,</strong></span> <span class='ocrx_word' id='word_1_146' title='bbox 1286 2203 1400 2302; x_wconf 87' lang='lat' dir='ltr'><strong>sisque</strong></span> <span class='ocrx_word' id='word_1_147' title='bbox 1418 2224 1476 2299; x_wconf 83' lang='lat' dir='ltr'><strong>pua·</strong></span> 
     </span>
     <span class='ocr_line' id='line_1_19' title="bbox 215 2302 1478 2404; baseline -0.003 -27"><span class='ocrx_word' id='word_1_148' title='bbox 215 2306 330 2404; x_wconf 91' lang='lat' dir='ltr'><strong>pitius,</strong></span> <span class='ocrx_word' id='word_1_149' title='bbox 359 2329 435 2378; x_wconf 90' lang='lat' dir='ltr'><strong>cum</strong></span> <span class='ocrx_word' id='word_1_150' title='bbox 461 2303 728 2378; x_wconf 81' lang='lat' dir='ltr'><strong>manifestaberis</strong></span> <span class='ocrx_word' id='word_1_151' title='bbox 755 2304 787 2376; x_wconf 91' lang='lat' dir='ltr'><strong>in</strong></span> <span class='ocrx_word' id='word_1_152' title='bbox 816 2304 882 2376; x_wconf 90' lang='lat' dir='ltr'><strong>tiae</strong></span> <span class='ocrx_word' id='word_1_153' title='bbox 910 2314 1107 2401; x_wconf 88' lang='lat' dir='ltr'><strong>temporum,</strong></span> <span class='ocrx_word' id='word_1_154' title='bbox 1135 2302 1169 2375; x_wconf 89' lang='lat' dir='ltr'><strong>in</strong></span> <span class='ocrx_word' id='word_1_155' title='bbox 1196 2303 1334 2376; x_wconf 77' lang='lat' dir='ltr'><strong>laomine</strong></span> <span class='ocrx_word' id='word_1_156' title='bbox 1361 2325 1478 2404; x_wconf 84' lang='lat' dir='ltr'><strong>quana</strong></span> 
     </span>
     <span class='ocr_line' id='line_1_20' title="bbox 215 2404 1478 2503; baseline -0.003 -23"><span class='ocrx_word' id='word_1_157' title='bbox 215 2407 314 2480; x_wconf 90' lang='lat' dir='ltr'><strong>nobis</strong></span> <span class='ocrx_word' id='word_1_158' title='bbox 341 2406 542 2498; x_wconf 87' lang='lat' dir='ltr'><strong>assumsisti,</strong></span> <span class='ocrx_word' id='word_1_159' title='bbox 579 2406 852 2503; x_wconf 88' lang='lat' dir='ltr'><strong>inveniamusque</strong></span> <span class='ocrx_word' id='word_1_160' title='bbox 880 2430 991 2478; x_wconf 85' lang='lat' dir='ltr'><strong>coram</strong></span> <span class='ocrx_word' id='word_1_161' title='bbox 1019 2415 1051 2477; x_wconf 89' lang='lat' dir='ltr'><strong>te</strong></span> <span class='ocrx_word' id='word_1_162' title='bbox 1079 2404 1219 2499; x_wconf 89' lang='lat' dir='ltr'><strong>gratiam</strong></span> <span class='ocrx_word' id='word_1_163' title='bbox 1245 2416 1280 2477; x_wconf 92' lang='lat' dir='ltr'><strong>et</strong></span> <span class='ocrx_word' id='word_1_164' title='bbox 1306 2406 1478 2480; x_wconf 88' lang='lat' dir='ltr'><strong>misericor·</strong></span> 
     </span>
    </p>
   </div>
   <div class='ocr_carea' id='block_1_9' title="bbox 216 2507 1479 2683">
    <p class='ocr_par' dir='ltr' id='par_1_10' title="bbox 216 2507 1479 2683">
     <span class='ocr_line' id='line_1_21' title="bbox 216 2507 1479 2683; baseline 0.001 -103"><span class='ocrx_word' id='word_1_165' title='bbox 216 2509 318 2683; x_wconf 68' lang='lat' dir='ltr'><strong>qlqpm,</strong></span> <span class='ocrx_word' id='word_1_166' title='bbox 354 2509 514 2605; x_wconf 85' lang='lat' dir='ltr'><strong>dignique</strong></span> <span class='ocrx_word' id='word_1_167' title='bbox 548 2507 732 2580; x_wconf 83' lang='lat' dir='ltr'><strong>efficiamur</strong></span> <span class='ocrx_word' id='word_1_168' title='bbox 765 2508 923 2583; x_wconf 89' lang='lat' dir='ltr'><strong>laudandi</strong></span> <span class='ocrx_word' id='word_1_169' title='bbox 950 2520 982 2580; x_wconf 88' lang='lat' dir='ltr'><strong>tc</strong></span> <span class='ocrx_word' id='word_1_170' title='bbox 1010 2531 1086 2581; x_wconf 90' lang='lat' dir='ltr'><strong>cum</strong></span> <span class='ocrx_word' id='word_1_171' title='bbox 1113 2507 1264 2579; x_wconf 88' lang='lat' dir='ltr'><strong>coetibus</strong></span> <span class='ocrx_word' id='word_1_172' title='bbox 1291 2509 1479 2584; x_wconf 79' lang='lat' dir='ltr'><strong>intellectua-</strong></span> 
     </span>
     <span class='ocr_line' id='line_1_22' title="bbox 229 2635 316 2682; baseline 0 0"><span class='ocrx_word' id='word_1_173' title='bbox 229 2635 238 2682; x_wconf 88' lang='lat' dir='ltr'><strong>t</strong></span> <span class='ocrx_word' id='word_1_174' title='bbox 265 2635 316 2682; x_wconf 89' lang='lat' dir='ltr'><strong>us.</strong></span> 
     </span>
    </p>
   </div>
   <div class='ocr_carea' id='block_1_10' title="bbox 461 2740 1247 2837">
    <p class='ocr_par' dir='ltr' id='par_1_11' title="bbox 461 2740 1247 2837">
     <span class='ocr_line' id='line_1_23' title="bbox 461 2740 1247 2837; baseline 0 -23"><span class='ocrx_word' id='word_1_175' title='bbox 461 2741 581 2837; x_wconf 74' lang='lat' dir='ltr'><strong>Surgit</strong></span> <span class='ocrx_word' id='word_1_176' title='bbox 607 2753 637 2814; x_wconf 88' lang='lat' dir='ltr'><strong>ct</strong></span> <span class='ocrx_word' id='word_1_177' title='bbox 666 2743 747 2815; x_wconf 84' lang='lat' dir='ltr'><strong>dicit</strong></span> <span class='ocrx_word' id='word_1_178' title='bbox 774 2743 859 2815; x_wconf 84' lang='lat' dir='ltr'><strong>bunc</strong></span> <span class='ocrx_word' id='word_1_179' title='bbox 887 2740 1082 2816; x_wconf 83' lang='lat' dir='ltr'><strong>Orationem</strong></span> <span class='ocrx_word' id='word_1_180' title='bbox 1108 2755 1247 2815; x_wconf 86' lang='lat' dir='ltr'><strong>secreto.</strong></span> 
     </span>
    </p>
   </div>
   <div class='ocr_carea' id='block_1_11' title="bbox 216 2876 1506 3588">
    <p class='ocr_par' dir='ltr' id='par_1_12' title="bbox 216 2876 1506 3588">
     <span class='ocr_line' id='line_1_24' title="bbox 295 2876 1482 2974; baseline 0 -26"><span class='ocrx_word' id='word_1_181' title='bbox 295 2876 500 2950; x_wconf 78' lang='lat' dir='ltr'><strong>confitemur</strong></span> <span class='ocrx_word' id='word_1_182' title='bbox 526 2876 668 2951; x_wconf 86' lang='lat' dir='ltr'><strong>Domine</strong></span> <span class='ocrx_word' id='word_1_183' title='bbox 695 2889 728 2951; x_wconf 88' lang='lat' dir='ltr'><strong>et</strong></span> <span class='ocrx_word' id='word_1_184' title='bbox 753 2878 844 2950; x_wconf 88' lang='lat' dir='ltr'><strong>Deus</strong></span> <span class='ocrx_word' id='word_1_185' title='bbox 879 2888 994 2951; x_wconf 90' lang='lat' dir='ltr'><strong>noster</strong></span> <span class='ocrx_word' id='word_1_186' title='bbox 1027 2878 1157 2951; x_wconf 86' lang='lat' dir='ltr'><strong>divitias</strong></span> <span class='ocrx_word' id='word_1_187' title='bbox 1185 2878 1396 2952; x_wconf 87' lang='lat' dir='ltr'><strong>abundantes</strong></span> <span class='ocrx_word' id='word_1_188' title='bbox 1422 2902 1482 2974; x_wconf 86' lang='lat' dir='ltr'><strong>gra·</strong></span> 
     </span>
     <span class='ocr_line' id='line_1_25' title="bbox 218 2977 1484 3078; baseline 0.001 -27"><span class='ocrx_word' id='word_1_189' title='bbox 218 2977 283 3051; x_wconf 86' lang='lat' dir='ltr'><strong>tiae</strong></span> <span class='ocrx_word' id='word_1_190' title='bbox 311 2989 385 3052; x_wconf 92' lang='lat' dir='ltr'><strong>tuae</strong></span> <span class='ocrx_word' id='word_1_191' title='bbox 412 2991 490 3074; x_wconf 82' lang='lat' dir='ltr'><strong>erga</strong></span> <span class='ocrx_word' id='word_1_192' title='bbox 518 3005 599 3052; x_wconf 91' lang='lat' dir='ltr'><strong>nos:</strong></span> <span class='ocrx_word' id='word_1_193' title='bbox 627 2981 673 3053; x_wconf 80' lang='lat' dir='ltr'><strong>Et</strong></span> <span class='ocrx_word' id='word_1_194' title='bbox 694 2981 923 3077; x_wconf 69' lang='lat' dir='ltr'><strong>prosequatur.</strong></span> <span class='ocrx_word' id='word_1_195' title='bbox 960 2981 1022 3064; x_wconf 80' lang='lat' dir='ltr'><strong>Qui</strong></span> <span class='ocrx_word' id='word_1_196' title='bbox 1052 3006 1127 3053; x_wconf 90' lang='lat' dir='ltr'><strong>cum</strong></span> <span class='ocrx_word' id='word_1_197' title='bbox 1153 2993 1348 3078; x_wconf 75' lang='lat' dir='ltr'><strong>praecatores</strong></span> <span class='ocrx_word' id='word_1_198' title='bbox 1376 2993 1410 3054; x_wconf 91' lang='lat' dir='ltr'><strong>et</strong></span> <span class='ocrx_word' id='word_1_199' title='bbox 1434 2981 1484 3052; x_wconf 90' lang='lat' dir='ltr'><strong>bu·</strong></span> 
     </span>
     <span class='ocr_line' id='line_1_26' title="bbox 216 3080 1486 3180; baseline -0.001 -26"><span class='ocrx_word' id='word_1_200' title='bbox 216 3080 313 3154; x_wconf 90' lang='lat' dir='ltr'><strong>miles</strong></span> <span class='ocrx_word' id='word_1_201' title='bbox 340 3105 503 3175; x_wconf 86' lang='lat' dir='ltr'><strong>essemus,</strong></span> <span class='ocrx_word' id='word_1_202' title='bbox 530 3093 668 3180; x_wconf 90' lang='lat' dir='ltr'><strong>propter</strong></span> <span class='ocrx_word' id='word_1_203' title='bbox 694 3083 940 3156; x_wconf 87' lang='lat' dir='ltr'><strong>multitudinem</strong></span> <span class='ocrx_word' id='word_1_204' title='bbox 967 3083 1162 3155; x_wconf 87' lang='lat' dir='ltr'><strong>clementiae</strong></span> <span class='ocrx_word' id='word_1_205' title='bbox 1193 3093 1269 3155; x_wconf 92' lang='lat' dir='ltr'><strong>tuae</strong></span> <span class='ocrx_word' id='word_1_206' title='bbox 1297 3082 1409 3156; x_wconf 80' lang='lat' dir='ltr'><strong>iecisti</strong></span> <span class='ocrx_word' id='word_1_207' title='bbox 1435 3105 1486 3154; x_wconf 87' lang='lat' dir='ltr'><strong>nus</strong></span> 
     </span>
     <span class='ocr_line' id='line_1_27' title="bbox 219 3183 1488 3282; baseline 0.001 -27"><span class='ocrx_word' id='word_1_208' title='bbox 219 3183 339 3277; x_wconf 87' lang='lat' dir='ltr'><strong>dignos</strong></span> <span class='ocrx_word' id='word_1_209' title='bbox 367 3183 620 3257; x_wconf 88' lang='lat' dir='ltr'><strong>administrandi</strong></span> <span class='ocrx_word' id='word_1_210' title='bbox 647 3185 805 3281; x_wconf 68' lang='lat' dir='ltr'><strong>mysteria</strong></span> <span class='ocrx_word' id='word_1_211' title='bbox 830 3197 943 3256; x_wconf 87' lang='lat' dir='ltr'><strong>sancta</strong></span> <span class='ocrx_word' id='word_1_212' title='bbox 971 3186 1121 3282; x_wconf 86' lang='lat' dir='ltr'><strong>corporis</strong></span> <span class='ocrx_word' id='word_1_213' title='bbox 1149 3195 1182 3256; x_wconf 88' lang='lat' dir='ltr'><strong>ot</strong></span> <span class='ocrx_word' id='word_1_214' title='bbox 1208 3185 1385 3280; x_wconf 89' lang='lat' dir='ltr'><strong>sanguinis</strong></span> <span class='ocrx_word' id='word_1_215' title='bbox 1404 3184 1488 3258; x_wconf 82' lang='lat' dir='ltr'><strong>Chri·</strong></span> 
     </span>
     <span class='ocr_line' id='line_1_28' title="bbox 217 3284 1489 3379; baseline 0.005 -25"><span class='ocrx_word' id='word_1_216' title='bbox 217 3287 261 3354; x_wconf 89' lang='lat' dir='ltr'><strong>sti</strong></span> <span class='ocrx_word' id='word_1_217' title='bbox 288 3285 347 3357; x_wconf 90' lang='lat' dir='ltr'><strong>tui.</strong></span> <span class='ocrx_word' id='word_1_218' title='bbox 400 3284 547 3359; x_wconf 88' lang='lat' dir='ltr'><strong>Petimus</strong></span> <span class='ocrx_word' id='word_1_219' title='bbox 575 3287 733 3359; x_wconf 78' lang='lat' dir='ltr'><strong>atrrilium</strong></span> <span class='ocrx_word' id='word_1_220' title='bbox 760 3312 779 3359; x_wconf 94' lang='lat' dir='ltr'><strong>a</strong></span> <span class='ocrx_word' id='word_1_221' title='bbox 805 3303 849 3379; x_wconf 86' lang='lat' dir='ltr'><strong>te,</strong></span> <span class='ocrx_word' id='word_1_222' title='bbox 884 3288 926 3359; x_wconf 93' lang='lat' dir='ltr'><strong>ad</strong></span> <span class='ocrx_word' id='word_1_223' title='bbox 952 3286 1056 3359; x_wconf 87' lang='lat' dir='ltr'><strong>robur</strong></span> <span class='ocrx_word' id='word_1_224' title='bbox 1081 3288 1267 3360; x_wconf 83' lang='lat' dir='ltr'><strong>animarum</strong></span> <span class='ocrx_word' id='word_1_225' title='bbox 1293 3301 1489 3376; x_wconf 89' lang='lat' dir='ltr'><strong>nostrarum,</strong></span> 
     </span>
     <span class='ocr_line' id='line_1_29' title="bbox 218 3385 1490 3484; baseline 0.005 -28"><span class='ocrx_word' id='word_1_226' title='bbox 218 3396 256 3456; x_wconf 90' lang='lat' dir='ltr'><strong>ut</strong></span> <span class='ocrx_word' id='word_1_227' title='bbox 288 3385 321 3456; x_wconf 91' lang='lat' dir='ltr'><strong>in</strong></span> <span class='ocrx_word' id='word_1_228' title='bbox 358 3386 493 3457; x_wconf 89' lang='lat' dir='ltr'><strong>caritate</strong></span> <span class='ocrx_word' id='word_1_229' title='bbox 526 3389 685 3484; x_wconf 88' lang='lat' dir='ltr'><strong>perlecta,</strong></span> <span class='ocrx_word' id='word_1_230' title='bbox 723 3401 756 3460; x_wconf 92' lang='lat' dir='ltr'><strong>et</strong></span> <span class='ocrx_word' id='word_1_231' title='bbox 789 3390 823 3461; x_wconf 89' lang='lat' dir='ltr'><strong>in</strong></span> <span class='ocrx_word' id='word_1_232' title='bbox 861 3388 926 3460; x_wconf 83' lang='lat' dir='ltr'><strong>fide</strong></span> <span class='ocrx_word' id='word_1_233' title='bbox 961 3413 1036 3460; x_wconf 86' lang='lat' dir='ltr'><strong>vera</strong></span> <span class='ocrx_word' id='word_1_234' title='bbox 1071 3390 1344 3464; x_wconf 86' lang='lat' dir='ltr'><strong>administremus</strong></span> <span class='ocrx_word' id='word_1_235' title='bbox 1373 3391 1490 3463; x_wconf 86' lang='lat' dir='ltr'><strong>danum</strong></span> 
     </span>
     <span class='ocr_line' id='line_1_30' title="bbox 216 3490 1506 3588; baseline 0.003 -29"><span class='ocrx_word' id='word_1_236' title='bbox 216 3496 313 3559; x_wconf 92' lang='lat' dir='ltr'><strong>tuum</strong></span> <span class='ocrx_word' id='word_1_237' title='bbox 347 3510 426 3583; x_wconf 87' lang='lat' dir='ltr'><strong>erga</strong></span> <span class='ocrx_word' id='word_1_238' title='bbox 459 3512 532 3561; x_wconf 89' lang='lat' dir='ltr'><strong>nos.</strong></span> <span class='ocrx_word' id='word_1_239' title='bbox 587 3490 710 3563; x_wconf 81' lang='lat' dir='ltr'><strong>Canon.</strong></span> <span class='ocrx_word' id='word_1_240' title='bbox 762 3490 807 3563; x_wconf 85' lang='lat' dir='ltr'><strong>Et</strong></span> <span class='ocrx_word' id='word_1_241' title='bbox 842 3490 1026 3563; x_wconf 83' lang='lat' dir='ltr'><strong>reseremus</strong></span> <span class='ocrx_word' id='word_1_242' title='bbox 1061 3490 1120 3563; x_wconf 88' lang='lat' dir='ltr'><strong>tibi</strong></span> <span class='ocrx_word' id='word_1_243' title='bbox 1155 3492 1300 3585; x_wconf 88' lang='lat' dir='ltr'><strong>laudem,</strong></span> <span class='ocrx_word' id='word_1_244' title='bbox 1342 3493 1506 3588; x_wconf 78' lang='lat' dir='ltr'><strong>gloriam,</strong></span> 
     </span>
    </p>
   </div>
   <div class='ocr_carea' id='block_1_12' title="bbox 217 3589 1492 3765">
    <p class='ocr_par' dir='ltr' id='par_1_13' title="bbox 217 3589 1492 3765">
     <span class='ocr_line' id='line_1_31' title="bbox 217 3589 1492 3689; baseline 0.002 -28"><span class='ocrx_word' id='word_1_245' title='bbox 217 3589 465 3663; x_wconf 80' lang='lat' dir='ltr'><strong>confessionem</strong></span> <span class='ocrx_word' id='word_1_246' title='bbox 490 3602 525 3663; x_wconf 89' lang='lat' dir='ltr'><strong>et</strong></span> <span class='ocrx_word' id='word_1_247' title='bbox 550 3592 790 3685; x_wconf 88' lang='lat' dir='ltr'><strong>adorationem,</strong></span> <span class='ocrx_word' id='word_1_248' title='bbox 817 3615 907 3665; x_wconf 88' lang='lat' dir='ltr'><strong>nunc</strong></span> <span class='ocrx_word' id='word_1_249' title='bbox 932 3604 967 3665; x_wconf 93' lang='lat' dir='ltr'><strong>et</strong></span> <span class='ocrx_word' id='word_1_250' title='bbox 993 3617 1135 3689; x_wconf 87' lang='lat' dir='ltr'><strong>semper,</strong></span> <span class='ocrx_word' id='word_1_251' title='bbox 1164 3605 1197 3666; x_wconf 91' lang='lat' dir='ltr'><strong>et</strong></span> <span class='ocrx_word' id='word_1_252' title='bbox 1219 3594 1407 3669; x_wconf 89' lang='lat' dir='ltr'><strong>insaecula</strong></span> <span class='ocrx_word' id='word_1_253' title='bbox 1426 3617 1492 3667; x_wconf 87' lang='lat' dir='ltr'><strong>sae·</strong></span> 
     </span>
     <span class='ocr_line' id='line_1_32' title="bbox 217 3693 379 3765; baseline 0.006 -1"><span class='ocrx_word' id='word_1_254' title='bbox 217 3693 379 3765; x_wconf 89' lang='lat' dir='ltr'><strong>culorum.</strong></span> 
     </span>
    </p>
   </div>
   <div class='ocr_carea' id='block_1_13' title="bbox 293 3793 1200 4026">
    <p class='ocr_par' dir='ltr' id='par_1_14' title="bbox 293 3793 1200 4026">
     <span class='ocr_line' id='line_1_33' title="bbox 295 3793 1200 3891; baseline 0.003 -26"><span class='ocrx_word' id='word_1_255' title='bbox 295 3793 414 3888; x_wconf 77' lang='lat' dir='ltr'><strong>Signat</strong></span> <span class='ocrx_word' id='word_1_256' title='bbox 440 3818 475 3866; x_wconf 84' lang='lat' dir='ltr'><strong>oe</strong></span> <span class='ocrx_word' id='word_1_257' title='bbox 502 3796 596 3889; x_wconf 78' lang='lat' dir='ltr'><strong>siquo</strong></span> <span class='ocrx_word' id='word_1_258' title='bbox 623 3796 734 3867; x_wconf 85' lang='lat' dir='ltr'><strong>crucis</strong></span> <span class='ocrx_word' id='word_1_259' title='bbox 761 3804 794 3865; x_wconf 90' lang='lat' dir='ltr'><strong>et</strong></span> <span class='ocrx_word' id='word_1_260' title='bbox 820 3796 1030 3891; x_wconf 82' lang='lat' dir='ltr'><strong>respondent.</strong></span> <span class='ocrx_word' id='word_1_261' title='bbox 1084 3796 1200 3869; x_wconf 83' lang='lat' dir='ltr'><strong>Amen.</strong></span> 
     </span>
     <span class='ocr_line' id='line_1_34' title="bbox 293 3928 1057 4026; baseline 0.003 -26"><span class='ocrx_word' id='word_1_262' title='bbox 293 3928 332 4000; x_wconf 90' lang='lat' dir='ltr'><strong>X.</strong></span> <span class='ocrx_word' id='word_1_263' title='bbox 372 3929 418 4001; x_wconf 83' lang='lat' dir='ltr'><strong>Et</strong></span> <span class='ocrx_word' id='word_1_264' title='bbox 443 3931 669 4026; x_wconf 81' lang='lat' dir='ltr'><strong>prosequitur.</strong></span> <span class='ocrx_word' id='word_1_265' title='bbox 723 3930 803 4002; x_wconf 84' lang='lat' dir='ltr'><strong>Pax</strong></span> <span class='ocrx_word' id='word_1_266' title='bbox 829 3930 1057 4002; x_wconf 85' lang='lat' dir='ltr'><strong>vobiscum.</strong></span> 
     </span>
    </p>
   </div>
   <div class='ocr_carea' id='block_1_14' title="bbox 216 4199 1502 4520">
    <p class='ocr_par' dir='ltr' id='par_1_15' title="bbox 216 4199 1502 4520">
     <span class='ocr_line' id='line_1_35' title="bbox 302 4199 1500 4266; baseline -0.002 -16"><span class='ocrx_word' id='word_1_267' title='bbox 302 4202 361 4265; x_wconf 85' lang='lat' dir='ltr'><strong>Gap.</strong></span> <span class='ocrx_word' id='word_1_268' title='bbox 379 4202 405 4251; x_wconf 88' lang='lat' dir='ltr'><strong>ll.</strong></span> <span class='ocrx_word' id='word_1_269' title='bbox 442 4202 656 4251; x_wconf 82' lang='lat' dir='ltr'><strong>llenaldotius</strong></span> <span class='ocrx_word' id='word_1_270' title='bbox 676 4201 692 4251; x_wconf 93' lang='lat' dir='ltr'><strong>l.</strong></span> <span class='ocrx_word' id='word_1_271' title='bbox 704 4217 723 4250; x_wconf 86' lang='lat' dir='ltr'><strong>c.</strong></span> <span class='ocrx_word' id='word_1_272' title='bbox 742 4217 766 4266; x_wconf 85' lang='lat' dir='ltr'><strong>p.</strong></span> <span class='ocrx_word' id='word_1_273' title='bbox 777 4201 826 4250; x_wconf 79' lang='lat'><strong>597</strong></span> <span class='ocrx_word' id='word_1_274' title='bbox 836 4214 889 4265; x_wconf 83' lang='lat' dir='ltr'><strong>sq:</strong></span> <span class='ocrx_word' id='word_1_275' title='bbox 906 4202 933 4250; x_wconf 90' lang='lat' dir='ltr'><strong>ln</strong></span> <span class='ocrx_word' id='word_1_276' title='bbox 952 4201 1012 4251; x_wconf 87' lang='lat' dir='ltr'><strong>Cod.</strong></span> <span class='ocrx_word' id='word_1_277' title='bbox 1030 4203 1167 4262; x_wconf 85' lang='lat' dir='ltr'><strong>recentiori,</strong></span> <span class='ocrx_word' id='word_1_278' title='bbox 1191 4215 1236 4265; x_wconf 89' lang='lat' dir='ltr'><strong>pro</strong></span> <span class='ocrx_word' id='word_1_279' title='bbox 1256 4199 1371 4250; x_wconf 78' lang='lat' dir='ltr'><strong>omuibus</strong></span> <span class='ocrx_word' id='word_1_280' title='bbox 1390 4199 1500 4251; x_wconf 83' lang='lat' dir='ltr'><strong>Catholi-</strong></span> 
     </span>
     <span class='ocr_line' id='line_1_36' title="bbox 218 4282 1500 4349; baseline -0.002 -15"><span class='ocrx_word' id='word_1_281' title='bbox 218 4287 261 4335; x_wconf 81' lang='lat' dir='ltr'><strong>cis.</strong></span> <span class='ocrx_word' id='word_1_282' title='bbox 298 4286 324 4335; x_wconf 90' lang='lat' dir='ltr'><strong>ln</strong></span> <span class='ocrx_word' id='word_1_283' title='bbox 343 4286 431 4336; x_wconf 84' lang='lat' dir='ltr'><strong>Codice</strong></span> <span class='ocrx_word' id='word_1_284' title='bbox 451 4287 524 4346; x_wconf 79' lang='lat' dir='ltr'><strong>Elias,</strong></span> <span class='ocrx_word' id='word_1_285' title='bbox 543 4295 566 4335; x_wconf 87' lang='lat' dir='ltr'><strong>ot</strong></span> <span class='ocrx_word' id='word_1_286' title='bbox 585 4287 647 4346; x_wconf 85' lang='lat' dir='ltr'><strong>aliis,</strong></span> <span class='ocrx_word' id='word_1_287' title='bbox 666 4287 748 4336; x_wconf 88' lang='lat' dir='ltr'><strong>ultima</strong></span> <span class='ocrx_word' id='word_1_288' title='bbox 768 4299 810 4334; x_wconf 86' lang='lat' dir='ltr'><strong>ror</strong></span> <span class='ocrx_word' id='word_1_289' title='bbox 828 4285 959 4347; x_wconf 81' lang='lat' dir='ltr'><strong>omittitur3</strong></span> <span class='ocrx_word' id='word_1_290' title='bbox 980 4287 1068 4337; x_wconf 85' lang='lat' dir='ltr'><strong>seruari</strong></span> <span class='ocrx_word' id='word_1_291' title='bbox 1088 4295 1167 4336; x_wconf 88' lang='lat' dir='ltr'><strong>tamen</strong></span> <span class='ocrx_word' id='word_1_292' title='bbox 1186 4295 1267 4349; x_wconf 83' lang='lat' dir='ltr'><strong>potest</strong></span> <span class='ocrx_word' id='word_1_293' title='bbox 1284 4292 1307 4333; x_wconf 92' lang='lat' dir='ltr'><strong>ct</strong></span> <span class='ocrx_word' id='word_1_294' title='bbox 1325 4284 1408 4346; x_wconf 79' lang='lat' dir='ltr'><strong>debet,</strong></span> <span class='ocrx_word' id='word_1_295' title='bbox 1427 4282 1500 4333; x_wconf 89' lang='lat' dir='ltr'><strong>mado</strong></span> 
     </span>
     <span class='ocr_line' id='line_1_37' title="bbox 216 4368 1501 4435; baseline 0.002 -18"><span class='ocrx_word' id='word_1_296' title='bbox 216 4368 343 4420; x_wconf 87' lang='lat' dir='ltr'><strong>deleantur</strong></span> <span class='ocrx_word' id='word_1_297' title='bbox 365 4379 453 4433; x_wconf 87' lang='lat' dir='ltr'><strong>puncta</strong></span> <span class='ocrx_word' id='word_1_298' title='bbox 479 4371 526 4421; x_wconf 89' lang='lat' dir='ltr'><strong>duo</strong></span> <span class='ocrx_word' id='word_1_299' title='bbox 552 4386 613 4434; x_wconf 88' lang='lat' dir='ltr'><strong>quae</strong></span> <span class='ocrx_word' id='word_1_300' title='bbox 632 4370 733 4435; x_wconf 87' lang='lat' dir='ltr'><strong>pluralis</strong></span> <span class='ocrx_word' id='word_1_301' title='bbox 752 4369 845 4419; x_wconf 86' lang='lat' dir='ltr'><strong>numeri</strong></span> <span class='ocrx_word' id='word_1_302' title='bbox 863 4380 919 4419; x_wconf 89' lang='lat' dir='ltr'><strong>nota</strong></span> <span class='ocrx_word' id='word_1_303' title='bbox 938 4378 1002 4430; x_wconf 87' lang='lat' dir='ltr'><strong>sunt,</strong></span> <span class='ocrx_word' id='word_1_304' title='bbox 1026 4379 1049 4420; x_wconf 84' lang='lat' dir='ltr'><strong>et</strong></span> <span class='ocrx_word' id='word_1_305' title='bbox 1067 4386 1128 4434; x_wconf 89' lang='lat' dir='ltr'><strong>quaa</strong></span> <span class='ocrx_word' id='word_1_306' title='bbox 1147 4373 1176 4419; x_wconf 86' lang='lat' dir='ltr'><strong>do</strong></span> <span class='ocrx_word' id='word_1_307' title='bbox 1194 4386 1239 4419; x_wconf 91' lang='lat' dir='ltr'><strong>suo</strong></span> <span class='ocrx_word' id='word_1_308' title='bbox 1258 4370 1346 4420; x_wconf 85' lang='lat' dir='ltr'><strong>adiecit</strong></span> <span class='ocrx_word' id='word_1_309' title='bbox 1363 4371 1406 4434; x_wconf 90' lang='lat' dir='ltr'><strong>qui</strong></span> <span class='ocrx_word' id='word_1_310' title='bbox 1425 4370 1501 4419; x_wconf 83' lang='lat' dir='ltr'><strong>alium</strong></span> 
     </span>
     <span class='ocr_line' id='line_1_38' title="bbox 218 4453 1502 4520; baseline 0 -17"><span class='ocrx_word' id='word_1_311' title='bbox 218 4455 327 4504; x_wconf 87' lang='lat' dir='ltr'><strong>codicem</strong></span> <span class='ocrx_word' id='word_1_312' title='bbox 352 4455 488 4519; x_wconf 81' lang='lat' dir='ltr'><strong>descripsit.</strong></span> <span class='ocrx_word' id='word_1_313' title='bbox 523 4456 582 4505; x_wconf 88' lang='lat' dir='ltr'><strong>Nam</strong></span> <span class='ocrx_word' id='word_1_314' title='bbox 602 4456 723 4506; x_wconf 71' lang='lat' dir='ltr'><strong>catholica</strong></span> <span class='ocrx_word' id='word_1_315' title='bbox 749 4453 877 4516; x_wconf 85' lang='lat' dir='ltr'><strong>legendum</strong></span> <span class='ocrx_word' id='word_1_316' title='bbox 896 4463 941 4518; x_wconf 87' lang='lat' dir='ltr'><strong>est,</strong></span> <span class='ocrx_word' id='word_1_317' title='bbox 966 4470 1014 4519; x_wconf 92' lang='lat' dir='ltr'><strong>qao</strong></span> <span class='ocrx_word' id='word_1_318' title='bbox 1033 4455 1130 4507; x_wconf 87' lang='lat' dir='ltr'><strong>nomine</strong></span> <span class='ocrx_word' id='word_1_319' title='bbox 1148 4455 1286 4520; x_wconf 75' lang='lat' dir='ltr'><strong>appellatur</strong></span> <span class='ocrx_word' id='word_1_320' title='bbox 1303 4456 1384 4507; x_wconf 86' lang='lat' dir='ltr'><strong>oratio</strong></span> <span class='ocrx_word' id='word_1_321' title='bbox 1403 4454 1502 4517; x_wconf 81' lang='lat' dir='ltr'><strong>similis,</strong></span> 
     </span>
    </p>
   </div>
   <div class='ocr_carea' id='block_1_15' title="bbox 0 0 1532 4912">
    <p class='ocr_par' dir='ltr' id='par_1_16' title="bbox 0 0 1532 4912">
     <span class='ocr_line' id='line_1_39' title="bbox 0 0 1532 4912; baseline 0 0"><span class='ocrx_word' id='word_1_322' title='bbox 0 0 1532 4912; x_wconf 95' lang='lat' dir='ltr'><strong> </strong></span> 
     </span>
    </p>
   </div>
  </div>
 </body>
</html>
