3044 4912
724 273 798 349 7³7
890 280 896 285 “

127 460 216 558 μὴν,
249 460 269 534 6
302 468 381 535 τῶν
405 455 621 535 νοσούντων
646 455 793 587 ἰατρός.
833 459 959 545 Αὐτὸς
982 466 1059 545 τοῖς
1084 469 1179 536 πᾶσι
1204 461 1254 537 τὰ
1280 459 1383 539 πάντα
1422 486 1429 525 ῑ

127 571 252 693 γενοῦ,
280 591 301 636 ο
287 560 481 645 εἰδῶς’
457 585 627 648 εκαστον,
663 560 798 635 καὶτὰ
824 558 1011 658 αἰτήματα
1036 562 1170 692 αῦτρῦ,
1212 562 1383 695 οίαογ
1339 594 1385 641 ιιιι
1424 585 1429 631 1

126 665 198 761 τὴν
218 662 349 761 χρείαν
376 663 504 738 αὐτοῦ.
527 661 656 737 Ῥῠσαι
681 659 795 759 Κύριε
819 662 889 758 τὴν
913 659 1022 739 πάλιν
1046 661 1206 791 ταύτην,
1241 666 1308 741 καί
1330 676 1384 742 πᾶ·
1425 692 1429 727 ¹

129 792 204 841 σαν
227 762 335 841 πόλιν
359 765 422 892 καί
443 759 575 860 χώραν
601 761 675 838 ἀπὸ
698 771 821 859 λιμοῦ,
848 773 993 860 λοιμοῦ,
1018 774 1189 861 σεισμοῦ,
1215 796 1386 897 κρταπον

127 875 275 962 τισμοῦ,
300 867 430 964 πυρὸς,
462 864 661 965 μαχαίρας,
694 865 894 963 ἐπιδρομῆς
920 864 1156 967 ἀλλοφύλων,
1191 869 1259 944 καί
1283 873 1386 970 ἐμφυ-

127 967 210 1044 λίου
235 969 406 1059 πολέμου.

209 1081 248 1151 ‘0
268 1083 329 1170 μὲν
351 1081 506 1163 διάκονος
526 1080 726 1173 ἐπιπρέψαι
746 1082 833 1170 πρὸς
852 1083 912 1174 767
933 1081 1042 1171 θύραν
1061 1090 1122 1154 τοῦ
1140 1081 1240 1174 ἁγίου
1253 1083 1387 1176 βήματος

125 1191 255 1276 κρατῶν
274 1185 313 1253 τὸ
335 1183 479 1275 άράριον
500 1177 614 1275 ἀκροις
633 1190 706 1266 τοῖς
727 1182 911 1267 δακτύλοις,
932 1185 990 1254 καί
1011 1185 1111 1273 λέγει.

210 1290 284 1365 Καὶ
310 1287 463 1364 πάντων
487 1288 550 1363 καί
576 1297 719 1364 πασῶν.

573 1417 612 1488 Ὁ
635 1420 673 1489 δὲ
692 1420 791 1509 χορὸς
813 1417 949 1512 ψάλλει.

211 1524 285 1599 Καὶ
310 1522 464 1601 πάντων
489 1522 553 1599 καὶ
577 1533 720 1600 πασῶν.

561 1655 600 1725 Ὁ
622 1654 693 1725 66‘
682 1658 788 1747 ιερεῦς
808 1656 959 1748 δκφωνεῖ.

204 1761 267 1836 Ἐν
299 1757 458 1858 πρώτοις
482 1758 688 1889 μνήσθητι,
711 1759 837 1889 Κύριε,
870 1770 938 1837 τοῦ
964 1761 1301 1859 ἀρχιεπισιιόπου“
1279 1793 1388 1894 ημμν,

125 1871 194 1938 τοῦ
219 1862 398 1952 δεῖνος,“
380 1893 424 1938 ον
446 1861 599 1991 χάρισαι
624 1869 704 1948 ταῖς
729 1863 868 1991 ἁγίαις
878 1891 948 1940 σου
974 1865 1178 1994 ἐκκλησίαις
1194 1871 1238 1943 ἐν
1255 1866 1387 1965 εἰρήνη

127 1991 241 2093 σριον,
277 1966 440 2093 ἔντιμρν,
474 1965 575 2094 6776,
611 1963 973 2063 μακροημερεύσντα,
1009 1968 1073 2042 καὶ
1109 1969 1388 2065 ὀρθοτομοῦντα

126 2065 195 2142 τὸν
219 2063 331 2169 λόγον
355 2076 420 2163 τῆς
445 2075 512 2163 σῆς
535 2067 723 2162 ἀληθείας.

364 2199 435 2268 Καί
456 2197 475 2267 6
497 2196 651 2280 διάκονος
671 2198 760 2330 λέγει
780 2198 867 2287 πρὸς
887 2206 927 2291 τῇ
947 2198 1040 2291 θύρᾳ
1060 2199 1151 2281 στάς.

213 2308 290 2379 Τοῦ
324 2302 445 2388 δεῖνος
480 2301 757 2401 πανιερωτάτου
791 2305 1082 2400 μητροπολίτου,
1124 2304 1149 2403 6
1184 2304 1387 2394 ἐπισκόπου,

125 2404 221 2491 ὅςτις
254 2402 356 2481 ἀν
334 2436 369 2502 ῃ.
421 2405 543 2479 Ka6‘
520 2404 612 2502 υπίρ
645 2413 713 2480 τοῦ
745 2405 1052 2501 προςκομίζοντος
1086 2407 1133 2481 τά
1168 2408 1261 2537 ἅγιρι
1294 2409 1387 2535 δῶρα

124 2514 245 2582 ταῦτα
270 2505 578 2634 7667667076706
567 2505 690 2598 ιερέως
720 2505 843 2594 τοῦδε,
877 2509 940 2581 καὶ
972 2507 1064 2606 ύπίρ
1102 2513 1289 2606 σωτηρίας
1322 2520 1387 2585 767

124 2605 401 2735 εὐσεβεστάτων
418 2608 480 2682 καί
506 2605 778 2705 θεοφυλάκτων
803 2608 1025 2704 βασιλέων
1004 2618 1123 2706 ημῶν.
1151 2614 1227 2686 Καὶ
1244 2611 1384 2689 πάντων

124 2709 188 2782 καὶ
213 2717 355 2782 πασῶν.

568 2840 639 2908 Καὶ
660 2836 678 2908 6
698 2839 797 2930 χορὸς
817 2839 953 2933 ψάλλει.

209 2944 282 3018 Καὶ
308 2941 461 3020 πάντων
486 2944 549 3018 καί
575 2953 718 3019 πασῶν.

452 3074 489 3144 Ὁ
512 3078 550 3146 δὲ
572 3074 677 3167 ίερεάς
699 3075 874 3161 ἐπεύχεται
894 3086 1069 3163 μυστικῶς.

209 3179 428 3278 Μνήσθητι,
464 3180 589 3310 6667,
625 3179 773 3277 πάσης
811 3185 1061 3309 ἐπισκοπῆς
1097 3184 1380 3281 ὀρθοδόξωι,

124 3291 216 3357 τῶν
251 3284 446 3379 ἀρθοτορ
446 3282 652 3359 ιούντων
685 3284 767 3358 τὸν
774 3281 932 3410 λόγον
957 3295 1035 3382 τῆς
1061 3297 1141 3384 σῆς
1167 3289 1381 3386 ἀληθείας

125 3387 240 3478 (Clem
253 3389 286 3459 8
303 3388 365 3459 Ιεο.
378 3389 449 3482 34).
479 3383 698 3513 M7606677,
725 3382 850 3481 Κύριε,
878 3388 972 3460 κατὰ
999 3389 1041 3462 τὸ
1067 3321 1211 3484 πλῆθος
1236 3399 1314 3465 τῶν
1340 3395 1380 3464 οὶ

123 3496 291 3582 κτιριιιῦν
325 3513 406 3574 σου,
440 3485 502 3559 7776
533 3496 597 3615 της
629 3491 717 3583 εμῆς
743 3484 990 3583 ἀναξιότητος.
1045 3489 1335 3618 Συγχῶρησόν
1334 3518 1380 3564 ιιοι

123 3598 201 3662 πᾶν
227 3587 664 3714 πληιιαίληααίινούσιόν
690 3589 817 3663 τεκαὶ
843 3587 1032 3717 ἀκούσιον,
1069 3594 1209 3689 καὶμὴ
1237 3594 1381 3718 διὰτας

122 3690 260 3782 ίμάς
240 3720 422 3787 αιιαρτιας
447 3686 612 3814 κωλύσης
638 3690 706 3785 767
727 3688 842 3787 χάριν
867 3700 935 3765 706
956 3694 1065 3794 ἁγίου
1083 3721 1151 3768 σου
1170 3694 1381 3790 πνεύματος,

123 3792 196 3864 ἀπὸ
229 3801 307 3865 τῶν
339 3791 587 3920 προκειμένων
614 3789 760 3887 δώρων.
789 3791 1009 3890 Μνήσθητι,
1037 3794 1161 3893 Κύριε,
1188 3807 1257 3872 τοῦ
1284 3827 1384 3890 πρε·

124 3892 398 3988 σβυτερίου,
433 3901 510 3988 τῆς
493 3897 589 3975 ςὲν
622 3900 813 3991 Χριστοῦ
848 3894 1098 3980 διακονίας
1125 3902 1240 3992 (Clem.
1261 3903 1300 3974 8
1323 3903 1383 4034 16),

121 3994 185 4066 καί
210 3994 348 4077 παντὸς
373 3996 557 4090 ἱερατικοῦ
583 3993 782 4123 τάγματος,
809 3997 873 4069 καὶ
897 3998 1085 4093 77666777‘
1064 4008 1174 4094 ηαῶν
1191 4008 1384 4096 καταισχύ-

121 4123 200 4190 νης,
226 4104 304 4169 τῶν
329 4092 568 4171 κυκλούντων
601 4098 643 4171 76
671 4094 779 4224 ἅγιόν
806 4123 874 4171 σου
888 4100 1182 4225 θυσιαστήριον.
1230 4103 1384 4178 Ἐπίσκε-

122 4218 190 4291 ψαι
219 4197 316 4293 ἡαᾶς
342 4202 382 4273 ἐν
416 4229 458 4291 τη
484 4197 705 4295 χρηστότητί
731 4225 812 4287 σου,
842 4197 965 4324 Κύριε,
1000 4201 1255 4330 ἐπιράνηθι
1234 4212 1327 4300 ηαῖν
1352 4208 1384 4278 ἓν

121 4304 198 4381 τοῖς
224 4300 409 4426 πλουσίοις
435 4325 503 4374 σου
531 4307 739 4396 ολντιριιοῖς.
769 4299 984 4398 Εὐκράτους
1009 4304 1072 4377 καί
1091 4308 1289 4403 ἐπωφελεῖς
1308 4306 1386 4388 τοὺς

122 4397 518 4498 ἀέραςὴιιῖνχάρισαι,
547 4404 755 4499 ὄμβρους
780 4410 831 4497 76
852 4411 907 4502 γῇ
929 4405 1041 4502 πρὸς
1061 4409 1385 4506 καρποφορίαν

122 4496 329 4597 δυίρησαι
358 4506 431 4595 (lac
454 4508 527 4599 22),
563 4503 763 4606 εὐλόγησαν
797 4504 864 4579 τὸν
897 4508 1084 4606 στέφανον
1117 4516 1184 4633 τοῦ
1216 4513 1385 4586 ἐνιαυτοῦ
