3044 4912
653 334 657 343 ,
719 241 791 315 ιιι

179 422 249 495 Η0
239 424 345 513 ιερεὺς
365 419 555 514 σφραγίζων
575 419 654 501 τοὺς
675 420 817 503 δίσκους,
838 417 960 490 καὶτὰ
979 414 1137 508 πφήρια,
1160 412 1339 539 ίκφιίνωςμ

196 524 371 605 Πιστεύω
397 528 494 610 69⁰
472 555 538 603 ενα
562 521 668 600 θεόν.

641 654 679 726 Ὁ
701 655 865 738 διακονος.

190 763 272 838 Ἐπὶ
295 762 498 862 προςευχὴν
524 759 698 859 στάθητε.

667 890 705 963 Ὁ
728 891 844 984 ἱερεύς.

197 979 335 1080 Εἰρήνη
361 989 486 1056 πᾶσιν.

571 1103 572 1106 ’
642 1078 680 1149 Ὁ
702 1079 866 1159 διάκονος.

197 1181 461 1283 Προςεύξασθε
486 1182 579 1283 ὑπὲρ
605 1192 684 1258 τῶν
709 1177 1005 1284 προςφερύντων.

407 1313 478 1382 t‘O
467 1316 572 1405 ιερείς
593 1314 736 1405 λέγει
702 1316 798 1407 ευγὴν
817 1319 879 1406 τῆς
897 1316 1105 1404 προθέσεως.

197 1419 367 1545 Δέσπρτα
376 1419 498 1515 Ἰησοῦ
512 1420 665 1516 Χριστί,
689 1418 805 1518 κύριε,
829 1418 849 1495 6
867 1417 1054 1546 σύναρχος
1068 1413 1174 1544 λόγος
1191 1423 1261 1490 τοῦ
1278 1410 1368 1512 ἀνοίρ

118 1548 190 1614 χου
215 1510 366 1618 πατρός,
392 1522 548 1596 καὶτοῦ
575 1520 686 1624 ἁγίου
711 1520 932 1618 πνεύματος,
960 1520 979 1596 6
1005 1548 1122 1644 μεγαε
1144 1514 1347 1648 ἀρχιερεύς,

122 1623 232 1749 ἄρτος
258 1621 280 1696 6
304 1625 345 1697 ἐκ
368 1628 456 1697 τοῦ
463 1623 626 1721 ούρανοῦ
651 1621 833 1718 καταβάς,
859 1623 923 1699 καί
948 1618 1156 1748 ἀναγαγὼν
1176 1624 1217 1695 ἐκ
1243 1623 1368 1719 φθσρᾱ

121 1722 190 1849 τλγν
216 1721 360 1820 ζωὴν
338 1731 461 1819 ημῶν,
488 1754 507 1798 o
494 1723 623 1808 6069
649 1725 785 1800 ἑαυτὸν
811 1725 974 1821 ἀμνὸν’
957 1725 1118 1850 uipereor
1134 1720 1228 1820 ὑπὲρ
1245 1729 1311 1818 τῆς
1328 1749 1368 1796 το

120 1820 264 1919 κόσμου
297 1823 404 1920 ζωῆς,
438 1823 603 1921 δεόμεθα
636 1826 700 1901 καί
732 1826 1049 1955 παρακαλοῦμέν
1053 1849 1092 1899 σε
1124 1821 1227 1923 κύριε
1262 1819 1368 1922 petati

121 1926 266 2022 θρωπε,
299 1923 483 2054 ίπίφανον
513 1927 557 2001 τὸ
589 1924 786 2026 πρόςωπόν
818 1951 887 2004 σου
920 1926 980 2002 ίπί
1010 1925 1078 2002 τὸν
1104 1929 1220 2023 ἄρτον
1245 1934 1368 2000 τοῦτοι

122 2026 185 2101 καί
210 2025 270 2101 ἐπὶ
294 2026 341 2101 τὰ
367 2024 523 2127 ποτήρια
548 2038 680 2118 ταῦτα,
707 2030 732 2105 6
757 2029 780 2127 ἡ
806 2027 972 2131 παναγία
996 2025 1160 2126 τράπεζα
1176 2026 1368 2123 ὑπσὸίχετι

123 2125 174 2203 da'
205 2129 396 2255 ἀγγελικῆς
421 2130 649 2258 λειτουργίας
673 2132 737 2207 καί
762 2133 1038 2259 ἀρχαγγελικῆς
1048 2128 1311 2258 χοροστασίρς,
1335 2157 1368 2203 ιιι

121 2231 303 2329 ἱερατικῆς
334 2231 574 2361 ἱερουργίας,
589 2238 640 2318 είς
672 2233 743 2331 σὴν
774 2233 890 2319 δόξαν
920 2232 985 2308 καί
1018 2230 1294 2326 ἀνακαινισμὸν
1319 2236 1368 2305 ua

121 2330 309 2431 ἡμετέρων
341 2343 491 2430 ψυχῶν,
522 2332 662 2431 χοίριτι,
695 2335 759 2410 καί
792 2339 1003 2464 ολκτιρμσῖς,
1037 2332 1100 2408 καί
1120 2329 1368 2508 φιλανθρωπί

122 2441 190 2507 τοῦ
222 2442 448 2557 μονογενοῦς
482 2460 550 2510 σου
583 2438 681 2524 υἱοῦ,
715 2436 765 2512 66’
797 2431 842 2512 οὗ
874 2436 938 2511 καί
970 2437 1059 2532 μεθ’
1091 2431 1136 2512 οὗ
1171 2434 1230 2510 σοὶ
1255 2433 1279 2527 τ’,
1304 2429 1368 2518 (λόξ

122 2535 253 2609 καὶτὸ
279 2532 424 2632 κράτος.

538 2668 608 2735 Καὶ
630 2666 710 2736 ὅταν
731 2669 820 2757 λέγει
841 2668 859 2737 6
883 2668 974 2751 λαός.

200 2766 274 2841 Καὶ
300 2770 545 2869 σαρκωθέντα
571 2775 610 2845 ἐκ
636 2769 844 2868 πνεύματος
868 2773 989 2876 ἁγίου.

622 2911 724 2973 Ποιεῖ
744 2904 896 2994 σταυρόν.

200 3005 274 3079 Καὶ
301 3009 570 3104 σταυρωθέντα
596 3009 687 3105 ὑπὲρ
715 3010 835 3107 ἡμῶν.

559 3143 628 3210 Καί
650 3141 753 3210 πάλιν
775 3141 958 3233 σφραγίζει.

200 3243 274 3315 Καὶ
300 3248 349 3327 είς
374 3245 416 3318 τὸ
443 3254 589 3341 πνεῦμα
615 3247 657 3320 τὸ
686 3247 804 3349 ἅγιον.

201 3396 292 3470 Xffl.
323 3407 467 3497 Ὁμοίως
487 3413 544 3480 καί
564 3415 648 3498 μετὰ
662 3415 721 3504 τὴν
735 3413 859 3497 πίστιν,
876 3411 1050 3505 σφραγίζει
1064 3409 1083 3480 6
1099 3409 1206 3500 ἱερεὺς
1219 3412 1277 3479 τὸν
1291 3409 1368 3479 λαόν

126 3509 291 3600 ἐκφωνῶν.

196 3617 239 3692 Ὁ
263 3613 421 3714 κύριος
446 3619 559 3714 μετὰ
586 3622 784 3695 πάντων.

124 3825 146 3871 in
166 3824 281 3884 Ecclesia,
300 3825 329 3874 ad
349 3827 415 3875 cuius
435 3842 504 3875 usura
518 3827 597 3876 Codex
610 3826 838 3891 Cryptaiereateupis
856 3828 961 3890 scriptus
979 3835 1024 3886 cst,
1043 3826 1177 3875 existimare
1195 3839 1337 3888 possumus,
1356 3839 1367 3872 s

124 3906 296 3957 Alexandrinae
314 3924 466 3960 commanent
486 3913 569 3971 iuissc,
588 3927 635 3960 nou
655 3918 756 3962 constat.

210 3992 484 4056 Cap.xttt.x1t'.iv.
521 3997 566 4046 iac.
587 3996 657 4045 αλλ.
695 3995 907 4045 chaidotius
927 3997 942 4044 Ι.
963 3994 1060 4058 patu:
1093 3993 1143 4041 Ηοε
1167 3993 1221 4042 Ιοιο
1247 3992 1368 4041 animadve

124 4083 174 4124 tere
193 4078 294 4140 quisque
307 4088 395 4141 petest,
415 4082 539 4130 maximam
552 4081 723 4130 sententiarum
736 4089 759 4129 et
771 4082 898 4130 verborum
908 4081 979 4129 huius
990 4079 1110 4128 Orationis
1121 4077 1325 4134 conformitatem,
1346 4090 1368 4126 ot

124 4160 222 4224 Coptica
243 4161 339 4223 Cpriiii:
358 4164 418 4213 adeo
438 4173 463 4215 ut
480 4181 534 4215 rere
552 4166 668 4229 scripturn
688 4167 759 4214 iuerit
777 4167 806 4215 ab
816 4166 963 4223 Ahuihircat,
981 4163 1089 4212 eamdent
1108 4177 1161 4211 esse
1180 4178 1241 4225 quae
1260 4178 1275 4210 a
1292 4177 1368 4212 uonna

123 4244 153 4292 lie
172 4244 250 4294 Marco
276 4248 452 4296 attribueretur.
488 4249 514 4298 ld
539 4252 667 4315 perspicue
692 4253 817 4301 contremet
841 4250 969 4312 singularis
993 4249 1128 4298 orationum
1147 4247 1285 4310 dispositio,
1309 4247 1340 4296 ab
1360 4248 1366 4296 i

122 4334 192 4390 parte
220 4345 295 4393 usque
323 4332 352 4379 ad
379 4335 594 4384 consecrationem.
631 4335 656 4384 ln
684 4335 736 4385 aliis
755 4338 818 4387 enim
837 4335 948 4385 omuibus
966 4334 1079 4395 Liturgiis
1097 4341 1152 4396 post
1171 4331 1210 4381 iiia
1230 4333 1311 4392 cerba,
1340 4333 1368 4382 Vc

124 4411 221 4473 diguam
246 4421 269 4461 ct
293 4414 380 4464 iustunr
400 4426 444 4476 est,
470 4419 588 4468 Sacerdos
607 4422 750 4483 pronunciat
768 4422 909 4477 orationem,
935 4435 994 4484 ροσε
1013 4418 1157 4468 Praefatiuui
1176 4418 1318 4478 (ἕτεροι-λειω
1338 4418 1368 4466 rit

122 4497 263 4561 respondet,
282 4513 343 4561 quac
362 4501 384 4549 in
404 4501 536 4568 Gallicano,
562 4505 661 4556 Gothico
680 4514 704 4557 et
721 4506 784 4568 aiiis,
810 4505 956 4557 Contestatio
975 4511 1080 4566 recator,
1106 4504 1195 4581 intqua
1216 4503 1257 4552 Dei
1277 4503 1369 4564 ergata
