3044 4912
240 481 271 535 et
298 487 377 549 pone
407 466 490 530 illum
513 466 662 530 Sacerdos
693 467 778 541 alius,
807 467 857 547 qui
887 466 1011 530 calicem
1041 464 1130 529 etiam
1153 473 1291 545 opertum
1313 474 1381 528 anm
1399 466 1514 546 pectes

241 572 347 634 defert.
390 567 452 630 lios
481 576 648 648 sequuntur
669 568 848 631 Sacerdotes
870 568 1009 631 Pontifici
1032 567 1282 631 concelebrantes
1304 568 1376 648 (quo
1394 565 1471 629 sol*
1497 570 1514 628 h

241 673 310 735 nius
332 671 411 733 enim
434 678 481 732 est
501 668 613 733 missae
634 670 776 744 officium,
800 690 836 732 co
860 671 961 751 plures
976 669 1158 733 Sacerdotes
1180 686 1266 731 sacra
1290 674 1391 732 seems
1408 666 1471 730 hcte
1497 684 1514 729 n

241 792 292 835 ros
306 772 443 834 Pontifex
465 781 619 846 convocat,
642 772 692 852 qui
715 771 762 834 vel
784 772 893 835 calices
913 790 1024 834 vacuos
1046 779 1170 833 ornatus
1194 770 1300 850 gratia,
1323 768 1369 834 vel
1388 776 1418 833 ut
1431 767 1471 850 ple
1498 790 1514 831 a

241 875 348 937 dmum
371 872 473 936 altaris
495 891 581 935 sacra
602 873 816 948 instrumenta3
837 873 888 936 hic
902 873 1060 945 Lanceam,
1083 871 1134 934 ille
1157 871 1324 952 Spongiam
1345 872 1405 934 sive
1420 868 1473 951 puri
1498 876 1514 933 h

241 974 417 1048 ficatorinm,
449 973 526 1035 alius
558 973 667 1037 librum
699 973 861 1046 missalem,
895 974 970 1037 alter
1001 973 1145 1054 reliquias
1179 990 1283 1035 sacras
1314 980 1406 1047 tenet;
1431 978 1514 1036 etta

240 1076 396 1141 Paschotis
428 1074 612 1137 solemnibus
645 1075 682 1138 ad
714 1076 908 1139 escensionis
924 1094 1034 1156 qusque
1066 1074 1275 1137 celebritatem·
1307 1073 1514 1155 plerisque'al

240 1177 431 1242 blonasteriis
459 1176 570 1239 Christi
599 1177 631 1238 io
658 1178 817 1258 sepulchro
846 1177 972 1241 iacentis
1001 1177 1160 1256 imaginem
1190 1175 1289 1249 (cuins
1318 1184 1366 1237 est
1384 1172 1514 1238 usus'ah

239 1279 436 1362 processione
458 1286 614 1350 nocturna,
648 1288 677 1340 et
697 1278 807 1357 vigiliis
828 1297 952 1359 magnae
974 1278 1170 1354 Parasceues)
1191 1268 1377 1363 dcereimmo
1394 1272 1475 1338 heeft
1500 1298 1514 1341 e

241 1399 331 1444 causa
361 1381 481 1452 dictam,
509 1377 605 1441 ultimi
634 1379 692 1442 duo
715 1379 894 1443 Sacerdotes
923 1397 1029 1460 agmen
1056 1378 1131 1442 illud
1159 1378 1338 1442 claudentes
1365 1375 1475 1458 capitib!

242 1490 370 1558 gestant,
402 1488 432 1542 et
453 1480 591 1559 praevios
614 1490 787 1561 sequuntur.
833 1483 977 1544 cantores
999 1481 1119 1543 interim
1142 1479 1307 1542 modulatis
1328 1480 1514 1559 uocihmttlj

243 1582 324 1659 gram
347 1589 443 1652 cantu,
467 1580 664 1643 cherubicum
688 1580 833 1661 Hymnum
856 1583 1025 1654 decantant,
1055 1590 1084 1644 et
1106 1582 1166 1644 nisi
1188 1600 1344 1644 sacrorum
1366 1582 1477 1643 donum
1503 1594 1514 1646 ‘e

242 1682 353 1743 latores
383 1682 593 1762 conspexerint
620 1701 636 1744 c
664 1682 802 1745 Prothesi
830 1702 977 1762 egressos,
1007 1701 1153 1763 nusquam
1181 1681 1232 1744 illa
1260 1683 1362 1756 verba,
1389 1672 1477 1756 nictit
1503 1706 1514 1745 u

241 1776 385 1864 βασιλέα
405 1785 471 1845 τῶν
492 1777 578 1847 ύλων
599 1777 854 1865 ὑποδεξάμενοι,
883 1784 1042 1847 concinere
1065 1784 1185 1846 audent.
1230 1783 1318 1846 Tune
1339 1792 1429 1845 autem
1445 1794 1478 1842 ott
1505 1804 1514 1845 r

242 1885 353 1963 Regem
376 1884 507 1946 omnium
529 1885 604 1960 τοῖς
625 1877 811 1968 ἀγγελτκοῖς
832 1877 984 1967 ἀοράτως
1003 1877 1294 1971 δορυφορούμενον
1308 1878 1425 1962 τάξεσι,
1442 1882 1478 1943 h*
1506 1910 1514 1948 e

244 1981 348 2065 gelicis
376 1985 533 2048 ordinibus
561 1986 752 2050 invisibiliter
775 1988 915 2068 stipatum
938 1988 1101 2067 excepturi,
1133 1986 1255 2067 quidam
1276 1986 1426 2055 inclinant
1448 1978 1479 2043 alil
1506 2012 1514 2069 η

242 2086 444 2168 procumbunt
465 2088 494 2149 in
517 2106 622 2167 genua,
645 2089 676 2149 io
700 2089 876 2169 quibusdam
899 2089 988 2150 ctiam
1011 2088 1088 2150 locis
1103 2087 1249 2159 nonnulli,
1274 2082 1479 2163 maximeaegr'r
1509 2098 1514 2152 ἰ

245 2190 347 2252 tudine
380 2190 494 2265 afflicti,
527 2190 655 2270 pedibus
689 2210 721 2253 se
750 2190 967 2253 transeuntium
996 2189 1205 2252 substernunt:
1239 2189 1342 2252 cuncti
1369 2178 1481 2250 rerortl
1510 2214 1514 2255 a

243 2300 414 2370 precantur,
443 2291 486 2363 ael
522 2310 555 2352 se
584 2291 796 2353 celebrantium
820 2290 1008 2353 orationibus
1031 2291 1251 2364 commendant,
1281 2292 1329 2354 vel
1352 2289 1425 2371 quod
1443 2287 1481 2348 fta
1511 2322 1514 2345 ι

246 2395 385 2473 quentios
415 2405 470 2466 est,
500 2392 649 2454 Christum
678 2393 763 2472 quasi
791 2403 991 2472 praesentem,
1018 2392 1143 2455 latronis
1165 2393 1197 2454 iu
1219 2410 1310 2454 cruce
1332 2385 1483 2473 poenitebit

244 2512 316 2555 voce
345 2495 549 2574 alloquuntur:
578 2486 682 2573 Κύριε
706 2485 877 2578 μνήσθητί
900 2513 965 2573 μου
994 2486 1074 2556 ὅταν
1103 2486 1207 2579 ἔλθῃς
1234 2487 1269 2556 ἐν
1295 2494 1339 2577 τῆ
1358 2479 1484 2573 stadeloit

245 2615 316 2657 ooo.
360 2595 554 2674 Respondent
584 2594 625 2653 illi
654 2587 817 2678 μνησθείη
838 2589 965 2677 Κύριος
992 2587 1009 2657 ὁ
1036 2591 1121 2670 Θεὸς
1147 2587 1281 2657 πάντων
1304 2587 1396 2679 ἡμῶν
1416 2586 1484 2672 ἐτεῇ

245 2689 400 2780 βασιλείᾳ
424 2688 541 2757 αὐτοῦ·
568 2688 721 2757 πάντοτε.
750 2698 771 2755 Α
802 2714 859 2775 qua
882 2716 954 2757 voce
977 2697 1138 2776 repetenda
1163 2695 1334 2757 nullatenus
1357 2695 1484 2758 assason

246 2798 412 2876 usquedum
435 2795 582 2857 stantibus
606 2796 643 2857 ad
666 2816 766 2857 sacras
790 2799 871 2860 fores
894 2797 1080 2870 Lectoribus,
1110 2797 1168 2877 ipsi
1192 2817 1246 2877 per
1269 2798 1387 2859 medios
1409 2807 1484 2857 cornu

247 2899 368 2960 ordines
398 2907 651 2980 pertranseuntes
675 2897 711 2957 ad
734 2909 868 2959 sanctum
892 2898 1035 2959 Tribunal
1058 2900 1258 2978 pervenerint.
1304 2899 1350 2960 lbi
1372 2918 1386 2959 a
1409 2892 1484 2958 Ponti·

246 3002 301 3061 frce
330 2999 435 3061 ordine
468 3000 637 3079 mutuisque
667 2999 807 3078 precibus
836 3001 1034 3080 excipiuntur.
1077 3001 1115 3061 Et
1136 3001 1286 3062 Diaconos
1316 3001 1432 3080 quidem
1455 3013 1485 3057 sa·

246 3121 327 3163 crum
356 3121 463 3181 panem
486 3111 622 3179 gestans3
649 3093 822 3184 μνησθείη,
855 3101 952 3181 inquit
974 3103 1132 3182 Episcopo,
1161 3096 1287 3183 Κύριος
1310 3095 1328 3164 ὁ
1353 3096 1433 3176 Θεὸς
1449 3096 1487 3178 τῆς

246 3194 484 3284 ἀρχιερωσύνης
520 3222 595 3278 σου,
634 3197 668 3264 ἐν
702 3204 751 3285 τῇ,
787 3199 854 3263 κτλ.
892 3213 922 3264 et
957 3204 1094 3265 Pontifex
1131 3204 1302 3282 reciproce:
1340 3190 1486 3287 μνησθείη,

247 3303 297 3374 ait,
325 3296 451 3383 Κύριος
479 3296 497 3365 ὁ
522 3298 606 3376 Θεὸς
634 3305 692 3385 τῆς
721 3298 961 3384 λερούιοκονίσς
982 3324 1053 3380 σου,
1076 3313 1133 3366 etc.
1155 3305 1345 3385 subsequens
1367 3301 1487 3367 Sacerdos

245 3402 384 3464 Pontifici
415 3405 546 3465 audienti
574 3421 676 3466 vocem
705 3406 830 3467 eandem
859 3406 960 3466 iterat:
991 3405 1040 3466 ille
1071 3424 1191 3478 rursus,
1219 3400 1394 3491 μνησθείη,
1421 3404 1487 3464 etim
1512 3412 1514 3419 '

247 3505 329 3578 dicit,
352 3506 411 3589 τῆς
433 3497 609 3589 ἱερωσύνης
630 3524 701 3580 σου,
722 3503 791 3569 κτλ.
820 3515 850 3568 et
871 3507 966 3567 sacris
990 3506 1078 3567 donis
1101 3527 1117 3568 e
1142 3507 1266 3569 [liaconi
1289 3518 1320 3569 et
1342 3501 1487 3570 Sacerdotis
1512 3496 1514 3517 ²

247 3626 335 3668 manu
365 3627 380 3668 a
410 3607 555 3667 Pontifice
585 3606 620 3666 ed
651 3625 752 3668 sacras
782 3611 863 3670 fores
892 3608 1032 3687 receptis,
1063 3627 1149 3669 sacro
1177 3608 1267 3671 cultis
1291 3608 1404 3679 osculo,
1426 3616 1449 3667 et
1467 3602 1486 3662 iu

247 3710 332 3771 altari
355 3708 507 3790 repositis,
531 3708 668 3769 Pontifex
691 3710 808 3771 tandem
832 3710 911 3772 clara
933 3727 1005 3771 voce
1028 3710 1082 3770 toti
1105 3710 1216 3790 populo
1240 3728 1312 3773 suas
1328 3728 1429 3791 preces
1443 3701 1487 3786 pol

246 3812 353 3874 licetur
381 3811 494 3881 dicens,
523 3802 686 3896 μνησθείη
714 3805 847 3875 πάντων
873 3804 975 3896 ἡμῶν,
1002 3807 1070 3873 κτλ.
1094 3820 1181 3891 atque
1204 3811 1246 3873 ita
1268 3814 1370 3888 finem,
1390 3801 1488 3891 μεγάλη

247 3905 364 3996 εῑςύύῳ
387 3912 523 3993 imponit,
546 3912 581 3972 ad
606 3930 693 3992 quem
717 3921 815 3974 tamen
838 3911 903 3991 ipse
926 3933 985 3975 nou
1007 3913 1153 3994 procedit,
1176 3913 1228 3974 sed
1251 3932 1399 3984 reversos,
1420 3904 1489 3972 utdi·

246 4014 353 4088 ximus,
382 4014 418 4075 ad
448 4031 549 4075 sacras
578 4015 658 4077 fores
688 4032 754 4076 cum
777 4014 865 4075 donis
887 4016 1065 4078 accedentes
1086 4014 1297 4096 praestolatur,
1328 4025 1360 4078 et
1381 4009 1491 4092 singulos

247 4115 326 4176 iuxta
349 4133 420 4176 suos
444 4116 551 4194 gradus
575 4115 715 4179 admittit.
739 4117 776 4177 Et
797 4117 872 4180 haec
894 4117 1014 4197 quidem
1038 4118 1086 4191 ita,
1110 4118 1136 4178 si
1158 4117 1296 4179 Pontifex
1319 4118 1370 4192 sit,
1393 4115 1440 4197 qui
1458 4127 1492 4174 ce·

246 4216 320 4277 lebri
351 4226 493 4296 apparatu
522 4235 605 4278 sacra
628 4219 752 4297 peragit.
774 4218 821 4280 vel
842 4219 1038 4299 praecipuum
1059 4218 1191 4281 illuxerit
1213 4219 1334 4291 festum,
1365 4215 1441 4299 quod
1459 4231 1494 4275 so·

246 4317 430 4380 lemnitatem
452 4318 543 4380 officii
563 4319 657 4381 solito
679 4320 823 4381 maiorem
845 4320 987 4400 requirat.
1024 4321 1169 4384 Currente
1190 4339 1260 4381 uero
1285 4330 1430 4400 tempore,
1451 4328 1494 4377 unt

248 4417 455 4480 solobiacono
472 4420 627 4483 Sacerdoti
649 4419 887 4495 concelebrante,
909 4422 1015 4484 eodem
1037 4422 1155 4485 itineris
1177 4431 1283 4495 tractu,
1307 4415 1497 4502 praecedenti·

247 4515 303 4580 bus
325 4519 420 4581 cereis
442 4521 588 4603 procedit,
611 4532 752 4604 uterque3
775 4532 804 4587 et
826 4523 975 4586 Diaconos
997 4523 1118 4605 quidem
1140 4523 1263 4588 sinistra
1279 4523 1403 4589 Discum
1424 4520 1495 4602 capit
