3044 4912
655 261 729 336 653

142 442 237 529 Πρὸς
271 434 479 535 Κορινθίους
512 439 694 532 ἐπιπολῆς
726 438 868 513 Παύλου
908 441 948 511 τὸ
984 437 1184 530 ἀνάγνωσμα
1221 446 1329 512 1c0r.

102 547 423 734 10Ἀλλῆίδυῖύρισν.
469 642 566 767 Φωνὴ
588 640 716 731 Κυρίου
738 642 801 714 ἐπί
785 640 960 713 λὰδάτων.

140 741 268 828 Στίχος.
309 741 458 826 ὉΘεὸς
476 750 538 834 τῆς
558 741 666 835 δόξης.

141 843 344 934 Εύαγγύλισν
364 845 401 914 ἐκ
420 850 481 914 τοῦ
501 845 586 914 κατὰ
606 843 798 935 Μύρκονο
816 855 844 929 1,
858 853 975 916 9-11.

142 943 181 1014 ‘0
204 945 366 1026 διάκονος
406 942 511 1014 'Er’
481 945 591 1071 ειρήνςρ
616 954 676 1016 τοῦ
697 944 825 1037 Κυρίου
847 949 1029 1039 δεφθῶμεν.

140 1044 244 1135 Ὑπὲρ
264 1053 324 1136 τῆς
345 1040 476 1116 ἀνωθεν
498 1046 636 1141 ειρήνής.

139 1145 242 1237 Ὑπὲρ
264 1156 323 1238 τῆς
344 1146 473 1240 είρήνής
492 1156 553 1218 τού
574 1149 776 1236 σύμπαντος.

139 1246 244 1338 Ὑπὲρ
265 1256 326 1318 τού
347 1247 505 1338 ἁγίσυ”
466 1271 559 1319 σικσυ
580 1248 710 1320 τούτου.

140 1347 243 1437 Ὑπὲρ
264 1357 326 1419 τού
346 1348 622 1436 ἀρχιεπισκύπσυ.

140 1448 244 1539 Ὑπὲρ
265 1458 324 1542 τῆς
345 1450 442 1538 ἁγίας
462 1459 577 1541 μονῆς.

138 1549 242 1641 Ὑπὲρ
264 1550 439 1641 εὐκρασίας
460 1550 577 1640 ἀὲρων,
599 1550 770 1644 εύφορίας.

140 1650 243 1743 Ὑπὲρ
267 1654 446 1738 πλεόντων,
468 1652 756 1742 ὁδοιπορούντων·

138 1751 242 1843 Ὑπὲρ
263 1764 323 1825 τοῦ
345 1755 551 1845 ἁγιασθῆναι
571 1757 614 1825 τὰ
635 1755 743 1824 ύδατα
762 1765 867 1824 ταῦτα
888 1763 928 1845 τῆ
950 1753 1090 1842 δυνάμει
1110 1755 1168 1825 καί
1182 1755 1329 1851 ἐνεργείᾳ

93 1855 113 1925 εί
134 1856 353 1946 ἐπιφοιτήσει
373 1865 432 1927 τοῦ
453 1855 549 1944 ἁγίου
570 1855 770 1943 πνεύματος,
792 1864 852 1925 τοῦ
872 1856 1000 1944 Κυρίου
1025 1859 1212 1947 δεήθῶμεν.

139 1954 242 2044 Ὑπὲρ
263 1966 324 2026 τοῦ
345 1965 594 2049 καταφοιτῆσαι
615 1965 686 2038 τοῖς
699 1957 801 2027 ύδασι
814 1955 956 2038 τούτοις,
978 1958 1038 2046 τήν
1051 1958 1257 2049 καθαρτικῆν
1270 1965 1331 2049 τῆς

93 2057 258 2148 τερουσίου
279 2057 417 2148 τριάδος
438 2061 612 2149 ἐνέργειαν,
633 2066 694 2128 τοῦ
714 2057 843 2149 Κυρίου
865 2060 1049 2148 δεηθῶμεν.

140 2157 241 2247 Ὑπὲρ
262 2169 324 2229 τοῦ
345 2163 542 2252 δωρηθῆναι
563 2158 678 2242 αύτσῖς
700 2162 760 2251 τῆν
779 2159 875 2249 χάριν
894 2168 954 2249 τῆς
975 2157 1248 2248 ἀπολυτρώσεως,
1271 2161 1330 2252 τήν

93 2260 210 2350 λογίαν
230 2269 291 2330 τοῦ
310 2260 487 2349 Ἰορδάνου,
508 2271 549 2353 τῆ
570 2262 710 2350 δυνάμει
730 2263 788 2332 καί
809 2261 955 2353 ἐνεργείᾳ
968 2261 1025 2329 καί
1039 2259 1257 2351 ἐπιφοιτήσει
1268 2270 1330 2330 τοῦ

93 2360 154 2432 νίου
175 2361 375 2449 πνεύματος,
397 2371 457 2431 τού
478 2364 605 2453 Κυρίου
627 2368 812 2452 δεηθῶμεν.

139 2460 242 2550 Ὑπὲρ
270 2472 330 2532 τοῦ
357 2473 574 2555 φωτισθῆναι
598 2462 686 2554 ήμᾶς
707 2464 881 2555 φωτισμὸν
900 2461 1053 2552 γνιύσεως
1070 2462 1128 2533 καί
1149 2460 1329 2551 εύσεβείας,

94 2563 118 2632 ἁ
137 2572 198 2654 τῆς
218 2564 467 2656 ἐπιφοιτήσεως
487 2574 547 2634 τοί
569 2564 664 2655 ἁγίου
686 2565 886 2653 πνεύματος,
913 2570 974 2633 τοῦ
994 2565 1122 2652 Κυρίου
1144 2567 1329 2657 δεῆθῶμεν.

138 2662 242 2754 Ὑπὲρ
270 2674 330 2735 τοῦ
356 2675 536 2758 γενηθῆναι
557 2669 596 2737 τὸ
619 2667 707 2756 ύδωρ
729 2673 827 2735 τοῦτο
849 2664 1016 2756 ἁγιασμοῦ
1037 2669 1153 2753 δῶρον,
1181 2665 1330 2758 ἁμαρτη-

93 2763 173 2834 ίτων
192 2766 356 2857 λυτήριον,
378 2768 427 2849 είς
447 2766 539 2839 ἴασιν
559 2778 670 2861 ψυχῆς
689 2769 746 2839 καί
766 2766 922 2855 σώματος
949 2769 1006 2837 καί
1026 2775 1141 2837 πᾶσαν
1162 2765 1329 2860 ἀφέλειαν

93 2866 250 2936 τιτ’δεισν
282 2877 342 2937 τοῦ
363 2878 415 2938 Κυ
438 2869 534 2940 ίουδ
572 2880 627 2940 θῶ
653 2898 697 2941 εν.

137 2893 323 3058 ἶΙΥπὲρὙσῦ
344 2898 503 3058 γενὲὰθαι
525 2897 606 3042 ἁύτό
627 2900 717 3062 ὲίδωρ
740 2970 922 3056 ἁλλόμενον
938 2968 988 3050 είς
1002 2971 1088 3059 ζωὴν
1102 2968 1248 3052 αἰώνιον,
1270 2980 1331 3040 τοῦ

93 3069 185 3160 υρίου
208 3075 392 3162 δεῆθῶμεν.

138 3166 244 3263 Ὑπὲρ
270 3181 330 3241 τοῦ
359 3170 600 3262 ἀναδειχθῆναι
628 3169 709 3241 αύτδ
745 3169 980 3261 ἀποτρόπαιον
1008 3169 1120 3260 πάσης
1146 3171 1331 3259 ἐπιβουλῆς

93 3280 187 3341 πατῶν
207 3275 265 3343 καί
284 3271 437 3362 ἀοράτων
459 3275 598 3363 ἐχθρῶν,
619 3280 680 3343 τοῦ
701 3271 829 3363 Κυρίου
852 3274 1035 3362 δεῆθῶμεν.

140 3372 242 3462 Ὑπὲρ
271 3382 336 3443 τῶν
365 3373 568 3443 ἀντλσύντων
587 3378 646 3444 καί
666 3372 857 3464 ἀρυομένων
877 3373 927 3456 είς
947 3371 1112 3464 ἁγιασμὸν
1133 3371 1242 3456 οἴκων,
1269 3381 1331 3442 τοῦ

93 3474 186 3563 ορίου
209 3480 393 3567 δεηθῶμεν.

140 3575 242 3667 Ὑπὲρ
265 3586 324 3645 τοῦ
344 3579 504 3665 γενέσθαι
526 3575 607 3646 αύτὸ
628 3574 714 3665 πρὸς
735 3577 946 3667 καθαρισμὸν
967 3583 1083 3669 ψυχῶν
1097 3577 1154 3645 καί
1167 3573 1330 3662 σωμάτων

93 3685 146 3747 ἀοι
166 3686 237 3759 τοῖς
259 3677 455 3765 ἀρυομένοις
474 3677 590 3748 πίστει
609 3705 646 3748 τε
667 3680 724 3750 καὶ
743 3676 1053 3766 μεταλαμβάνουσιν
1074 3679 1113 3760 ἐξ
1133 3675 1249 3760 αύτῶν,
1271 3685 1331 3746 τού

93 3780 187 3871 σρίσυ
209 3784 393 3870 δεηθῶμεν.

142 3879 244 3971 Ὑπὲρ
265 3890 325 3952 τοῦ
345 3885 597 3971 καταξιωθῆναι
617 3880 706 3971 ἡμᾶς
726 3883 963 3973 ἐμπλησθῆναι
984 3879 1159 3971 ἁγιασμού,
1194 3881 1252 3949 διὰ
1272 3887 1332 3971 τῆς

93 3991 127 4052 δν
152 3981 283 4052 ύδάτων
308 3983 434 4053 τούτων
461 3984 692 4075 μεταλήψεως,
720 3993 761 4075 τῇ
790 3983 924 4074 ἀοράτῳ
945 3982 1130 4075 ἐπιφανείᾳ
1151 3988 1211 4050 τοῦ
1233 3980 1329 4070 ἁγίου

93 4084 143 4154 νεύ
172 4112 231 4154 ατσ
282 4096 340 4156 τοῦ
362 4096 414 4155 Κυ
437 4087 532 4156 ίουδ
571 4092 626 4154 θῶ
652 4110 696 4154 εν.

142 4112 327 4278 ὙπὲρςὙῶ
348 4112 749 4275 είςαλοῦσαιωλύρίύντὸν
764 4187 849 4256 Θεὸν
871 4195 984 4278 φωνῆς
1004 4194 1065 4278 τῆς
1080 4186 1224 4276 δεήσεως
1237 4182 1330 4275 ήμῶν

93 4297 125 4358 ὲν
147 4287 349 4378 ἁμαρτωλῶν
370 4291 427 4358 καί
448 4292 585 4380 ἐλεῆσαι
602 4288 701 4381 ἡμᾶς,
722 4296 783 4357 τοῦ
807 4288 930 4378 Κυρίου
954 4293 1137 4380 δεῆθῶμεν.

142 4387 244 4478 Ὑπὲρ
265 4399 326 4458 τοῦ
347 4398 512 4479 ῥυσθῆναι
533 4391 621 4480 ἡμᾶς
642 4390 712 4460 ἀπὸ
733 4390 845 4480 πάσης
858 4389 1023 4482 θλίψεως,
1047 4387 1145 4480 ἀργῆς
1158 4390 1216 4460 καί
1230 4387 1332 4481 ἀνάγ-

93 4518 128 4575 ις,
150 4500 209 4561 τοῦ
229 4491 357 4585 Κυρίου
380 4495 564 4587 δεήθῶμεν.
