3044 4912
649 246 722 321 667

594 424 785 498 Θεοτόκιον.

139 535 209 618 Τῆς
235 523 326 611 Εύας
346 529 405 619 τὴν
428 524 511 618 ἀράν
533 525 611 618 άγνὴ
636 529 801 611 διέλυσας,
828 534 969 599 τεκοῦσα
990 537 1062 611 τοῖς
1082 536 1169 600 πᾶσι
1190 530 1249 621 τὴν
1270 529 1326 601 εύ-

93 628 181 720 γίαν,
212 628 429 722 ἀδαπάνητον
456 622 668 722 πηγάσαντα,
696 631 760 718 τόν,
782 636 917 721 σωτῆρα
944 636 1006 700 τού
1025 630 1162 719 κόσμου,
1184 639 1325 724 Μητρο-

123 741 213 804 θενε.

93 760 184 904 φοί
210 835 368 915 θέλοντες
395 829 565 919 ἔρχεσθαι,
593 832 705 924 φησίν,
731 828 843 903 όπίσω
868 859 945 922 μου,
972 832 1160 924 προθύμως
1181 831 1325 927 ἀρνήσα-

93 951 118 1006 *ε
143 938 203 1017 τὰς
230 937 389 1023 κωμικὰς
416 933 581 1027 ἀφορμάς,
613 940 719 1023 γονεῖς
740 935 818 1016 τοὺς
837 934 1064 1026 γεννήσαντας,
1093 937 1190 1007 τέκνα
1210 963 1247 1007 τε
1267 938 1326 1009 καί

92 1046 216 1120 ναῖκας,
238 1035 407 1129 ἀδελφούς
427 1037 540 1107 τεκαὶ
562 1035 691 1128 φίλους,
712 1035 864 1126 χρήματα
884 1039 942 1107 καί
963 1036 1080 1122 οίκίας,
1102 1046 1268 1129 συγγενεῖς
1287 1066 1325 1109 τε

94 1142 108 1210 ί
130 1140 269 1221 δούλους
289 1140 347 1209 καί
369 1140 516 1223 δέξασθε
537 1135 668 1225 ἀξίωμα
689 1146 755 1207 τῶν
777 1137 975 1209 ἀποστόλων
995 1166 1072 1228 μου.

135 1240 398 1333 Ἐπιστρέφοντα
421 1241 515 1324 δέξαι
533 1265 587 1328 με,
608 1239 705 1329 Λόγε
721 1244 820 1324 Θεοῦ,
841 1242 900 1312 τὸν
921 1237 1052 1312 ἀσωτον
1073 1239 1118 1325 ὥς
1138 1239 1248 1312 πάλαι
1267 1243 1325 1314 καί

93 1344 176 1418 ῐτδν
196 1341 347 1434 τελώνην,
369 1340 451 1429 μόνε
472 1340 707 1434 φιλάνθρωπε.

135 1445 321 1535 Λυτρωτὴς
347 1441 440 1534 ἡμῶν
467 1444 619 1532 γέγονας,
648 1445 706 1513 διὰ
733 1450 878 1535 σταυροῦ
905 1445 964 1515 τὸν
989 1442 1114 1532 κόσμον
1142 1432 1324 1535 ἀγοράσας·

93 1546 106 1617 ό
128 1573 183 1617 σοι
205 1544 418 1635 προςπίπτω,
441 1543 539 1636 ῥῦσαί
557 1570 611 1632 με,
632 1546 805 1617 Δέσποτα.

132 1647 172 1717 ‘0
199 1648 328 1737 ἐγείρας
354 1647 413 1715 τὸν
431 1646 596 1736 Λάζαρον
622 1647 658 1715 έκ
685 1654 751 1715 τῶν
772 1654 902 1736 νεκρῶν,
931 1644 1017 1735 κάμέ
1038 1647 1097 1717 τὸν
1117 1647 1325 1735 νεκρωθέντα

93 1749 215 1840 ιαρτίας
234 1749 356 1840 κέντρῳ
378 1745 521 1832 ζώωσον,
542 1748 715 1818 Δέσποτα.

134 1851 374 1942 Σημειωθέντα
393 1847 504 1938 χάριτι
524 1849 581 1917 καί
603 1855 766 1941 φωτισμῷ
787 1856 846 1938 τῆς
867 1854 928 1938 σῆς
948 1847 1165 1938 θεογνωσίας,
1194 1854 1326 1941 λογικῆς

92 1981 111 2023 υ
133 1952 276 2043 ποίμνης
299 1951 407 2035 δεῖξόν
426 1977 470 2039 με
490 1948 673 2039 πρόβατον.

595 2066 785 2138 Θεοτόκιον.

136 2170 346 2263 Εὐλογημένη
370 2167 527 2258 πάναγνε,
548 2177 667 2261 Μῆτερ
692 2175 789 2251 Θεού,
811 2175 852 2261 τῇ
873 2175 914 2262 σῇ
934 2195 978 2258 με
996 2168 1187 2263 προστασίᾳ
1207 2171 1264 2241 καί
1284 2180 1325 2263 τῇ

95 2272 133 2368 ίρι
154 2274 259 2365 σκέπη
282 2270 479 2363 φρούρησον,
501 2271 686 2341 Δέσποινα.

134 2373 282 2464 Ὑπακοῇ
308 2399 379 2455 σου,
401 2374 538 2462 Χριστὲ,
567 2373 626 2463 τὴν
652 2370 814 2463 ἡμετέραν
835 2368 882 2454 ὦς
905 2372 990 2454 Θεὸς
1010 2371 1130 2454 ἔλυσας
1150 2375 1326 2465 παρακοήν

93 2479 179 2568 ίτῆς
191 2475 366 2563 βασιλείας
378 2476 437 2565 τήν
450 2472 577 2556 είςοδον
589 2472 677 2566 ἡμῖν,
690 2475 747 2543 διὰ
756 2472 935 2561 μετανοίας
947 2475 1003 2543 καί
1015 2474 1171 2557 πίστεως,
1184 2472 1324 2558 ἔδειξας.

137 2581 389 2648 Διατελὲσανια
412 2577 446 2646 έν
467 2574 608 2668 ἀμελείᾳ
628 2578 687 2666 τὴν
710 2576 794 2667 ζωὴν
813 2577 949 2664 βλέπων
969 2603 1022 2664 με,
1043 2583 1084 2668 τῇ
1105 2584 1250 2668 προςοχῇ
1266 2585 1325 2666 τῆς

93 2679 246 2768 ἰμελείας
267 2679 455 2770 ἐπίστησον,
477 2679 615 2767 Χριστὲ,
637 2686 696 2770 τῆς
717 2676 927 2769 δικαιοσύνης
949 2676 1088 2760 ἐνδύσας
1107 2703 1150 2766 με
1171 2676 1324 2766 θώρακα.

133 2780 171 2850 Ὁ
194 2784 252 2850 διὰ
273 2779 428 2862 πίστεως,
456 2777 674 2861 παλιντοκίας
693 2806 731 2848 τε
752 2781 892 2867 λουτροῦ
913 2778 1041 2862 πλύνας
1061 2805 1104 2869 με
1125 2786 1325 2871 προγονικῆς

95 2890 144 2966 ἃς,
167 2889 222 2951 νύν
244 2880 394 2971 δακρύων
416 2879 613 2952 ἀπόπλυνον
628 2887 753 2971 πηγαῖς
771 2883 1059 2971 καταρυπωθέντοι
1076 2883 1198 2962 δεινοῖς
1212 2906 1325 2972 παρα-

93 2982 220 3071 κύμασι.

135 3080 466 3170 Κατακαμπτόμενσν
478 3083 535 3152 καί
550 3080 721 3150 νενευκότα
733 3107 776 3169 με
790 3082 877 3166 πρὸς
890 3088 959 3171 γῆν,
981 3081 1154 3167 Δέσποτα,
1175 3088 1223 3172 τῷ
1237 3081 1324 3151 έπα-

93 3194 129 3256 ἐἳ
156 3186 212 3255 καί
238 3182 467 3276 θανατηφόρηι
493 3182 712 3271 πταισμάτων
739 3181 879 3275 φορτίῳ,
910 3190 950 3274 τῇ
977 3190 1019 3277 σῇ
1048 3181 1211 3277 ζωηφόριρ
1235 3183 1323 3271 χειρί

93 3286 303 3379 ἀνόρθωσον.

599 3366 787 3439 Θεοτόκιον.

126 3469 217 3554 ’Ίσος
244 3471 401 3561 ύπάρχων
429 3472 533 3559 πατρί
560 3471 645 3540 κατά
671 3470 730 3560 την
758 3464 898 3562 άναρχον
924 3470 1058 3561 μορφὴν
1078 3470 1224 3560 γέγονας,
1250 3466 1325 3550 ίσος

93 3582 128 3646 ῖν
144 3577 181 3657 ἒξ
194 3572 424 3664 ἀπειρογάμου
439 3571 612 3661 γενόμενος
625 3568 764 3663 μητρός·
787 3565 827 3662 ἧς
842 3578 917 3653 ταῖς
933 3570 1081 3655 ἱκεσίαις,
1099 3569 1324 3661 Θεάνθρωπε,

93 3677 161 3746 ἶσόν
181 3702 234 3762 με.
360 3744 370 3769 ,ι

137 3780 199 3867 Μὴ
228 3776 373 3869 παρίδης
400 3777 437 3846 τὸ
459 3773 599 3862 πλάσμα
621 3800 692 3857 σου,
713 3773 885 3856 Δέσποτα,
909 3771 994 3843 ἀλλὰ
1015 3781 1075 3843 τοῦ
1098 3780 1242 3863 σταυροῦ
1263 3798 1324 3843 σου

116 3879 229 3969 χάριτι
254 3878 363 3948 σῶσόν
388 3905 431 3965 με
451 3879 507 3947 καὶ
528 3884 576 3969 τῷ
595 3876 695 3968 τιμίῳ
718 3877 845 3963 αἵματι,
874 3869 893 3944 ὃ
916 3876 952 3945 ἐκ
973 3873 1073 3957 θείας
1093 3878 1241 3967 πλευρᾶς
1261 3900 1322 3944 σου

93 3982 225 4063 ένωσας.

135 4081 191 4163 Ὡς
220 4082 264 4172 μὴ
299 4076 378 4150 όντα
411 4083 449 4151 τὸ
480 4078 642 4168 πρότερον
675 4077 834 4160 ἔπλασας,
868 4076 974 4161 σύτως
1006 4075 1216 4166 ἀπολόμενον
1248 4082 1322 4158 ταῖς

93 4186 233 4274 ιαρτίαις
252 4209 317 4271 μου
341 4180 544 4274 ἀναζητήσας
566 4181 674 4251 σῶσόν
693 4207 745 4269 με,
768 4178 813 4261 ιύς
834 4182 962 4270 ποιμὴν
984 4178 1114 4270 ἀγαθός
1135 4206 1171 4249 τε
1193 4179 1250 4249 καί
1266 4206 1321 4249 ει-

93 4291 250 4375 τλαγχνος.

138 4387 325 4478 Μακαρίων
351 4384 497 4457 ἐλπίδων
525 4388 682 4474 μεθέξειν
708 4413 760 4475 με,
791 4394 856 4455 τῶν
885 4383 1112 4472 ἀποκειμένων
1138 4391 1224 4453 πάσι
1252 4390 1323 4464 τοῖς

93 4489 163 4571 ἷίοις
185 4516 255 4575 σου,
277 4483 322 4559 ὧν
342 4491 402 4581 τὴν
423 4492 508 4581 ζωὴν
521 4490 739 4581 μιμήσασθαι
753 4487 967 4573 καταξίωσον,
988 4487 1069 4574 μόνε
1087 4486 1320 4580 φιλάνθρωπα
