3044 4912
646 249 786 322 *27

126 435 236 495 toritdt
257 449 293 496 so
313 450 402 514 qross
422 433 488 497 sud
509 433 555 497 die
569 431 805 498 ludierdeotsror
826 433 904 498 soci
924 434 1124 516 ssqehosderr
1144 452 1211 497 anor
1229 465 1273 480 —
1294 437 1328 499 ἐκ
1349 434 1399 498 ol-

127 533 182 598 iur
201 534 258 597 dns
281 534 453 614 deqcsther'l
474 536 526 599 des
548 534 688 616 iratique
709 534 840 599 deletes-
859 535 925 598 uad
945 535 1308 617 Bildorrqs-Zestcrrdcs.“

204 635 359 710 Miramur,
386 636 468 716 quod
494 636 569 699 haec
594 631 784 718 παράδοσις
811 635 963 716 liturgica,
989 645 1050 700 tam
1077 645 1146 718 apta
1177 636 1214 699 ad
1242 655 1397 701 commen·

124 735 248 800 modam
276 736 445 800 traditionis
471 755 532 800 non
560 735 688 816 scriptae
715 736 918 801 auctoritatem
936 745 967 800 et
985 738 1085 814 iidem,
1107 747 1207 802 rostro
1229 747 1260 802 et
1282 726 1398 821 ungulis

126 840 294 921 impugnata
315 847 361 901 est
382 837 419 900 ab
440 837 592 902 nonnullis
607 837 768 901 Catholicis
791 838 999 920 scriptoribus.
1028 839 1176 920 Singulari
1197 841 1293 922 capite
1314 860 1397 921 „quo

126 949 260 1023 tempore
273 939 364 1003 scribi
379 941 531 1022 coeperint
546 939 646 1003 divina
660 940 777 1004 officio⁴‘
801 939 832 1016 (l.
848 959 874 1003 c.
890 958 921 1020 p.
938 943 1117 1018 137-158)
1138 943 1397 1007 Assemannus

117 1032 156 1105 h
172 1040 371 1121 Binghamum
392 1060 428 1105 ac
447 1043 639 1123 potissimum
659 1041 691 1104 in
705 1040 786 1105 Petri
799 1040 891 1105 bruni
905 1041 1056 1106 invehitur
1068 1043 1297 1124 disputationes.
1319 1044 1397 1109 Suo-

126 1142 216 1207 cmit
244 1142 392 1206 laboranti
425 1142 647 1225 Selrsggius
680 1142 904 1223 (Antiquitatum
933 1143 1041 1207 Christ
1068 1143 1276 1208 Institutiones
1304 1145 1396 1227 Neap.
1446 1196 1449 1203 .

128 1247 315 1323 1772—74)‚
348 1262 384 1308 ex
404 1242 604 1307 recentiorum
632 1262 758 1307 numero
787 1244 995 1325 redintegravit
1024 1244 1106 1308 litem
1133 1245 1411 1316 Binterimius.
1518 1266 1521 1275 ·

128 1345 211 1420 Quod
243 1345 461 1419 demonstrant,
493 1346 613 1409 seecrrlo
644 1354 749 1427 quarto
783 1345 830 1408 rel
861 1346 964 1428 quinto
994 1346 1120 1427 scriptas
1146 1346 1280 1427 liturgiae
1303 1347 1398 1411 exsti-

127 1447 207 1523 tisse,
241 1446 288 1509 rel
320 1446 399 1528 qnod
427 1446 499 1509 citra
530 1447 741 1511 eucharisticae
773 1465 878 1529 preces
908 1447 1070 1529 disputant,
1103 1466 1160 1511 nos
1180 1449 1255 1511 nihil
1274 1467 1397 1512 moran·

126 1557 184 1611 tur:
206 1567 278 1611 nam
300 1548 391 1612 hodie
413 1557 495 1611 extra
516 1549 749 1612 controversiam
772 1557 819 1613 est
836 1549 957 1614 sacerdo
978 1549 1099 1613 ineunte
1120 1559 1224 1631 quarto
1245 1559 1279 1614 ut
1292 1569 1398 1615 omncs

125 1651 210 1713 cilicii
233 1650 329 1713 divini
349 1659 450 1732 partes
472 1651 647 1725 seriberent,
669 1651 779 1714 multos
801 1650 969 1732 sumpsisse
991 1651 1149 1715 wantum:
1172 1652 1226 1715 sed
1248 1672 1282 1716 ea
1296 1653 1398 1734 paucis

125 1752 322 1833 percurrenda
350 1759 422 1815 sunt
451 1762 633 1833 argumenta,
661 1752 770 1832 quibus
793 1752 881 1815 trium
901 1752 1034 1833 priorum
1057 1754 1243 1817 sacculorum
1262 1753 1398 1836 liturgias

125 1853 153 1915 in
173 1866 233 1916 ore
250 1852 488 1927 ecclesiae,²non
508 1855 539 1917 in
560 1853 644 1917 libris
665 1862 797 1917 versatas
819 1853 939 1918 eludere
959 1863 1112 1918 conantur.

204 1955 341 2017 Primum
351 1954 484 2018 dubitant
496 1956 533 2019 de
547 1954 690 2035 singulari
705 1963 734 2018 et
748 1954 915 2019 incredibili
928 1956 1036 2018 virtute
1050 1955 1222 2019 memoriae.
1236 1954 1302 2017 lion
1316 1956 1398 2019 reri-

125 2056 220 2119 simile
242 2065 300 2132 est,
321 2056 498 2138 Episcopos,
520 2056 715 2138 Presbyteros
736 2055 783 2118 rel
795 2054 942 2120 Iliaconos
963 2074 1083 2138 semper
1104 2064 1134 2119 et
1154 2074 1260 2119 omnes
1282 2074 1317 2118 sc
1330 2055 1397 2120 sin-

127 2158 212 2237 qulos
233 2167 321 2239 atque
341 2157 452 2238 ubique
471 2157 606 2222 laconum
626 2165 706 2221 muta
728 2157 929 2220 memoriarel
943 2155 1067 2221 edentia
1080 2157 1232 2237 praeditos
1247 2157 1350 2232 luisse,
1363 2165 1399 2223 ut

128 2259 248 2321 divinos
280 2278 382 2323 omnes
408 2259 519 2335 libros,
550 2259 822 2323 lleiunctornm
850 2266 886 2321 et
916 2257 1096 2320 Virorum
1126 2257 1309 2339 Diptycha
1340 2277 1399 2327 nec

127 2378 191 2422 uon
211 2358 392 2424 Psalnorum
413 2361 649 2441 hymnorumque
671 2359 760 2423 rerba
781 2368 811 2422 et
836 2359 998 2423 sententies
1018 2359 1190 2422 memoriter
1203 2360 1324 2434 scirent,
1345 2367 1399 2423 aut

127 2460 233 2541 spiritu
264 2462 437 2542 prophetiae
470 2463 652 2542 scientiaque
673 2463 771 2525 inlusa
791 2460 915 2542 praediti
936 2461 985 2524 illa
1008 2461 1106 2523 omnia
1129 2480 1165 2524 ex
1190 2470 1325 2541 tempore
1344 2480 1396 2525 re·

127 2564 258 2625 citarent
303 2562 426 2624 Constat
457 2563 573 2638 deiude,
606 2563 792 2644 Presbyteris
818 2581 968 2642 nunquam
989 2561 1110 2625 licuisse
1130 2563 1250 2643 propria
1264 2562 1396 2626 auctori·

127 2672 193 2740 tate,
216 2682 280 2726 non
301 2663 458 2727 accedente
471 2664 688 2746 Episcoporum
710 2683 860 2728 consensu
880 2664 1028 2727 rationum
1054 2683 1235 2745 precumque
1254 2665 1396 2728 formulas

127 2765 261 2838 maxime,
285 2783 360 2844 quae
375 2765 524 2828 Canouem
534 2766 642 2829 hlissae
664 2775 856 2848 componunt,
878 2767 1034 2846 concipere
1050 2775 1078 2827 et
1092 2765 1123 2827 iu
1137 2766 1225 2828 llissa
1241 2785 1397 2846 usurpare,

127 2872 212 2948 alque
233 2876 392 2948 propterea
413 2868 612 2948 praescriptas
635 2867 671 2929 ab
686 2868 843 2948 Episcopis
864 2868 1005 2929 formulas
1027 2867 1074 2928 vel
1095 2885 1131 2928 ex
1152 2867 1217 2928 solo
1237 2867 1337 2932 auditu
1351 2868 1396 2930 rel

127 2969 296 3049 exscripto
319 2969 414 3048 aliquo
438 2987 487 3032 eas
509 2969 652 3032 memoria
673 2976 775 3031 tenere
796 2967 943 3032 dehebant
964 2978 994 3030 et
1014 2969 1064 3041 ita,
1086 2976 1118 3029 ut
1139 2968 1296 3048 perspicue
1310 2977 1397 3048 atque

125 3071 200 3133 facili
222 3069 344 3150 negotio
366 3070 492 3132 recitare
517 3071 597 3133 nullo
623 3068 782 3132 verborum
805 3088 896 3132 sensu
918 3070 1086 3161 immutato,
1110 3069 1163 3131 sed
1186 3077 1215 3132 et
1236 3069 1293 3131 alta
1314 3088 1396 3145 voce,

125 3181 156 3234 ut
178 3192 195 3233 a
218 3171 298 3233 fideli
320 3171 431 3252 populo
453 3172 547 3234 audiri
569 3179 694 3252 possent
715 3180 744 3233 et
765 3179 831 3251 apta
853 3171 941 3234 huius
964 3170 1162 3252 responsione
1185 3171 1285 3233 statim
1300 3170 1394 3234 aocla-

126 3275 210 3336 mari.
264 3272 459 3354 Presbyteros
496 3292 566 3336 vero
600 3292 704 3335 omnes
743 3280 822 3335 muta
855 3274 998 3337 memorie
1034 3273 1162 3335 valuisse
1190 3273 1297 3354 priscis
1326 3292 1395 3336 sae·

126 3376 209 3449 udis,
232 3374 260 3435 is
282 3373 369 3435 nobis
393 3373 539 3449 suadebit,
560 3375 609 3453 qui
624 3383 757 3437 naturam
772 3374 929 3437 humanam
944 3375 1127 3438 immutatam
1144 3375 1237 3438 luisse
1252 3384 1281 3437 et
1295 3375 1395 3437 homi·

126 3496 194 3539 num
217 3493 320 3538 mores
341 3474 461 3555 penitus
481 3475 657 3555 penitusque
678 3484 805 3555 quatuor
826 3477 1011 3539 saeculorum
1034 3477 1160 3539 decursu
1175 3485 1252 3539 taum
1267 3476 1396 3538 nonmte

126 3578 309 3641 abalienatos
344 3576 538 3639 demonstrat
589 3577 705 3639 Scimus
743 3576 822 3639 enim
858 3597 936 3640 anno
966 3581 1024 3642 541
1063 3577 1208 3658 quosdam
1243 3564 1401 3638 exstitisse*

126 3699 185 3743 non
207 3679 413 3761 Presbyterum
450 3679 504 3740 sed
536 3686 566 3739 et
593 3678 770 3759 Episcopus,
802 3679 851 3758 qui
874 3687 953 3741 tanta
976 3679 1142 3760 ignorantia
1163 3678 1340 3750 laborarent,
1362 3685 1397 3739 ut

125 3782 214 3846 etiam
246 3782 325 3843 inter
357 3799 410 3843 eos
442 3780 653 3855 invenirentur,
687 3779 735 3861 qui
769 3799 823 3842 nec
848 3780 944 3860 ipsam
972 3782 1017 3844 rel
1045 3780 1162 3861 quidem
1192 3787 1396 3841 sacrosanctae

125 3882 285 3947 oblationis
308 3881 351 3944 rel
374 3882 513 3962 baptismi
536 3883 701 3945 orationem
715 3890 848 3944 tenerent
859 3889 909 3943 aut
920 3881 1039 3956 scirent,
1062 3892 1096 3944 ut
1107 3880 1239 3960 loquitur
1253 3879 1394 3944 iustinia-

125 4005 180 4048 nus
204 3984 320 4046 novella
342 3985 427 4063 372)

211 4175 235 4229 ll
254 4172 388 4239 Bobmer
405 4171 422 4221 1.
434 4186 455 4222 e.
472 4186 497 4236 p.
509 4170 607 4237 lbdsq.
623 4170 733 4221 relnurit
750 4170 916 4230 Binlerimum,
934 4171 975 4235 qni
992 4170 1131 4222 heremanni
1150 4168 1336 4234 disputationem
1349 4180 1395 4217 no·

126 4261 157 4308 ris
174 4261 242 4309 sunit
258 4256 394 4309 rationibus
411 4255 498 4317 „zuar
514 4254 605 4315 mon'u
620 4254 734 4305 dinterim
745 4254 842 4307 hanla.
852 4256 889 4316 lv,
901 4256 923 4315 l,
934 4253 1000 4306 241:
1019 4254 1071 4316 „lm
1082 4253 1106 4305 2.
1116 4255 1164 4304 nnd
1180 4253 1205 4304 3.
1216 4249 1395 4302 lnhrhnndcrt“

128 4344 186 4395 habe
204 4343 268 4405 „der
284 4332 426 4404 litnrghche
444 4340 512 4391 liitns
529 4341 564 4391 oit
581 4338 692 4391 mebrerc
710 4340 837 4390 stunueu‘
855 4341 978 4403 qedcuert,
1004 4339 1105 4400 „mitlrin
1124 4339 1190 4388 scien
1209 4338 1269 4387 auch
1288 4336 1331 4386 der
1348 4336 1396 4388 Ge·

128 4427 285 4479 lebiomeln
310 4425 422 4477 mehrere
445 4438 563 4487 genesen.
598 4423 674 4474 Wenn
694 4439 748 4475 men
767 4425 858 4476 hierbei
876 4452 908 4463 —
927 4425 1043 4485 hedenis,
1067 4423 1123 4475 dass
1141 4424 1200 4473 riele
1218 4422 1329 4473 bischele
1347 4418 1395 4470 und

128 4510 284 4577 Presbyteren
308 4510 353 4560 der
375 4517 456 4561 ersten
473 4508 526 4560 holt
548 4508 617 4560 leine
635 4508 756 4572 Gelehrte,
778 4509 885 4561 rondern
902 4510 1033 4574 einlhltiqe,
1056 4508 1144 4572 heilige
1162 4507 1260 4560 Manuos
1276 4518 1397 4571 genesen,
