3044 4912
807 221 855 296 32

192 435 225 498 p.
248 416 297 489 18,
330 414 459 476 insertas
491 407 599 490 quibus
631 407 700 470 inde
733 426 750 470 a
783 407 901 470 saeculo
934 406 1066 470 secundo
1089 414 1118 469 et
1140 406 1240 480 tertio,
1268 405 1359 470 veluti
1381 409 1471 470 stetis

194 526 227 580 et
248 513 444 578 sollemnibus
473 511 517 574 uti
545 507 675 572 assuevit
702 526 735 571 ea
764 504 950 589 metropolis,
981 509 1017 571 ad
1051 526 1140 588 quam
1173 508 1303 571 officium
1337 508 1472 572 divinum

193 618 334 699 pertinet
355 614 394 677 Ut
408 611 573 691 exemplum
587 612 718 683 aiteram,
741 608 872 689 Liturgia
887 610 918 672 S.
933 610 1022 672 hlarci
1044 610 1075 670 in
1091 608 1321 673 consecratione
1342 621 1470 692 aposto-

192 719 259 795 lica,
281 718 313 781 in
333 714 456 795 reliquis
477 711 621 793 partibus,
643 711 741 792 quoad
769 712 942 792 conspirant
969 729 1036 773 oum
1062 711 1264 774 vetustissima
1293 711 1342 774 illa
1363 711 1469 809 blissa,

195 819 327 884 ostendit
347 817 423 879 ritus
445 812 669 887 Alexandrinos,
690 813 810 893 liturgia
832 814 864 875 S.
887 812 985 874 lacobi
1007 811 1294 892 hierosolymitanos
1316 831 1344 876 o.
1366 833 1395 876 a.

248 947 253 976 t
280 920 384 982 Restat
403 933 472 996 pars
492 913 626 993 liturgiae
646 913 768 988 novitia,
789 933 894 995 preces
920 932 994 994 quae
1017 921 1122 994 postea
1152 922 1351 988 accesserunt,
1376 933 1469 995 prae·

194 1022 299 1086 sertim
330 1021 361 1082 in
393 1016 515 1079 exordio
548 1015 656 1077 missae
688 1025 718 1078 et
751 1016 815 1078 eius
850 1016 1060 1096 peroratione,
1099 1015 1168 1077 dein
1203 1015 1376 1097 Diptychuiv
1411 1034 1468 1096 pe·

193 1123 309 1186 riodus.
338 1119 455 1182 Etenim
477 1118 553 1179 hanc
575 1135 609 1178 ea
630 1117 746 1179 ratione
768 1117 962 1180 continuavit
983 1116 1121 1196 scriptor,
1145 1136 1202 1197 qua
1223 1117 1320 1198 ipsius
1333 1126 1470 1198 tempore

193 1222 373 1288 renitebatur
393 1220 425 1281 in
446 1216 591 1280 ecclesiis.
633 1220 724 1282 Recte
745 1218 916 1300 agnoscitur
937 1237 973 1278 er
994 1217 1052 1279 hoc
1072 1218 1202 1281 novitate
1222 1228 1316 1294 aetas,
1349 1237 1407 1299 qua
1427 1216 1467 1281 li-

89 1352 96 1363 ·
192 1325 324 1405 turginrs
346 1321 421 1383 liber
442 1319 535 1381 literis
556 1318 712 1381 mandatus
733 1317 783 1390 sit,
805 1320 857 1382 sed
880 1319 959 1400 quud
982 1319 1086 1381 attinet
1100 1319 1137 1381 ad
1150 1320 1330 1400 reliquarum
1344 1339 1468 1402 precum

195 1427 351 1507 originem,
373 1421 453 1484 nulla
474 1419 627 1482 conclusio
649 1426 705 1481 est.
713 1419 735 1496 ¹)

280 1525 364 1599 Quae
391 1540 499 1603 suprae
526 1520 723 1583 disseruimus
750 1521 840 1583 simul
872 1523 1032 1585 ostendunt
1062 1530 1195 1584 nostram
1229 1524 1409 1587 sententiam
1430 1524 1469 1587 de

193 1625 393 1706 biturgiarum
414 1623 598 1685 auctoritate.
642 1621 718 1683 Sunt
740 1623 818 1684 enim
841 1623 871 1684 in
900 1623 1038 1703 precibus
1060 1642 1136 1703 quae
1157 1625 1284 1688 arctiore
1306 1644 1399 1689 sensu
1421 1626 1469 1689 di-

195 1737 302 1792 cuntur
323 1724 544 1796 eucharisticae,
566 1722 746 1802 apostolicae
768 1724 946 1786 sinceritatis
968 1734 1176 1801 monumenta;
1207 1727 1237 1789 in
1259 1726 1326 1789 aliis
1353 1728 1470 1789 oratio-

194 1830 281 1893 nibus
313 1825 457 1908 praebent
486 1824 555 1887 fidei
588 1824 765 1887 christianae
798 1825 970 1889 firmissima
1002 1835 1031 1887 et
1064 1827 1252 1890 sanctissima
1283 1830 1470 1892 testimonia.

194 1929 335 2011 Diptycha
364 1936 394 1990 et
424 1946 499 2007 quae
527 1935 716 1989 accesserunt
742 1927 918 2007 praesertim
941 1929 973 1989 in
995 1928 1116 1989 exordio
1138 1929 1245 1991 blissae
1268 1948 1295 1992 e.
1317 1949 1346 1992 a.
1368 1930 1471 1994 multis

193 2033 317 2096 ondiunt
337 2029 536 2093 recentiorum
559 2037 726 2108 temporum
749 2037 924 2103 commenta,
947 2029 1037 2090 variis
1060 2030 1258 2092 contaminata
1273 2032 1470 2113 superstitio-

192 2134 297 2199 nibus:
319 2141 353 2195 ut
373 2130 461 2194 nobis
482 2129 587 2209 placet,
611 2136 641 2190 et
662 2129 735 2191 haec
755 2137 902 2191 testantur
923 2130 1139 2209 provectiorem
1162 2130 1315 2207 ecclesiae,
1343 2141 1471 2196 aetatem

117 2260 120 2265 ’
194 2255 316 2315 eamque
338 2233 500 2306 Athanasii,
523 2230 689 2311 Augustini,
712 2229 916 2311 Chrysostomi
938 2231 1097 2295 luminibus
1118 2232 1334 2311 illustratam.²)

193 2391 500 2408 ——--———

281 2491 304 2542 ll
323 2487 408 2536 Mons
426 2485 442 2534 l.
456 2502 476 2535 c.
496 2501 518 2549 p.
532 2485 565 2534 tu
584 2483 645 2543 „ilie
663 2482 785 2546 liturgien
805 2485 848 2534 des
866 2493 945 2534 ersten
955 2486 1130 2537 Jahrhunderts
1148 2487 1243 2537 werden
1262 2501 1323 2538 zvar
1340 2487 1396 2536 dem
1415 2489 1471 2538 hei-

193 2573 257 2636 ligen
276 2573 369 2631 Petrus,
386 2570 492 2618 Jalohus
511 2568 558 2617 und
577 2567 671 2617 Mariae
690 2567 886 2630 augesrhriehen,
905 2569 958 2619 siud
979 2570 1037 2620 aher
1054 2572 1077 2620 in
1097 2572 1161 2621 ihrer
1177 2573 1280 2635 jetaigeu
1293 2554 1387 2623 G'estalt
1402 2573 1471 2624 nicht

193 2671 238 2707 ron
258 2657 339 2705 ihneu.
374 2655 408 2704 Zu
428 2654 530 2714 langueo
548 2653 580 2711 ist
597 2667 623 2701 es
642 2652 716 2711 nicht,
734 2652 790 2701 dass
808 2669 834 2702 es
852 2664 895 2702 zur
913 2655 963 2703 Zeit
978 2658 1049 2717 jener
1067 2656 1173 2719 lleiligen
1191 2657 1314 2719 Litargien
1339 2658 1394 2720 gab,
1420 2659 1470 2708 and

194 2741 250 2790 dass
275 2740 313 2788 die
332 2738 443 2796 llirchen,
466 2736 557 2786 welche
575 2750 619 2785 ron
638 2737 709 2785 ihnen
729 2737 834 2798 gestiitet
851 2738 957 2798 worden,
982 2740 1020 2790 die
1038 2741 1142 2802 liturgic
1160 2741 1225 2792 ihrer
1243 2742 1356 2793 Grhudor
1372 2743 1469 2806 belolg·

193 2833 242 2874 teu.
278 2823 340 2871 lber
359 2822 402 2871 der
420 2822 584 2873 Gottesdienst
608 2821 689 2870 wrrrde
708 2822 750 2870 mit
768 2820 822 2870 dem
841 2823 993 2873 odsutlichen
1012 2826 1134 2875 duitreteu
1152 2826 1195 2876 des
1214 2827 1412 2878 Christenthums
1430 2843 1469 2879 er-

192 2909 293 2968 weitert,
312 2906 418 2957 dadurch
437 2905 553 2957 erhielteu
572 2906 609 2957 die
627 2906 748 2967 Liturgien
767 2906 866 2955 Zusttze
885 2908 999 2957 mancher
1016 2911 1065 2969 hrt,
1091 2925 1118 2959 so
1140 2911 1197 2959 dass
1215 2911 1250 2959 sie
1270 2913 1313 2961 mit
1331 2913 1469 2977 interpola-

193 2993 275 3042 tionen
294 2976 426 3041 tiberiades
444 2989 525 3040 siud.“
560 2990 641 3040 Nostri
660 2992 766 3039 muueris
786 2998 829 3040 ent
848 2991 908 3039 inira
927 2984 1062 3054 siguiil'oare
1080 3004 1104 3044 et
1121 2995 1268 3059 spostolicae
1286 2995 1470 3062 liturgiaepar·

193 3085 244 3137 tes,
257 3083 281 3127 et
298 3077 369 3125 triam
388 3076 496 3140 priorum
514 3075 664 3124 saecolorum
684 3075 834 3135 traditiones,
852 3074 955 3139 denique
972 3077 1064 3127 saeculi
1081 3079 1158 3142 quarti
1176 3086 1200 3128 et
1212 3081 1288 3144 quinti
1305 3082 1470 3133 accessiones.

278 3160 303 3222 l)
329 3159 406 3209 Adeas
425 3160 648 3209 llenaldotium
675 3159 791 3221 singulari
814 3161 891 3224 capite
915 3162 944 3210 de
970 3162 1123 3223 liturgiarum
1141 3165 1283 3215 auctoritate
1301 3165 1469 3230 disputantem

192 3244 375 3297 lithl-Lllll.
410 3243 722 3306 enuticusunus:
749 3245 860 3303 Quamvis
885 3255 964 3296 autem
988 3260 1073 3297 omnes
1096 3245 1140 3295 hae
1164 3246 1274 3311 liturgias
1302 3250 1333 3299 ab
1358 3252 1390 3301 iis
1409 3266 1468 3301 eon-

193 3330 345 3393 conscriptae
364 3328 426 3377 haud
445 3330 501 3388 sint,
525 3341 627 3391 quorum
646 3328 742 3377 nomina
761 3330 909 3400 praeierant,
926 3332 1041 3381 maximae
1060 3338 1138 3380 temen
1156 3333 1306 3383 auctoritatis
1326 3350 1369 3385 eas
1388 3352 1469 3395 nemo,

193 3414 234 3477 qui
253 3415 324 3477 sapit,
344 3412 485 3462 dubitaverit
503 3426 556 3460 cum
576 3412 621 3460 iam
641 3412 814 3477 antiquissimis
833 3414 982 3480 temporibus
992 3417 1015 3464 in
1030 3414 1144 3464 ecclesias
1155 3414 1320 3479 Orientalibus¹
1328 3422 1469 3486 praecipuis

179 3498 282 3548 'luerint
309 3499 417 3547 usitatae.
453 3496 487 3544 lta
510 3494 630 3557 liturgiam
648 3497 729 3548 lacobi
753 3513 807 3548 esse
825 3499 1074 3562 hierosolymitanam,
1093 3498 1163 3548 ldarci
1181 3499 1376 3591 Alexaarlffnaan,
1406 3506 1469 3557 Petri

192 3581 323 3632 Romanam
350 3578 383 3641 (i)
408 3588 478 3645 atque
502 3580 539 3628 his
559 3580 582 3629 in
601 3581 708 3631 ecclesiis
727 3583 820 3647 pridem
839 3584 935 3633 easdem
955 3582 1061 3645 singulas
1090 3582 1224 3634 obtinuisse
1241 3584 1340 3647 iamiam
1360 3590 1468 3641 indicare

194 3669 327 3731 coepimus.
364 3666 449 3725 Quod
474 3678 546 3713 aero
571 3666 597 3714 si
617 3666 662 3715 ita
681 3675 728 3716 ast
746 3676 897 3754 apparet,
924 3667 1004 3716 haud
1023 3668 1208 3730 spernenda
1227 3671 1361 3755 oxmnino
1381 3690 1469 3736 esse,

193 3765 276 3815 quoe
304 3767 336 3800 ei
361 3751 452 3800 hisce
478 3748 698 3815 liturgiispru
718 3752 782 3801 ilde
800 3751 920 3801 veteris
938 3750 1100 3800 ecclesiae
1118 3750 1352 3817 depromantur
1371 3774 1469 3822 argu-

192 3843 303 3885 menta.
337 3835 434 3884 Neale
452 3834 541 3883 Tetral.
553 3834 597 3883 hit.
615 3850 638 3897 p.
652 3836 722 3885 xxv:
748 3835 797 3885 Nec
814 3836 868 3885 ideo
887 3834 916 3883 ab
935 3834 1051 3898 apostolis
1070 3850 1171 3898 quorum
1190 3852 1248 3901 prae
1266 3854 1293 3888 se
1313 3845 1413 3893 nomina
1432 3844 1469 3894 ie-

191 3929 248 3968 runt
266 3921 413 3983 compositas
432 3920 506 3968 luisse
524 3933 634 3968 asserere
652 3921 703 3968 ausi
722 3920 853 3968 fuerimus:
873 3927 897 3968 at
914 3919 1065 3968 traditionem
1085 3919 1114 3968 ub
1133 3921 1161 3969 iis
1180 3932 1300 3986 receptam
1321 3940 1434 3978 servasse
1446 3937 1470 3978 et

192 4003 362 4067 amplilicasse‚
387 4003 466 4064 veluti,
493 4000 595 4052 melodia
619 4003 702 4052 eadem
727 4010 846 4064 manente,
878 4004 1017 4052 innumerae
1043 4002 1098 4052 iudo
1125 4013 1228 4068 possunt
1246 4010 1303 4058 oriri
1325 4011 1469 4064 harmoniae

192 4087 352 4137 iuileriones.¹
1422 4125 1425 4131 ·
