3044 4912
142 1797 246 1861 Portio
274 1799 338 1863 luc
368 1800 495 1862 mittitur
525 1800 555 1861 in
584 1799 716 1871 calicem,
747 1798 891 1879 particula
913 1799 963 1861 XC
985 1801 1014 1862 iu
1039 1799 1249 1863 communione
1272 1799 1332 1862 cie-

53 1897 189 1961 ricorunr
213 1901 385 1981 porrigitur,
417 1900 546 1981 denique
568 1911 670 1982 partes
692 1899 731 1962 Ni
755 1911 783 1963 et
807 1900 853 1962 ΚΑ
878 1909 1066 1964 reservantur
1088 1901 1124 1963 ad
1149 1898 1334 1963 communio-

57 2018 129 2063 nem
153 2003 321 2065 accessuris
344 2023 359 2065 e
382 2002 479 2065 iaicis.

143 2108 180 2164 ut
208 2114 345 2185 superest
374 2104 448 2166 mira
478 2121 512 2165 ac
535 2102 695 2182 singularis
718 2102 898 2164 Graecorum
922 2101 1121 2165 caerimonia:
1155 2121 1250 2182 aquae
1272 2103 1332 2164 ser·

56 2202 145 2265 vidae
174 2223 240 2267 curu
268 2206 338 2268 rino
373 2213 549 2269 consecrato
584 2203 767 2267 commixtio.
811 2203 848 2266 dt
879 2205 904 2265 si
934 2204 984 2266 aiii
1014 2203 1142 2264 ministri
1172 2202 1331 2277 defuerint,

56 2302 209 2368 iiiacouus
236 2309 357 2369 urceolo
387 2326 481 2370 aeneo
510 2306 570 2386 igni
600 2306 644 2368 ret
674 2323 761 2368 cereo
791 2304 907 2368 ardenti
936 2305 1056 2367 admoto
1084 2321 1149 2366 eam
1179 2304 1331 2385 disponite

56 2404 110 2466 ubi
134 2407 230 2468 maior
252 2419 298 2470 est
321 2408 526 2470 ministronrm
549 2404 645 2488 copia,
667 2398 849 2487 καμισᾶτοι
869 2409 897 2480 (a
916 2405 1003 2468 iiueis
1019 2395 1095 2467 albis
1110 2424 1134 2466 s.
1148 2405 1270 2468 canisiis
1286 2405 1329 2467 di·

57 2506 113 2580 cti)
143 2507 320 2572 calefaciunt
349 2528 456 2590 aquarn
486 2509 517 2569 iu
541 2508 712 2570 Diaconico.
757 2508 860 2570 Varias
882 2508 1009 2570 atterunt
1031 2505 1219 2570 Rubricistae
1241 2506 1331 2570 huius

56 2608 136 2670 ritus
159 2628 264 2671 causas
287 2620 317 2672 et
338 2629 456 2672 sensus.
486 2610 537 2671 Vel
560 2609 745 2688 significatur
767 2611 888 2688 sanguis
911 2627 978 2671 cum
1002 2628 1077 2690 aqua
1095 2608 1189 2671 calida
1206 2627 1222 2670 e
1237 2608 1332 2671 latere
1430 2636 1433 2644 ¹

58 2709 171 2772 Christi
194 2711 357 2791 profluens,
380 2711 425 2772 vel
438 2711 569 2791 Spiritus
586 2713 722 2784 Sanctus,
746 2711 796 2792 qui
821 2712 908 2773 etiam
933 2730 1008 2791 equa
1026 2711 1136 2772 dicitur
1146 2721 1175 2772 et
1191 2718 1330 2791 tanquam

57 2811 139 2892 ignis
169 2812 198 2874 in
227 2812 393 2891 discipulos
422 2812 530 2875 Christi
562 2812 696 2893 dilapsus
724 2814 873 2892 apparuit.
918 2811 954 2872 Et
986 2828 1062 2891 quae
1095 2811 1228 2873 secundo
1261 2811 1329 2887 loco

58 2923 293 2976 commemorata
323 2923 370 2976 est
397 2913 616 2993 interpretatio,
649 2912 719 2975 huic
747 2913 813 2974 sine
844 2911 936 2973 dubio
959 2911 1164 2991 patrocinetur
1185 2911 1330 2974 formulae
1361 2948 1368 2959 ν

58 3014 89 3075 in
115 3014 326 3077 commixtione
348 3033 442 3095 aquae
466 3014 608 3094 prolatae.

146 3149 219 3230 Cap.
241 3148 354 3212 XXXV.
399 3148 616 3211 commuuio
653 3147 758 3210 cieri.
802 3146 948 3227 Perquam
985 3146 1144 3209 laudabitis
1181 3147 1329 3210 ecciesiae

59 3248 192 3312 Graecae
214 3249 374 3331 disciplina
399 3250 543 3332 exposcit,
572 3258 604 3310 ut
631 3248 662 3310 iu
686 3266 862 3329 quacunque
885 3249 986 3323 missa,
1015 3249 1132 3311 etiamsi
1155 3249 1329 3312 desideren-

58 3359 110 3413 tur
128 3351 250 3413 Domini
283 3352 425 3414 convivae
448 3373 464 3415 e
491 3350 635 3412 laicorum
667 3368 801 3421 numero,
834 3349 929 3413 sacris
958 3351 1139 3431 participent
1170 3351 1329 3424 Diaconos,

57 3452 183 3514 omnino
206 3450 308 3514 clerici
332 3451 472 3526 ministri,
502 3451 552 3533 qui
575 3449 745 3513 adstiterint
767 3451 947 3513 Celebranti.
991 3450 1176 3513 Sacramenti
1198 3451 1329 3531 particu-

58 3552 118 3616 lam
141 3550 311 3635 suscepturi
331 3572 448 3616 manum
471 3552 623 3616 sinistram
646 3552 765 3614 dextrae
789 3552 818 3614 iu
841 3552 962 3613 modum
985 3551 1084 3614 crucis
1107 3551 1274 3631 imponunt,
1296 3558 1331 3614 ut

58 3673 125 3717 cem
148 3673 219 3718 cara
240 3655 307 3717 vola
329 3654 516 3718 contineant:
546 3673 673 3735 moxque
695 3653 815 3717 dextera
839 3652 964 3716 firmiter
986 3651 1104 3715 occlusa
1128 3650 1330 3732 precibusque

57 3756 190 3837 praeriis
212 3755 358 3828 recitatis,
381 3755 515 3818 oricum
537 3772 643 3834 magna
667 3755 781 3818 cautela
805 3756 973 3818 admovent.
1016 3753 1080 3818 Una
1102 3768 1207 3815 omnes
1230 3763 1261 3815 et
1277 3773 1329 3815 eo-

57 3857 127 3920 dem
156 3867 292 3938 tempore
313 3857 423 3920 Christi
451 3856 571 3938 corpori
600 3855 791 3937 participant
836 3856 985 3920 Sacerdos
1008 3852 1162 3918 celebrans
1184 3853 1230 3916 rel
1253 3873 1330 3936 pon·

58 3959 131 4022 tifex
153 3960 185 4021 in
208 3958 308 4022 medio
330 3957 425 4030 altari,
447 3956 498 4018 alii
521 3958 693 4020 secerdotes
717 3957 747 4018 in
770 3955 872 4020 aitaris
895 3957 1032 4029 circuitu,
1055 3965 1135 4018 retro
1151 3955 1244 4017 attare
1259 3956 1329 4018 [iia-

57 4079 164 4123 conus.
208 4058 352 4139 Sanguiui
375 4077 494 4140 quoque
517 4058 764 4121 communicaturi
787 4057 893 4120 ordine
916 4058 1092 4139 procedunt,
1116 4056 1209 4120 calice
1225 4058 1328 4120 altaris

56 4161 90 4223 in
118 4159 219 4224 medin
248 4159 428 4224 celebrantis
451 4179 539 4223 mann
562 4159 683 4242 paulum
705 4158 859 4233 inclinato,
889 4179 924 4224 ex
946 4178 1005 4240 quo
1027 4158 1179 4221 hausturie
1202 4176 1328 4221 necesse

57 4271 117 4336 est,
144 4262 263 4326 modice
291 4279 385 4341 genua
415 4262 579 4324 inflectere.
624 4261 684 4325 Ter
712 4270 809 4323 autern
840 4260 965 4340 quilibet
993 4279 1028 4323 ex
1056 4279 1092 4323 eo
1115 4259 1204 4340 sugit,
1232 4259 1330 4340 quaii-

55 4364 110 4427 bet
138 4365 206 4427 rice
239 4382 326 4426 uuam
355 4365 385 4426 S.
409 4362 566 4425 Trinitatis
593 4381 752 4444 personam
786 4363 956 4441 appellans:
995 4355 1044 4437 εἰς
1068 4357 1107 4426 τὸ
1134 4350 1241 4441 ὄνομα
1268 4362 1329 4425 τοῦ
