3044 4912
713 258 781 331 151

699 433 737 504 ‘0
757 434 849 516 λαός.

195 541 277 615 Καὶ
302 538 419 637 μετὰ
445 547 526 615 τοῦ
552 535 816 630 πνεύματός
843 566 936 616 nov.

660 668 698 741 ‘⁰
717 669 832 758 iarelo

186 779 292 852 ’Ἀνω
318 776 447 873 ἡμῶν
470 775 549 859 τὰς
574 774 783 876 καρδίας.

131 1068 209 1102 nonum
228 1067 304 1114 genus
322 1052 444 1112 beneflcio,
463 1064 516 1101 cnm
534 1051 663 1112 gratiarnm
682 1052 775 1101 actione
793 1053 932 1115 recitantur,
952 1068 1026 1118 nsque
1044 1055 1073 1105 ed
1086 1055 1197 1119 hymnum
1211 1057 1380 1121 cherubicum,

129 1138 223 1186 Sanctus.
258 1136 384 1185 Bresiores
406 1144 462 1186 sunt
485 1134 613 1200 aliquando
632 1135 754 1193 orationes
772 1135 836 1197 illue,
861 1137 979 1188 interdum
997 1140 1150 1204 prolixiores,
1173 1142 1257 1192 sedin
1276 1143 1319 1193 ista
1338 1160 1379 1193 so·
1406 1148 1409 1154 '

127 1222 235 1270 lnnmodo
254 1221 368 1282 Litnrgia‚
392 1228 440 1269 tam
459 1221 548 1271 Graeca
567 1234 638 1284 qnam
656 1219 814 1281 elucidamus,
839 1237 909 1286 qnam
928 1223 1036 1287 Coptica,
1055 1226 1213 1290 interponitur
1230 1226 1306 1276 series
1324 1242 1379 1276 ore-

126 1308 203 1355 tiouum
227 1320 272 1368 pro
297 1304 407 1353 omnibus
431 1312 455 1353 et
478 1304 508 1354 de
526 1304 651 1354 omnibns:
675 1313 725 1355 tum
744 1305 856 1369 lliptpche
874 1307 1010 1358 recitantur.
1046 1309 1122 1359 lisine
1139 1309 1280 1374 disciplinee
1299 1325 1379 1361 erem·

75 1380 77 1397 '
124 1391 187 1454 plum,
211 1391 257 1438 etsi
281 1391 305 1439 in
324 1389 421 1438 Oriente
445 1386 604 1449 rarissimum,
627 1388 796 1439 subministrat
812 1397 891 1442 temen
910 1392 992 1442 Canon
1011 1393 1116 1456 Latinus,
1142 1395 1182 1459 qni
1201 1397 1285 1445 eedem
1303 1398 1379 1446 ierme

124 1476 198 1539 rapite,
225 1474 270 1523 sed
292 1473 432 1522 brevissime
455 1473 628 1538 persequitur·
651 1473 716 1523 inter
733 1475 802 1524 istam
822 1491 876 1527 vero
895 1485 918 1527 et
936 1477 1060 1544 Coptieem
1076 1478 1206 1541 liturgiam
1225 1479 1275 1531 lere
1293 1480 1379 1531 diacri-

123 1574 167 1608 uen
184 1567 229 1618 est,
248 1557 312 1623 quod
330 1558 354 1607 in
372 1559 470 1618 Graeca,
489 1558 588 1608 Diaconi
605 1559 677 1608 serbe
694 1566 722 1612 et
735 1560 883 1612 hortationes
901 1563 931 1612 ed
950 1563 1076 1624 orandum,
1100 1565 1241 1615 omittuntur
1259 1573 1284 1615 ut
1302 1568 1379 1615 notis-

122 1645 200 1694 simae:
219 1644 242 1693 in
262 1642 336 1691 altera
355 1642 530 1692 deseribuntur.
564 1641 697 1692 Neellus
716 1644 778 1695 Tetr.
798 1646 841 1695 Lit.
861 1662 883 1711 p.
896 1646 959 1697 250:
985 1648 1071 1713 incipit
1095 1650 1236 1699 intercessio
1260 1649 1379 1712 generalis

122 1743 157 1792 pre
178 1728 236 1778 riuis
260 1734 285 1776 ιι
308 1727 434 1777 deiunctie.
469 1727 503 1776 ida
527 1727 639 1778 omnihus
663 1728 766 1790 liturgiis
790 1731 924 1780 communis
949 1740 992 1791 eet,
1014 1746 1148 1797 quanquam
1168 1733 1260 1783 direreu
1278 1742 1380 1798 occupat

122 1811 172 1862 lore.
208 1814 317 1872 Quetnor
341 1827 427 1876 nempe
445 1820 523 1862 tenet:
549 1811 572 1861 l.
590 1812 655 1862 inter
671 1813 844 1864 invocationem
862 1815 964 1879 Spiritus
983 1817 1063 1867 Sancti
1081 1825 1105 1866 et
1122 1819 1256 1868 orationem
1275 1818 1379 1868 domiui-

123 1912 179 1948 raue:
204 1911 268 1962 quae
285 1897 354 1961 quasi
371 1895 453 1958 regule
472 1904 510 1946 est
526 1896 652 1946 ecclesiae.
689 1897 849 1960 liturgicus.
868 1900 1042 1963 chrysostomi,
1064 1901 1089 1950 S.
1108 1901 1197 1963 Basilii,
1223 1910 1246 1952 et
1262 1906 1381 1952 ermeno·

122 1996 174 2044 rem,
192 1982 350 2042 clementina,
368 1981 524 2046 qnadraginta
541 1982 784 2046 Syro-lecohitarnm,
803 1984 865 2033 duee
882 1984 1142 2048 Copto-lacobiternm,
1161 1993 1184 2035 et
1200 1986 1261 2035 ritna
1272 1985 1380 2035 Morere·

122 2066 180 2117 licus
202 2069 228 2117 in
251 2069 316 2117 hunc
339 2074 446 2116 tenorem
472 2066 661 2117 conformentur.
695 2066 718 2116 2.
736 2066 796 2116 inte
813 2067 882 2116 reihe
902 2070 1068 2132 institutiouie;
1092 2076 1119 2120 ιιι
1135 2069 1223 2120 iu‘hao
1240 2070 1335 2130 liturgia
1352 2069 1378 2120 S.

122 2149 192 2212 larci,
214 2167 325 2225 aquense
349 2151 378 2201 eb
397 2166 424 2200 ee
442 2151 560 2212 originem
577 2151 676 2213 ducunt,
700 2153 724 2201 in
743 2151 837 2215 liturgia
856 2152 880 2201 S.
899 2152 981 2216 cyrilli
1001 2154 1107 2217 Coptica,
1131 2159 1155 2203 et
1172 2166 1264 2203 canone
1281 2146 1379 2203 tethd-

125 2235 177 2299 piee.
209 2236 233 2286 3.
259 2237 347 2285 Partim
367 2245 445 2295 antea,
469 2237 557 2300 pertiur
580 2251 634 2285 rero
659 2243 715 2299 post
737 2236 806 2284 rerba
831 2237 1001 2287 institutionis:
1025 2246 1051 2287 nt
1068 2239 1092 2287 in
1111 2237 1212 2299 liturgiis
1231 2237 1336 2287 {lomene
1355 2245 1379 2287 et

75 2332 77 2383 ξ
125 2317 280 2371 inhroeiene:
300 2320 387 2384 quihus
404 2319 460 2369 eddi
478 2327 559 2384 potest
575 2320 666 2370 Graece
683 2319 709 2369 S.
725 2320 814 2370 iacobi.
849 2321 872 2369 4.
898 2321 1049 2370 Ιιιιιιιιιιιι
1067 2322 1224 2372 institutionis
1242 2324 1378 2372 etinroee·

75 2395 78 2427 ²
125 2404 184 2455 heir
200 2406 305 2469 Spiritus
322 2405 416 2453 Sancti:
435 2404 499 2468 qnod
518 2405 594 2454 trihus
610 2405 808 2456 liestorienornm
826 2407 912 2454 oiticiis
930 2408 1055 2470 proprium
1073 2414 1118 2455 eat.

194 2490 247 2539 llas.
266 2490 395 2539 iliaconns.
412 2489 530 2550 decedito,
549 2490 649 2551 adstote,
668 2504 682 2538 o
700 2491 751 2550 riri,
770 2504 824 2541 cum
843 2499 957 2550 tremore,
976 2499 999 2540 et
1017 2491 1045 2541 ed
1065 2491 1187 2540 Orientem
1205 2491 1312 2553 aspicite.
1336 2492 1377 2540 tt·

128 2575 244 2624 tendamus.
280 2575 395 2638 l‘opulns.
424 2574 595 2636 llisericordia,
618 2588 663 2639 per
687 2584 710 2625 ιι
727 2576 870 2625 sacrificinm
890 2575 975 2625 landis.
1010 2575 1171 2637 Tereignum
1190 2576 1268 2624 mucis
1288 2574 1325 2623 hic
1343 2574 1376 2632 iit,

128 2661 212 2721 primurn
232 2677 246 2708 a
263 2659 394 2709 Sacerdote
411 2673 485 2723 snper
502 2675 529 2708 se
547 2659 642 2723 ipenm;
661 2659 767 2709 serundo
785 2676 859 2725 super
876 2660 995 2710 Diaconos
1014 2661 1192 2710 ministrantes:
1216 2659 1286 2708 tertio
1304 2672 1379 2722 snper

129 2747 234 2806 populum.
270 2743 397 2794 Sacerdos.
421 2744 685 2793 Dominuerobiscum.
721 2742 835 2809 Populus.
859 2745 887 2794 Et
905 2760 958 2795 enm
977 2746 1062 2810 spiritu
1082 2753 1131 2795 tuo.
1166 2744 1293 2794 Sacerdos.
1317 2743 1376 2792 Sur-

130 2829 261 2878 semlerete
285 2828 465 2878 cordavestra.
502 2828 615 2891 Populea.
644 2810 765 2879 Habemus
789 2831 818 2879 ad
837 2831 972 2880 [lominum.
1008 2831 1134 2881 Sacerdos.
1163 2830 1256 2879 Gratius
1279 2843 1377 2889 agemus

131 2907 173 2960 leo.
204 2914 318 2977 Pnpnlne.
345 2913 445 2974 [lignum
465 2921 488 2962 et
505 2914 594 2962 iustum
611 2921 655 2962 eet.
691 2914 818 2963 Sacerdos.
846 2914 946 2976 [iignum
966 2924 989 2963 et
1007 2916 1104 2973 instnm,
1132 2914 1228 2975 dignum
1247 2912 1376 2961 etinctum

131 3005 162 3055 est,
177 3013 226 3047 rere
245 3005 281 3047 est
299 2997 405 3058 dignum,
423 2999 574 3058 conveniens,
593 3000 766 3059 necessarium,
784 2999 880 3060 dignum
900 3007 923 3049 et
940 3001 1037 3057 iustum,
1056 2999 1156 3047 Domine
1166 2999 1206 3062 qni
1218 2997 1308 3055 existis,
1328 2995 1376 3045 llo·

131 3082 178 3129 nine
193 3084 254 3131 lleus
271 3097 335 3141 rere,
353 3083 393 3147 qui
412 3097 439 3132 ee
455 3090 509 3131 ante
527 3083 632 3143 eaecnle,
651 3097 755 3145 regnans
773 3099 849 3149 nsque
868 3085 890 3132 in
909 3092 1041 3144 aeternum,
1061 3083 1100 3147 qni
1119 3083 1143 3131 in
1162 3081 1263 3131 excelsis
1275 3080 1375 3137 habitas,

131 3171 146 3210 et
159 3165 246 3216 humilia
265 3167 376 3230 respicis,
394 3168 433 3230 qni
452 3168 538 3216 creasti
556 3168 649 3217 coelum
669 3176 693 3218 et
710 3177 807 3228 terrem,
825 3183 890 3218 mere
909 3177 932 3218 et
950 3170 1029 3217 omnia
1049 3182 1109 3232 qnae
1128 3167 1151 3216 iu
1171 3168 1205 3216 eis
1222 3172 1287 3224 sunt,
1306 3164 1376 3213 Peter

130 3243 204 3300 homini
221 3252 263 3300 liei
288 3260 309 3300 ιι
329 3252 457 3301 8ιΙιιιοιιι
482 3252 556 3302 nostri
575 3252 631 3303 iosu
648 3253 744 3312 Christi,
771 3254 811 3317 qni
836 3262 918 3303 cuncta
943 3254 1044 3303 risibilia
1069 3260 1092 3302 et
1115 3251 1241 3302 inuisibilia
1259 3264 1304 3313 per
1321 3261 1375 3298 cnm

131 3337 204 3393 creasti,
221 3335 309 3385 sedens
327 3351 401 3400 snper
419 3337 532 3387 thronum
551 3337 642 3398 glories
660 3344 723 3398 tuae,
743 3353 812 3401 quem
833 3339 933 3387 adorant
951 3353 1035 3387 omnes
1052 3344 1184 3401 potestates
1197 3344 1301 3385 sunctae.
1320 3333 1377 3382 Dia-

75 3420 77 3439 '
131 3428 193 3468 tonus.
211 3422 256 3479 Qui
275 3421 365 3470 sedetis
383 3423 480 3484 surgite.
516 3423 643 3472 Sacerdos.
671 3424 738 3472 Circa
757 3438 827 3486 quern
848 3424 982 3472 consistunt
998 3423 1081 3484 Angeli
1099 3431 1122 3470 et
1139 3420 1288 3481 Archangeli,
1308 3419 1375 3466 Prin·

75 3545 77 3551 .
130 3513 209 3565 topatus,
229 3507 371 3568 i'otestotes,
389 3508 487 3567 Tlrroni,
506 3508 695 3567 llominationes,
714 3509 824 3555 l'irtntes.
860 3508 986 3557 Diaconos.
1004 3507 1037 3555 nd
1057 3507 1179 3556 Orientem
1198 3504 1305 3566 aspicite.
1330 3502 1375 3548 Se-

75 3618 77 3631 .
129 3588 203 3639 terdos.
221 3592 246 3640 ln
266 3593 365 3641 circuitu
384 3594 446 3642 enim
466 3601 505 3642 tuo
524 3600 588 3642 stant
606 3592 745 3651 Cherubim,
764 3590 840 3639 oculis
858 3592 933 3654 pleni,
951 3599 973 3640 ιι
992 3591 1116 3654 Seraphim
1135 3604 1176 3637 ser
1194 3588 1239 3636 elis
1257 3578 1374 3645 instructi,

75 3664 77 3711 ἶ
128 3666 220 3731 hymnum
240 3676 331 3737 gloriae
349 3679 477 3726 concinunt
495 3678 658 3727 indesinenter
676 3677 796 3725 dicentes:
815 3675 929 3738 repulus.
948 3676 1059 3733 Sanctus,
1077 3675 1188 3741 Spnctue,
1207 3673 1307 3720 Sanctus
1326 3670 1374 3721 Dn-

75 3742 77 3759 '
127 3758 196 3808 ninus.
232 3761 302 3822 Greg.
321 3761 442 3811 Consueto
460 3764 609 3827 praclemine
627 3762 769 3826 praemisso.
788 3759 847 3807 llere
866 3761 962 3821 dignum
981 3768 1005 3808 et
1023 3742 1116 3808 ἰιιιιιιιιιΙ
1129 3766 1174 3816 ιιι,
1193 3754 1373 3813 eructandum,

126 3837 246 3893 benedicam
265 3846 317 3905 tibi,
336 3856 358 3894 et
371 3849 471 3896 serviam
491 3848 541 3906 tibi,
560 3847 707 3910 adoremqno
725 3853 748 3894 et
766 3844 896 3906 glorificem
915 3852 946 3903 te,
965 3845 1004 3907 qni
1024 3859 1050 3892 es
1069 3857 1139 3902 unus,
1157 3842 1233 3899 solus,
1252 3839 1316 3888 Dens
1334 3854 1374 3887 re-

125 3937 163 3985 tes,
179 3938 269 3978 amator
287 3930 420 3991 hominum,
439 3932 575 3994 inellabilis,
595 3932 728 3991 inuisibilis,
746 3929 1007 3994 incomprehensibilis,
1031 3929 1083 3976 sine
1103 3926 1230 3990 principio,
1254 3932 1374 3982 aeternus,

124 4009 164 4058 siue
185 4022 308 4079 tempore,
332 4016 560 4081 incircumscriptus,
586 4015 791 4078 ininvestigabilis,
816 4013 978 4072 immutabilis,
1003 4013 1102 4061 Creator
1126 4012 1241 4068 omnium,
1266 4007 1375 4058 Salretor

124 4097 231 4159 tmriom3
249 4101 289 4163 qui
309 4101 410 4149 remittis
429 4110 524 4165 peecata
542 4109 633 4158 nostra,
653 4103 693 4164 qui
712 4100 808 4149 redimis
828 4101 855 4147 ah
875 4099 970 4147 interitu
989 4097 1057 4146 vitain
1078 4104 1193 4155 nostram,
1213 4096 1251 4159 qui
1271 4105 1373 4143 coronas

124 4190 158 4228 tue
179 4184 200 4231 iu
225 4184 390 4233 misericordia
410 4193 433 4234 et
450 4185 653 4243 miserationibus.
689 4185 724 4234 Tu
743 4199 769 4233 os
789 4198 859 4247 quom
879 4183 975 4231 landant
993 4181 1084 4242 iuguli,
1110 4189 1132 4229 ιι
1150 4180 1250 4229 adorent
1267 4177 1373 4226 Archen-

125 4263 171 4326 ltli3
187 4277 211 4317 tn
230 4284 256 4317 es
275 4270 312 4317 cni
331 4269 475 4319 henedicnnt
492 4271 651 4334 Principatns,
670 4270 698 4318 ad
718 4285 788 4333 quem
808 4269 910 4318 clament
929 4267 1121 4326 dominationes:
1147 4274 1170 4313 tn
1190 4279 1215 4312 es
1234 4264 1301 4312 cuine
1319 4260 1373 4322 glo-

125 4346 170 4397 rium
193 4353 315 4403 celebrant
333 4354 479 4416 Potestates;
504 4363 527 4404 tu
547 4369 573 4403 ιι
591 4355 628 4404 cui
647 4355 738 4403 Throni
756 4369 851 4403 sursum
872 4354 964 4401 mittunt
983 4353 1082 4415 gloriam
1103 4359 1125 4399 et
1144 4352 1274 4400 honorem:
1297 4345 1372 4395 millia

124 4432 208 4485 millium
233 4439 350 4487 assistunt
374 4455 454 4488 eornm
472 4449 503 4499 te,
528 4448 551 4488 ct
569 4441 630 4488 dena
649 4439 722 4488 millia
740 4439 828 4488 denum
848 4438 947 4486 millium
968 4438 1102 4486 ministrant
1119 4437 1169 4485 tihi.
1204 4434 1238 4482 'l'n
1257 4447 1284 4483 es
1301 4445 1372 4496 quem

124 4517 253 4573 benedicunt
277 4523 415 4586 invisibiles,
439 4539 510 4590 quem
534 4525 636 4575 adorant
659 4524 774 4588 risibiles,
798 4532 822 4573 ιι
845 4537 929 4574 omnes
952 4523 1042 4573 iaciunt
1059 4522 1158 4573 rerhnm
1174 4527 1254 4605 lnam,
1273 4516 1378 4569 homine
