3044 4912
712 257 788 329 'll'l

110 437 264 501 biaconua
283 456 367 501 sacra
396 438 535 502 deterens
558 440 709 519 egreditur
731 441 925 522 calicemque,
948 443 1060 524 inquo
1082 444 1170 526 panis
1192 449 1388 510 consecratus

110 539 258 602 intinctus
281 551 337 612 est,
360 541 472 621 populo
496 541 653 604 manifeste
675 542 817 616 ostendit,
840 544 1026 606 exclamans:
1059 540 1145 625 μετὰ
1166 540 1276 632 φόβον
1300 547 1389 612 θεοῦ

109 638 171 706 καὶ
199 635 346 717 πίστεως
373 638 593 728 noctem-pce.
636 643 724 718 onon
745 644 892 709 exclamat
913 646 944 707 in
967 647 1071 727 quavis
1094 648 1196 721 missa,
1226 649 1282 711 etsi
1305 668 1388 711 com·

110 744 302 807 manicantes
325 761 386 806 uou
408 743 517 806 adsint.
561 745 593 806 Si
617 745 669 825 qui
692 744 845 820 accedant
868 746 1017 809 Sacerdos
1039 761 1159 829 sumpto
1181 749 1275 813 calice
1298 751 1387 812 coch-

113 844 207 906 leario
230 836 352 924 (liidie)
374 844 547 924 particulas,
569 839 776 933 μαργαρίτας
788 847 935 927 sanguine
950 851 1089 930 pertusas
1104 868 1160 930 pro
1177 852 1387 915 communione

112 943 217 1007 educit
244 952 275 1006 et
302 944 463 1026 unicuique
491 945 646 1011 distribuit
674 948 820 1012 diceudo:
848 943 1186 1031 μεταλαμβάνοικτλ.
1208 960 1289 1032 etp.
1313 955 1386 1019 ³69.

112 1046 411 1109 Communicatumm
438 1066 509 1109 vero
538 1066 574 1108 ec
603 1048 679 1129 ipso,
694 1069 768 1130 ¹quo
790 1069 909 1115 sacrum
930 1051 1051 1133 epulum
1074 1062 1248 1132 sumpturus
1269 1065 1317 1116 est
1339 1074 1386 1118 ar·

111 1147 217 1218 ticulo‚
247 1147 295 1209 his
318 1147 469 1210 Christum
492 1148 654 1230 alloquitur
675 1150 790 1241 verbis:
819 1143 859 1215 od
880 1145 1011 1238 φίλημά
1032 1173 1089 1217 σοι
1109 1146 1208 1221 δώσω
1226 1148 1386 1239 καθάπερ

109 1242 131 1314 ὁ
150 1240 290 1324 Ἰούδας,
319 1239 389 1312 ἀλλ’
412 1240 458 1325 ὥς
484 1241 503 1313 ὁ
529 1246 651 1337 λῃστὴς
677 1243 831 1336 ὁμολογῶ
851 1271 922 1317 σοι·
950 1247 1120 1342 μνήσθητί
1138 1276 1204 1337 μον
1224 1248 1331 1340 Κόρα
1352 1251 1388 1321 do

110 1349 152 1434 πῇ
173 1341 331 1436 βασιλείᾳ
354 1368 414 1414 σον
442 1370 473 1431 p.
489 1353 563 1416 224.
579 1354 652 1418 368.
694 1358 825 1435 Accepta
848 1356 1059 1419 commuuione
1081 1375 1116 1418 os
1137 1357 1203 1419 velo
1226 1376 1312 1420 sucro
1335 1376 1386 1421 ex·

109 1451 246 1526 siward)
576 1452 580 1460 ’
1164 1453 1172 1467 ’
1225 1478 1229 1485 ·

197 1958 237 2016 tt
264 1971 333 2015 vero
362 1969 478 2030 magna,
509 1968 566 2030 qua
596 1949 733 2028 insignes
756 1959 827 2012 sunt
848 1949 954 2011 Graeci
977 1951 1182 2028 augustissimi
1204 1956 1385 2017 sacramenti

109 2056 279 2121 reuerentia
302 2053 411 2124 olfecit,
435 2061 468 2113 ut
489 2050 773 2114 communicantium
796 2049 948 2112 devotioni
970 2050 1108 2130 plurimis
1122 2071 1157 2114 ac
1173 2053 1299 2132 prolixis
1314 2074 1386 2137 pro·

110 2158 210 2223 meum
232 2157 274 2219 sit
295 2153 482 2217 orationibus
504 2170 539 2214 ac
561 2152 745 2214 carminibus
767 2151 872 2224 sacris,
897 2170 972 2231 quae
994 2152 1039 2214 vel
1060 2164 1130 2217 ante
1151 2156 1196 2216 vel
1218 2164 1289 2235 post
1303 2174 1384 2219 com·

111 2259 287 2323 munionem
310 2274 365 2337 pro
388 2255 501 2339 private
523 2253 635 2334 pietate
657 2272 693 2316 ac
715 2254 832 2316 terrore
853 2252 980 2316 dicenda
1003 2264 1082 2316 sunt
1126 2255 1220 2317 Obvia
1243 2268 1290 2320 est
1311 2258 1385 2321 baec
1475 2246 1478 2253 ’

109 2351 301 2427 ιὀιοίονθία
322 2357 380 2442 τῆς
401 2348 498 2439 ἁγίας
518 2348 749 2440 pinnipotens,
772 2373 841 2417 nam
863 2355 921 2417 boc
943 2354 1064 2419 nomine
1086 2364 1167 2419 totus
1190 2375 1312 2438 precum
1334 2378 1381 2423 sa·

110 2480 230 2527 mmurn
260 2469 420 2541 apparatus
447 2458 626 2529 continetur,
656 2457 686 2519 in
715 2456 873 2536 horologio
900 2457 942 2535 (iu
971 2476 1017 2530 eo,
1048 2459 1126 2537 quod
1150 2460 1186 2521 ad
1210 2478 1315 2523 manus
1337 2470 1385 2523 est
1460 2510 1463 2516 a

111 2582 142 2645 p.
157 2564 341 2638 sta-581)
364 2560 447 2623 etin
470 2559 607 2639 plurimis
630 2557 741 2621 libellis
764 2559 869 2632 sacris,
892 2559 929 2621 ad
953 2557 1096 2621 laicorum
1112 2578 1197 2622 usum
1214 2579 1383 2624 accommo-

111 2665 201 2727 datis.
245 2664 335 2726 blulta
364 2663 468 2724 insunt
495 2659 649 2742 praeclara
672 2668 701 2721 et
723 2660 962 2723 ferventissimae
984 2661 1103 2742 pietatis
1126 2661 1304 2725 documenta
1327 2682 1383 2727 nec

111 2783 276 2847 possumus
299 2764 371 2844 quiin
393 2763 499 2826 saltem
522 2761 665 2824 nonnulla
687 2763 805 2824 animae
821 2761 1009 2826 Christianae
1032 2763 1183 2824 desiderio
1196 2764 1285 2826 'sacri
1301 2765 1383 2846 epuli

111 2865 268 2947 flagrantis
291 2864 465 2927 adiiciamus
487 2863 629 2944 suspiria.

200 2963 270 3041 Τὰς
297 2957 438 3046 ἀνομίας
463 2985 529 3044 μου
556 2956 681 3047 ocdoada
709 2956 824 3047 Κύριε,
857 2955 875 3026 ὁ
903 2956 939 3026 ἐκ
959 2958 1143 3046 Παρθένου
1164 2959 1305 3042 τεχθεὶς,
1326 2962 1383 3031 καί

109 3065 170 3143 τὴν
198 3060 337 3150 καρδίαν
366 3085 432 3149 μον
462 3058 659 3147 καθάρισον,
692 3059 771 3131 ναὸν
800 3055 900 3149 αὐτὴν
927 3065 1037 3129 ποιῶν
1057 3066 1117 3127 τοῦ
1138 3055 1300 3147 ἀχράννον
1321 3085 1383 3131 dou

109 3271 161 3307 sam
181 3256 278 3314 sentiat,
302 3255 453 3304 deonacum
473 3252 580 3317 proximo
600 3252 736 3314 integrarit:
764 3252 825 3301 alios
842 3266 897 3302 iero
916 3251 1121 3310 concelebrantes,
1147 3262 1308 3318 qnos·aperta
1327 3254 1382 3306 talia

110 3341 234 3392 oculessio
253 3341 332 3389 minoe
350 3338 455 3398 deceret,
474 3337 551 3400 capite
569 3337 615 3386 buc
633 3344 657 3385 et
673 3335 717 3385 illo
735 3350 860 3395 conuerso,
879 3337 946 3400 quari
965 3337 1037 3386 tacito
1057 3345 1122 3394 nutu,
1141 3337 1161 3385 si
1181 3338 1203 3387 in
1217 3337 1382 3402 aliquoacan·

109 3425 158 3475 dali
183 3439 281 3476 canaam
305 3424 423 3482 dederint,
447 3423 538 3471 ioniam
563 3420 695 3483 postulare.
730 3421 844 3485 lleoeqne
869 3421 1067 3471 consuetudinem
1086 3435 1133 3470 non
1152 3431 1216 3472 certa
1235 3423 1383 3484 illaudatam,

108 3509 154 3561 ced
171 3519 196 3560 et
214 3510 318 3572 amplias
336 3510 367 3558 ita
387 3507 511 3572 probrum
530 3504 618 3555 babent
635 3505 773 3555 Latinomm
790 3507 841 3555 eive
858 3506 1005 3556 Francorum
1024 3505 1129 3570 quidam,
1153 3514 1180 3556 nt
1197 3506 1317 3556 Ecclesiae
1335 3520 1382 3556 uo·

109 3604 175 3645 atrae
199 3593 232 3655 (in
257 3593 345 3657 quibus
369 3590 505 3641 huiusmodi
524 3589 620 3654 publica
639 3590 803 3641 reconciliatio
821 3605 869 3641 non
888 3591 966 3640 estin
985 3590 1040 3649 neu)
1058 3589 1235 3640 communionis
1252 3604 1310 3653 erpo
1327 3590 1381 3641 adi·

109 3680 167 3739 turi,
183 3678 260 3742 'priua
287 3679 311 3728 in
330 3676 400 3726 aliam
419 3677 534 3727 Graecam
552 3689 579 3723 se
598 3674 731 3734 conferant,
755 3682 780 3723 ut
798 3675 878 3723 tritum
898 3673 956 3723 illud
975 3675 1042 3738 pacis
1061 3688 1114 3724 cum
1133 3673 1245 3724 omnibns
1264 3675 1382 3739 expetitae

109 3762 247 3828 symbolum
261 3749 634 3826 σνγχωρήαειεΧριστιανοί,
653 3758 714 3808 elate
733 3773 789 3808 ioco
809 3759 941 3822 proterant.
976 3757 1035 3808 Tem
1055 3758 1207 3808 manifestum
1226 3773 1281 3808 tero
1301 3767 1325 3808 et
1342 3759 1380 3809 ln·

109 3848 244 3898 dubitatum
263 3853 360 3895 mutuae
378 3852 401 3894 et
419 3845 527 3894 sincerae
546 3843 668 3893 charitatis
685 3843 709 3892 in
720 3842 827 3897 Oriente,
845 3843 908 3908 apud
926 3844 1032 3894 Graecos
1049 3850 1086 3892 est
1102 3842 1216 3893 iudicium
1235 3843 1273 3894 bic
1290 3858 1381 3904 sermo,

111 3941 137 3983 ut
160 3933 202 3996 qni
227 3930 319 3980 veniam
342 3929 371 3979 de
390 3943 457 3978 mora
479 3928 576 3993 publiea
603 3929 692 3992 petenti
711 3927 829 3978 obstinata
849 3936 928 3978 mente
945 3927 1020 3991 (qnod
1038 3927 1135 3992 qnidam
1153 3927 1242 3977 audent
1257 3927 1379 3977 dicentes:

109 4003 358 4081 &concionabulis
376 4002 486 4078 ἁφήνω,
503 4012 690 4064 incendentem
708 4022 732 4064 te
750 4012 869 4078 relinquo)
892 4012 1012 4074 denegare
1030 4026 1078 4063 uon
1097 4012 1234 4072 tornitrui.
1252 4012 1379 4062 cocleatim

110 4101 154 4164 ipsi
174 4098 344 4149 Ecclesiastico
364 4106 480 4163 potestate
498 4113 511 4146 a
530 4099 640 4162 corporis
659 4099 746 4148 ebriati
766 4097 861 4148 unionis
880 4097 993 4160 mysterio
1011 4104 1144 4146 arceantur.

197 4184 222 4244 l)
247 4182 362 4233 lloralt
379 4185 402 4232 io
421 4181 532 4232 teritio:
557 4183 624 4242 „ber
643 4184 747 4232 l’rieeter
764 4182 829 4245 giebt
847 4182 928 4240 ibnen,
947 4181 1063 4231 nachdem
1082 4181 1117 4231 sie
1135 4180 1204 4230 beide
1223 4178 1380 4243 llauptbilder

109 4269 209 4330 geilrut
233 4267 282 4318 und
307 4269 349 4317 mit
371 4268 516 4317 irenaceiee
541 4267 583 4316 anl
606 4267 645 4316 dio
663 4267 733 4316 Brnst
756 4267 865 4329 pelastes
883 4270 970 4316 trmen
994 4267 1047 4316 aleb
1065 4267 1177 4329 verbenpt
1195 4264 1282 4324 baben,
1301 4265 1378 4314 einem

110 4353 171 4404 nacb
193 4352 248 4403 dem
272 4351 363 4402 andern
382 4351 444 4400 lirod
469 4351 517 4401 nod
536 4351 602 4401 Wein
622 4353 664 4402 mit
682 4352 736 4401 dem
754 4351 829 4401 botlel
848 4365 892 4400 ena
911 4351 966 4401 dem
983 4351 1079 4402 llelcbe.
1115 4352 1155 4401 Sic
1172 4349 1276 4400 uiacben
1294 4349 1382 4399 darant

111 4435 161 4486 ibra
178 4437 271 4502 Lippeu
295 4438 338 4487 mit
362 4436 405 4486 der
423 4436 501 4487 llecle
525 4436 563 4498 ab,
587 4437 676 4487 tossen
699 4436 747 4487 den
765 4435 839 4487 beleb
857 4436 905 4487 und
923 4438 1048 4489 entiernen
1066 4436 1118 4487 sicli
1137 4437 1180 4486 mit
1197 4435 1264 4485 einer
1280 4434 1379 4485 rueitee

111 4517 292 4585 terbenanngst‘
