3044 4912
724 227 797 300 393

125 411 285 492 leilipsteo
312 410 470 491 Junplrcar
497 413 562 474 und
592 412 798 475 sammtlicler
824 408 970 493 Heilr’peo.
1016 412 1083 477 Wcs
1117 414 1199 477 loos
1219 418 1403 500 'rrtlremler

124 518 193 577 seio
215 512 262 575 ola
286 513 331 575 dle
353 512 489 578 rorone
510 513 567 592 fur
589 514 635 576 die
657 512 857 597 Scliffeoden,
884 513 1062 587 neironem,
1089 514 1244 589 Kruolren,
1273 516 1401 582 smum

124 617 193 691 um,
228 610 417 695 Gesoopm‘eo
444 633 495 677 um
515 613 647 696 liettrmp
674 613 855 679 derselleoi
897 616 981 679 Asel
1002 616 1086 681 uicit
1105 617 1164 679 llio
1184 618 1399 682 menscilicler

129 716 221 780 Uelel
252 716 341 780 lleilt
374 716 438 778 lrr'er
471 716 536 778 dem
563 717 645 798 lupe
678 717 732 780 cler
763 717 993 797 lcrmlerzr'pen
1024 717 1135 782 Kirclre
1163 722 1366 802 aetermam
1376 720 1399 798 ¹)

122 819 226 882 Etiam
253 819 283 881 iu
305 817 415 880 Missae
436 816 562 880 Latinae
591 818 713 881 exordio
740 819 815 882 alies
836 818 969 900 prolixas
990 838 1097 901 preces
1120 821 1246 884 recitare
1269 839 1398 885 consue·

125 931 236 984 verunt
256 936 312 1001 pro
335 918 416 981 omni
439 918 594 982 hominum
617 927 706 983 statu.
730 919 804 984 (lod.
825 920 886 984 Lit.
901 920 926 984 Ι.
948 939 980 1002 p.
997 925 1057 986 117
1073 940 1121 1003 sq.

213 1072 286 1154 (lap.
308 1072 369 1135 XV.
389 1072 464 1135 xvt.
507 1071 661 1135 Litania
688 1072 815 1136 minor
840 1091 920 1137 cum
948 1073 1072 1136 tribus
1093 1073 1338 1154 Antiphonis
1361 1082 1400 1136 et

126 1173 394 1239 Orationibus.
425 1174 508 1248 Quae
530 1193 610 1237 nunc
632 1186 779 1237 canuntur
799 1193 835 1237 ex
856 1175 1053 1256 interpretum
1070 1175 1214 1256 opinione
1228 1175 1401 1255 significant

123 1286 246 1357 tempus
269 1284 337 1339 aute
352 1275 495 1339 loannem
510 1275 729 1357 propheticum,
753 1276 873 1357 quando
888 1278 1021 1359 pretiosa
1036 1277 1125 1352 dona,
1147 1296 1203 1359 per
1217 1296 1294 1359 quse
1306 1277 1398 1341 ‘Clari-

121 1387 191 1441 stus
214 1376 417 1453 adumbratur,
439 1376 572 1440 nendum
593 1378 626 1439 in
647 1377 778 1439 medium
801 1377 998 1453 adducuntur,
1027 1379 1082 1442 sed
1103 1379 1231 1442 seorsim
1253 1387 1396 1461 cooperta

123 1489 197 1544 suut
220 1489 250 1543 et
271 1481 403 1561 reposita
425 1481 455 1541 in
477 1479 627 1541 Prothesi.
672 1477 802 1541 Omnino
825 1481 957 1561 apertior
979 1490 1025 1543 est
1046 1500 1081 1545 ac
1103 1499 1165 1543 nou
1187 1481 1219 1542 in
1234 1478 1398 1542 dubitatio·

121 1599 193 1644 nem
216 1581 351 1644 vocanda
373 1579 522 1662 tripartita
545 1580 652 1660 capitis
674 1580 763 1643 ratio.

211 1682 316 1745 Centau
337 1682 452 1745 Chorus
482 1676 525 1745 τὰ
546 1673 728 1767 ἀντίφωνα,
760 1700 891 1762 congrua
911 1684 1087 1746 Latiuomm
1109 1683 1333 1765 Respcusoriis,
1361 1701 1398 1744 ex

121 1783 223 1845 Nealii
250 1800 380 1862 congrua
409 1802 476 1845 oum
498 1783 607 1845 llissac
630 1782 782 1846 Romanae
802 1783 971 1847 introitu
993 1782 1104 1847 Tetral.
1127 1784 1186 1846 Lit.
1207 1804 1238 1865 p.
1254 1786 1317 1849 222
1332 1802 1396 1865 sq.:

122 1884 317 1969 ,Antiphone
339 1885 414 1948 ritus
427 1883 763 1964 constantinopolitani,
787 1903 861 1965 quae
884 1885 941 1948 tria
963 1893 1043 1958 sunt,
1065 1883 1397 1947 introitusllomani

122 1986 220 2049 uicem
234 1996 352 2064 gerunt,
367 1986 570 2066 ingressae
581 1986 807 2059 Ambrosianae,
823 1985 1058 2067 antiphonae
1072 1985 1251 2050 Gallicanae.
1274 1984 1397 2066 Optime

122 2098 227 2151 monet
247 2087 382 2159 Allatius,
410 2106 500 2162 „esse
529 2105 635 2167 puram
663 2096 764 2168 putam
794 2107 830 2149 ex
856 2086 947 2150 variis
968 2087 1098 2151 Psalmis
1120 2087 1306 2153 diuersorum
1327 2104 1397 2148 rer·

122 2208 222 2262 suum,
246 2188 296 2268 qui
319 2189 414 2268 magis
436 2187 647 2251 sollemnitatis
668 2188 840 2268 mysterium
863 2189 1042 2269 exprimunt,
1065 2189 1212 2269 eclogam.
1239 2187 1275 2251 ln
1297 2187 1395 2271 primo

121 2300 194 2373 post
215 2290 350 2369 singulos
370 2309 474 2353 versus
491 2289 641 2362 recitatur,
664 2282 856 2373 πρεςβείαις
875 2291 935 2375 τῆς
950 2282 1122 2368 θεοτόκου,
1144 2290 1265 2372 Σῶτερ,
1288 2289 1397 2352 σῶσον

121 2384 222 2477 ἡμᾶς.
250 2392 424 2474 Exemplum
447 2408 643 2470 apponemus.
668 2381 818 2474 Ἀγαθὸν
838 2385 877 2454 τὸ
900 2384 1180 2475 ἐξομολογςῖσθαι
1200 2391 1249 2475 τῷ
1262 2382 1395 2475 Κυρίῳ·

120 2488 177 2558 καὶ
198 2486 344 2579 ψάλλειν
363 2493 410 2555 τῶ
432 2482 571 2573 ὀνόματί
592 2509 663 2567 σου,
685 2484 818 2577 ὅψιστε.
853 2485 1062 2577 Πρεςβνίαις.
1094 2494 1163 2555 Toni
1185 2483 1396 2576 ἀναγγέλλων

188 2740 194 2751 ·
210 2715 233 2777 1)
252 2713 347 2765 Nesis
366 2712 555 2776 l'etralopiaLit.
565 2712 645 2777 pll'l
656 2726 707 2777 sep:
727 2712 812 2777 lncipit
829 2713 924 2777 liturgia
942 2729 955 2765 a
973 2710 1107 2782 συναπνῇ,
1125 2716 1174 2764 sire
1192 2713 1274 2765 litania
1292 2712 1394 2763 missali.

122 2799 173 2852 llas
191 2814 288 2864 preces,
314 2815 327 2848 a
346 2798 447 2847 diacono
467 2797 628 2862 praedicatae,
645 2791 754 2864 μεγάλη
772 2798 884 2849 dicuutur
901 2791 1035 2862 συναπνὴ,
1053 2800 1108 2865 quia
1127 2801 1150 2849 io
1169 2813 1216 2849 ooo
1234 2797 1395 2864 supplicatio·

121 2898 179 2935 nom
204 2882 269 2934 serie
291 2881 439 2942 coalescunt,
464 2890 487 2931 et
504 2883 572 2947 quasi
591 2882 684 2932 vinculo
704 2883 913 2945 coustringuntur:
939 2882 1059 2946 wulgari:
1076 2880 1124 2932 καὶ
1141 2874 1290 2949 ὃνομᾰσθη
1308 2874 1396 2936 οὕτως
1454 2874 1459 2885 ’

120 2960 180 3018 ἀπὸ
196 2964 246 3016 νοῦ
262 2955 403 3027 συνάπτον,
421 2957 494 3015 ὅπου
510 2963 585 3014 θέλει
603 2961 638 3015 sui
655 2963 720 3033 stup
735 2958 943 3033 ueprpuco'rorl:
963 2964 1106 3034 εἰρηνικαὶ,
1124 2967 1160 3017 rel
1179 2966 1234 3032 quis
1253 2981 1266 3015 a
1284 2966 1394 3030 puceis·

121 3052 223 3117 cipiunt,
241 3051 276 3100 rel
295 3052 423 3115 praecipue
441 3052 465 3100 io
483 3064 543 3113 paco
562 3050 668 3112 roganda
685 3057 818 3112 versantur,
841 3050 877 3100 rel
896 3052 952 3115 quia
969 3051 1022 3101 sine
1039 3062 1099 3114 pace
1117 3049 1269 3115 impossibile
1287 3057 1325 3100 ost
1341 3049 1392 3099 Oro

119 3136 233 3202 plaeere:
259 3149 284 3185 at
301 3135 329 3184 O.
346 3135 376 3185 ll.
399 3142 513 3185 testetur:
541 3125 591 3181 ἐὰν
608 3119 660 3183 οὖν
676 3132 833 3201 προςφέρῃς
848 3130 879 3183 τὸ
897 3124 989 3199 δῶρόν
1006 3144 1057 3184 σου
1073 3130 1122 3184 tut
1138 3128 1169 3186 ao
1185 3127 1394 3200 θυσιαστήριον,

120 3219 192 3270 sata
212 3215 377 3281 διανοννκαὶ,
396 3220 450 3284 quia
469 3234 482 3268 a
500 3219 602 3267 diacono
620 3218 764 3267 recitantur:
782 3211 885 3281 ἐκτενῆ,
903 3218 938 3268 rel
958 3219 988 3269 al>
1006 3220 1099 3270 intensa
1117 3218 1153 3269 rol
1171 3234 1184 3269 a
1202 3227 1317 3284 protense
1335 3233 1393 3268 ora·

120 3307 194 3357 tione.
230 3303 350 3353 llotuator
368 3304 430 3353 hano
448 3303 554 3352 litaniam
572 3303 597 3351 S.
616 3302 811 3366 Chrysostomos,
828 3302 864 3352 rel
883 3304 964 3368 potius
982 3304 1007 3354 S.
1025 3303 1138 3366 Basilius,
1156 3318 1170 3354 a
1188 3304 1214 3354 S.
1223 3303 1304 3354 lacoli
1322 3303 1392 3353 litor·

121 3392 167 3454 gia,
186 3389 272 3440 ordine
289 3388 450 3453 transposit03
469 3387 501 3436 ibi
521 3387 584 3436 sulm
603 3394 659 3450 post
676 3386 903 3438 catechumenorum
921 3389 1087 3454 expulsionem
1105 3389 1214 3454 sequitur
1230 3378 1393 3450 ἡναθολινὴ

121 3462 257 3535 curanti.
290 3472 340 3523 Nec
357 3471 436 3522 solum
454 3473 478 3521 in
497 3471 600 3534 liturgia,
623 3484 703 3519 verum
723 3471 794 3521 etiam
812 3473 836 3521 lu
855 3472 967 3523 omuibus
985 3474 1035 3524 lere
1053 3473 1139 3523 olllclis
1157 3473 1203 3522 hac
1219 3471 1301 3522 litania
1319 3471 1394 3521 utitur

123 3560 223 3611 ecclesia
243 3557 522 3623 Constantinopolitano:
547 3555 731 3619 nominatorque
748 3545 764 3618 ἡ
781 3552 889 3622 μεγάλη
907 3556 1068 3607 distinctionis
1085 3556 1169 3619 gratia,
1194 3568 1248 3605 cum
1266 3555 1357 3620 passim
1375 3547 1394 3617 ἡ
1451 3576 1454 3583 ·

122 3635 206 3710 μικρὰ
224 3643 337 3703 occurrit,
356 3642 385 3693 cle
403 3656 450 3707 qua
468 3655 522 3691 mox
541 3642 641 3690 dicetur.
676 3639 725 3689 Nec
742 3639 837 3703 ignotae
856 3649 924 3692 eraut
942 3642 986 3691 lme
1006 3641 1102 3691 litaniae
1119 3641 1144 3690 io
1162 3639 1264 3690 ecclesia
1278 3639 1392 3690 occiden-

124 3728 177 3780 tali:
195 3728 287 3794 quippe
304 3742 365 3792 quae
383 3735 439 3792 post
456 3726 524 3790 llprle
542 3722 634 3775 eleison
652 3724 774 3775 decantari
792 3724 878 3776 solitae
896 3726 994 3787 luerint,
1012 3740 1089 3791 oeque
1107 3725 1130 3775 io
1149 3723 1273 3775 saeculum
1291 3724 1344 3774 lX.:
1368 3730 1393 3775 et

123 3810 192 3863 lolio
210 3813 236 3862 in
254 3810 356 3862 ecclesia
370 3810 540 3861 Mediolanensi
559 3809 686 3859 dominicis
703 3809 901 3873 quadragesimae
919 3824 972 3860 mos
990 3809 1053 3860 idom
1071 3817 1204 3875 permanet.
1238 3808 1271 3858 lla
1289 3808 1392 3860 ecolesla

125 3895 227 3947 Romana
251 3896 325 3947 utitur
347 3910 396 3946 uon
420 3896 466 3945 nisi
490 3896 513 3945 in
532 3894 637 3944 Sabbato
661 3901 759 3944 sancto:
783 3894 826 3945 sed
850 3894 880 3944 de
897 3896 994 3960 antiqua
1012 3895 1065 3947 elus
1083 3892 1257 3945 consuetudine
1275 3892 1392 3944 videndus
1473 3900 1480 3913 ²

126 3983 219 4032 omniuo
245 3988 283 4031 eat
299 3980 324 4031 S.
343 3981 487 4043 Gregorius,
511 3977 721 4042 nutriemur.
757 3979 885 4030 Formulae
910 3980 1057 4044 antiquiores
1080 3979 1105 4030 io
1129 3977 1255 4029 occidente
1278 3976 1342 4028 lruuc
1365 3978 1391 4027 io

127 4066 219 4116 nodum
238 4064 412 4116 recitabantur:
437 4064 502 4126 „Pro
520 4062 635 4113 altissima
654 4077 714 4128 pace
732 4071 756 4113 et
772 4064 944 4129 tranquillitate
961 4073 1098 4128 temporum
1116 4070 1264 4123 nostrorum,
1281 4086 1314 4098 -·
1333 4075 1391 4112 ors·

127 4162 175 4200 uus
191 4160 224 4210 te,
243 4150 352 4200 Oomiue.
387 4151 435 4201 l’ro
453 4149 479 4201 S.
496 4147 605 4199 Ecclesia
623 4148 754 4208 catholica,
774 4162 836 4213 quae
853 4156 891 4199 est
908 4164 921 4199 a
939 4148 1027 4201 linibus
1044 4163 1121 4214 usque
1139 4147 1170 4198 acl
1187 4146 1304 4197 terminos
1322 4145 1390 4196 orbis

127 4238 248 4295 terrarum,
265 4259 300 4269 —
318 4248 416 4286 oramus
432 4243 465 4296 te,
483 4233 592 4283 llorolne.
628 4234 673 4283 Pro
692 4241 761 4297 patre
778 4241 862 4283 uestro
881 4233 1068 4298 episcopopo)
1087 4232 1198 4283 omuibus
1213 4230 1344 4296 episeopis,
1362 4245 1392 4282 ac

127 4319 267 4383 proruperis
290 4327 314 4369 ct
337 4318 452 4381 (liaconis,
477 4320 591 4383 omnique
614 4317 689 4379 clero,
707 4344 740 4354 -
758 4332 855 4367 oramus
873 4325 905 4380 te,
924 4317 1033 4367 Domine.
1068 4317 1115 4367 Pro
1133 4316 1179 4366 boc
1196 4315 1260 4376 loco,
1278 4322 1302 4366 et
1319 4315 1391 4366 habi·

127 4403 226 4453 uetitus
249 4403 273 4453 in
299 4418 337 4465 eo,
354 4427 388 4440 -
405 4418 503 4455 oramus
522 4411 553 4466 te,
572 4403 680 4454 llomiue.
716 4401 762 4453 Pro
781 4402 889 4468 piissimo
908 4403 1062 4469 imperatore,
1087 4409 1111 4453 et
1127 4407 1176 4453 toto
1194 4402 1302 4453 llomauo
1320 4414 1392 4452 exer·

127 4482 180 4548 citu,
197 4514 227 4525 -
246 4502 344 4539 oramus
363 4496 394 4550 te,
416 4483 544 4540 llomioe.“
