3044 4912
503 106 641 183 Sodono
661 111 724 183 der
747 107 900 207 Geooop:

134 240 184 316 Es
210 243 256 315 ist
280 240 376 340 titttg
401 242 469 317 und
495 243 601 337 ruoht,
630 246 706 319 dicit
733 270 775 320 zu
800 247 899 321 lobon
925 271 959 321 to
975 272 1053 323 sn.

369 378 441 452 Due
466 376 606 453 Gloria:
633 382 720 455 tetzt
744 384 813 457 und
840 383 1030 457 immerdur.

546 516 610 589 oto
640 518 858 614 Eotlooeonp.

139 648 212 721 Der
232 648 445 749 Bueofortipe
465 651 561 724 irritet
583 654 644 726 doe
665 653 786 749 hoilipe
808 653 1029 751 Eooopeliom
1050 656 1121 727 und
1143 656 1205 730 doe
1222 658 1336 735 Κνεαι

50 750 134 823 tend
153 750 250 847 peitet
271 776 351 847 wop.

53 1053 96 1129 (i.
156 1052 307 1147 Εὗχαὶ
347 1052 699 1154 συγχωρητικαὶ
739 1060 803 1140 εἱς
843 1063 1002 1133 πᾶσαν
1043 1059 1218 1158 &putrui
1258 1062 1338 1140 oroi

371 1170 661 1270 ἀφορισμὸν,
689 1177 754 1257 ελς
779 1176 1029 1289 τεθνεῶτα.

141 1351 461 1442 Ἀναγινωσκόμεναι
482 1354 577 1439 παρὰ
598 1351 784 1444 άρχιερέως,
806 1352 828 1445 ἢ
850 1357 889 1439 ἐξ
907 1356 1058 1451 ἀνάγκης,
1079 1362 1175 1451 παρὰ
1187 1387 1337 1451 πνευμα-

56 1464 156 1527 τικοῦ
177 1455 315 1540 πατρὸς,
338 1452 369 1523 ελ
391 1452 430 1522 οὗ
451 1453 612 1542 πάρεστιν
634 1454 812 1545 ἀρχιερεύς.

143 1558 266 1627 Ἰστίον
294 1556 342 1637 dd,
370 1554 424 1625 ὅτι
453 1554 489 1624 αἱ
517 1564 687 1645 παροῦσαι
715 1556 808 1642 εὐχαὶ
837 1555 1116 1647 άναγινώσκονται
1138 1562 1258 1646 οἱίτως·
1284 1563 1338 1635 Ἐν

55 1661 122 1749 μὲν
149 1668 190 1749 τῇ
216 1660 423 1748 ιιροςκομιόῇ
451 1654 712 1746 ἀναγινώσκουσι
736 1656 860 1741 ταότας
879 1661 965 1746 μετὰ
985 1661 1192 1747 κατανύξεως
1212 1664 1337 1748 πάντες

59 1760 94 1833 οἱ
121 1762 300 1849 μέλλοντες
327 1757 506 1847 ἱερουργεῖν
534 1757 643 1849 ἱερεῖς.
685 1757 737 1827 Ἔν
759 1762 797 1829 δὲ
818 1768 858 1852 τῇ
877 1761 1003 1855 μεγάλῃ
1026 1763 1155 1855 εἱςόόφ,
1178 1766 1336 1849 ἐξελθόν-

57 1888 127 1931 των
152 1870 219 1931 τών
243 1861 358 1950 ἱερέων
380 1859 443 1943 ἔξω
464 1868 530 1929 τών
550 1863 767 1951 καγκέλλων’)
788 1864 959 1949 μετὰτῶν
980 1862 1092 1953 άγίων,
1119 1868 1176 1937 καὶ
1198 1865 1337 1955 ἱσταμέ-

57 1991 135 2047 νων,
159 1961 177 2033 ό
200 1962 369 2053 άρχιερεύς
387 1960 500 2044 κλίνας
520 1964 559 2031 τὸ
580 1961 669 2051 γόνυ,
692 1961 835 2054 ἔκφωνεῖ
854 1963 979 2046 ταί-τας
991 1967 1337 2059 μεγαλοφώνωςμετιλ

57 2063 267 2148 κατανύξεως
293 2065 351 2134 καὶ
376 2060 534 2151 δακρύων.
576 2065 679 2133 Μετὰ
701 2067 739 2133 δὲ
759 2065 797 2133 τὸ
819 2069 995 2135 τελειῶσαι
1017 2066 1128 2151 αὐτάς,
1157 2066 1336 2159 άνιστάμι-

58 2194 118 2249 νος
140 2168 271 2253 δέχεται
292 2167 334 2235 τὰ
355 2164 444 2254 άγια.

455 2344 531 2412 Τοῦ
555 2336 699 2435 Κυρίου
724 2338 935 2436 δεηθῶμεν.

146 2490 318 2589 lidonis
300 2522 320 2565 o
349 2490 482 2575 Oede‘
461 2500 583 2588 ηιιών,
611 2489 630 2565 ὃ
656 2499 701 2587 τῆ
728 2500 774 2588 oip
802 2489 960 2618 ἀρρὶιγτφ
974 2493 1089 2592 σοφίᾳ
1106 2491 1336 2625 δημιουργή-

62 2620 131 2681 σας
162 2595 230 2671 τὸν
264 2594 521 2720 άνίίρωιτον’
506 2622 545 2667 εκ
578 2602 646 2667 τοῦ
668 2593 770 2687 χοὸς,
803 2594 866 2667 καὶ
891 2602 1028 2669 τοῦτον
1053 2596 1143 2689 ἀναγ
1116 2596 1335 2724 μορφώσας

61 2704 112 2783 τίς
137 2696 234 2781 eidos
259 2696 322 2770 καὶ
347 2692 490 2784 κάλλος,
523 2693 588 2769 καὶ
613 2695 815 2789 ἐξωραίοας
840 2694 891 2777 αἱς
915 2695 1040 2788 τίιιιοι
1065 2695 1128 2768 orori
1154 2695 1335 2824 οὐράνιον

59 2810 195 2897 ιιτῆιια,
222 2804 273 2882 εἷς
298 2796 519 2896 (λοξολογίαν
542 2795 606 2869 καὶ
632 2796 849 2891 εὐπρέπειαν
873 2804 938 2890 τῆς
964 2805 1029 2892 σῆς
1055 2793 1163 2892 (λόξης
1180 2825 1244 2871 και
1231 2798 1334 2895 βα-Ι

63 2900 209 2990 σιλείας,
236 2898 363 2974 διὰ
326 2930 368 2973 το
394 2927 463 2972 κατ
508 2895 645 2986 εἰκόνα,
671 2898 734 2969 καὶ
760 2895 895 2970 reort‘d't
879 2896 1058 2989 ομοίωσιν
1084 2906 1221 2974 τοῦτον
1237 2928 1334 2998 παρ-

63 3009 226 3105 αγαγεῖν.
259 3002 335 3097 Τὴν
361 2998 512 3094 ἐντολὴν
539 2995 579 3073 δε
605 2996 832 3094 παραβάντα
859 3006 927 3073 τοῦ
951 3007 1021 3074 σοῦ
1039 2997 1332 3131 προςτάγματος,

62 3106 122 3179 καὶ
158 3099 419 3201 μεταβαλόντα
452 3108 515 3196 τῆς
547 3098 700 3190 ελκόνος,
733 3100 796 3175 καὶ
827 3100 879 3198 μὴ
913 3098 1144 3199 φυλάξαντα,
1179 3132 1242 3177 και
1230 3103 1333 3178 διὰ

61 3216 186 3296 τοῦτο,
216 3207 281 3279 ἵνα
313 3204 364 3300 μὴ
397 3202 439 3277 τὸ
471 3200 588 3277 κακόν
621 3200 866 3277 ἀθάνατον
853 3231 1038 3331 γενηται,
1050 3201 1333 3337 φιλανθρώπως

60 3306 233 3391 κελεύσας
257 3304 326 3402 τὴν
350 3314 484 3403 κρᾶσιν
524 3303 587 3377 καὶ
612 3303 714 3399 μιξιν
739 3302 892 3400 ταύτην,
918 3303 981 3378 καὶ
1002 3303 1067 3380 τὸν
1086 3302 1244 3401 ἄρ’ῥητόν
1261 3329 1331 3381 σου
1396 3354 1399 3359 -

59 3419 197 3487 τοῦτον
228 3406 445 3504 δεσμὸν,
417 3438 466 3491 ως
495 3405 581 3491 Θεὸς
606 3414 684 3480 τῶν
709 3435 879 3504 πατερων
903 3405 1012 3503 ημῶν
1037 3414 1092 3503 τῷ
1118 3406 1212 3505 θείῳ
1237 3409 1333 3505 βου-

59 3590 370 3606 —————-—

147 3686 171 3747 t)
197 3686 332 3736 Goerus:
357 3683 452 3732 niuem
476 3689 532 3730 eunt
550 3681 802 3730 excommunicationis
819 3694 915 3742 genere.
952 3680 1100 3739 Quibusdam
1119 3680 1261 3730 eucharistie
1279 3680 1332 3731 solu

58 3779 156 3835 nepote,
180 3770 242 3819 oliuo
266 3771 336 3819 etium
362 3780 460 3831 precum
486 3768 644 3825 consortium,
667 3766 810 3829 quibusdum
834 3779 864 3813 no
884 3765 946 3814 ulios
970 3780 1042 3829 preto
1068 3766 1174 3815 couriotu
1199 3766 1332 3828 induerent,

59 3860 132 3907 etium
154 3854 334 3905 conuersatione
352 3853 456 3901 humano
475 3852 637 3909 interdictum,
656 3859 681 3899 ut
698 3850 757 3899 diris
775 3850 852 3899 deuoti
871 3857 894 3898 ot
912 3852 1015 3900 Solunte
1033 3850 1145 3914 potestati
1164 3850 1252 3912 truditi,
1270 3858 1332 3900 tem·

58 3940 174 4007 poterint
199 3938 334 3989 afflictionis
358 3952 441 3995 sensu,
466 3937 580 3985 iuoturuor
605 3934 705 3998 spiritus
728 3934 879 3999 perpendero
903 3934 1094 3999 impellerentur.
1128 3934 1157 3984 Hi
1182 3943 1246 3995 suot,
1270 3948 1332 3999 quoe

59 4013 129 4090 άρά
156 4023 291 4073 moledietio
316 4028 339 4071 et
361 4012 543 4086 ἀνάθεμα,
569 4016 685 4069 ecciesiae
704 4034 797 4070 summu
817 4018 947 4081 indignatio
965 4019 1132 4085 persequitur:
1159 4027 1251 4070 eeteros
1270 4034 1330 4084 quos

59 4107 228 4173 resipiscentis
248 4108 293 4156 ium
305 4106 424 4165 emendat,
443 4103 517 4155 terior
535 4120 613 4170 poeno
631 4096 823 4173 άφορισμιῦ
830 4116 846 4151 ν
863 4104 1025 4168 prosequitur.

147 4191 172 4253 2)
190 4193 223 4241 Eu
242 4192 333 4242 toribus
351 4188 496 4242 Sanetuurii.
