3044 4912
810 217 864 291 '18‘

275 402 380 478 XXII.
422 414 494 502 Καί
514 405 710 495 δ’διιίιιονος
729 415 869 502 λογίαι·
909 406 972 499 Τῷ
1003 403 1085 500 θεῷ
1117 399 1182 477 διὰ
1206 407 1276 476 τοῦ
1301 405 1474 498 Χριστοῦ

197 500 316 580 αὐτοῦ
339 500 485 579 κλίνατε
509 501 573 577 καὶ
597 501 821 604 εὐλογεῖσθε.

275 669 346 753 Καὶ
367 665 386 738 ό
407 658 604 749 ἐπίσκοπος
621 668 828 755 ἀπευχίσθω,
857 668 975 758 λέγων·
1003 654 1049 732 Ὁ
1085 654 1172 740 θδύέ
1204 653 1225 729 ὅ
1257 653 1473 751 παντοκρά-

195 784 287 857 τωρ,
321 756 341 831 ὅ
374 754 554 854 ἀληθινὸς
583 754 646 830 καὶ
679 754 911 861 ἀσύγκριτος,
948 755 968 832 ὅ
1003 764 1197 853 πανταχοῦ
1223 753 1280 832 ῶν
1303 756 1369 831 καὶ
1393 762 1474 843 τοῖς

196 864 288 934 πᾶσι
313 857 445 955 πυρῶν
468 857 533 933 καί
556 859 599 933 έν
624 856 751 935 οὐδενὶ
776 854 827 944 ῶς
850 854 972 935 ἐνύντι
997 856 1192 956 ὑπάρχων,
1221 854 1393 942 ὐτόποις
1422 859 1472 957 μὴ

197 956 533 1064 περιγραφόμενος,
575 958 595 1036 ὃ
625 959 776 1060 χρόνοις
806 960 858 1058 μὴ
890 958 1181 1060 παλαιούμενος,
1220 960 1240 1033 ὅ
1273 965 1385 1035 σλῶσι
1417 959 1472 1060 μὴ

197 1060 481 1162 περατούμενος,
508 1060 528 1136 ὃ
561 1058 683 1166 λόγοις
707 1061 760 1160 μὴ
785 1059 1056 1164 παραγόμενος,
1090 1060 1273 1165 ὂγενίσει
1297 1060 1350 1159 μὴ
1375 1060 1471 1138 ὐπο-

154 1168 160 1177 ”
196 1162 425 1261 κείμεμος,ὂ
458 1171 626 1263 φυλακῆς
657 1164 709 1262 μὴ
741 1163 935 1256 δεόμενος,
969 1164 990 1239 ὁ
1023 1168 1177 1264 φθορᾶς
1208 1160 1411 1263 ἀναίτιρος,
1446 1164 1468 1239 ὁ

196 1275 332 1366 τροπῆς
372 1264 626 1355 ἀνεπίδεκτος,
667 1265 687 1342 ὃ
729 1263 840 1366 φύσει
872 1265 1141 1356 ἀναλλοίωτος,
1181 1265 1201 1341 ὁ
1237 1273 1320 1365 φῶς
1353 1270 1470 1342 ολκῶν

196 1365 394 1467 ἀπρόςιτον
420 1386 581 1464 (mm,
597 1388 662 1464 16),
698 1366 718 1442 ὃ
744 1374 789 1465 τῇ
816 1365 927 1467 φύσει
953 1365 1123 1468 ἀόρατος,
1159 1366 1178 1442 ὃ
1202 1366 1371 1470 γνωστὸς
1396 1367 1469 1443 ποί·

196 1493 279 1559 σαις
310 1474 391 1552 ταῖς
421 1468 501 1565 μετ’
532 1468 679 1553 εὐνοίας
712 1465 948 1568 ἐκζητούσαις
981 1498 1022 1547 σε
1054 1474 1216 1574 λογικοῖς
1242 1466 1415 1569 φύσεσιν,
1446 1469 1468 1545 ὃ

196 1562 576 1667 λαταλαμβανόμενος
605 1568 680 1646 ὐπὸ
712 1578 792 1647 τῶν
822 1575 864 1647 έν
894 1571 1022 1674 εὐνοίᾳ
1054 1567 1326 1668 ἐπιζητούντων
1352 1594 1411 1647 σε·
1447 1570 1469 1646 ὅ

199 1671 287 1756 θεὸς
305 1670 463 1770 Ἰσραὴλ,
495 1680 565 1748 τοῦ
597 1673 788 1769 ἀληθινῶς
820 1671 996 1774 ὁρῶντος,
1031 1682 1100 1750 τοῦ
1131 1679 1182 1758 εἰς
1205 1673 1374 1768 Χριστὸν
1408 1702 1468 1747 πι-

197 1771 419 1858 στεύσαντος
443 1781 536 1849 λαοῦ
561 1796 647 1850 σου·
676 1773 831 1872 εὐμενὴς
854 1772 1287 1879 γενόμενοςέποίκουσόν
1310 1803 1386 1871 μου
1404 1773 1469 1849 διὰ

195 1873 239 1951 τὸ
266 1872 386 1969 όνομοί
412 1900 494 1965 σου,
525 1875 589 1951 καὶ
614 1873 815 1979 εὐλόγησαν
840 1874 928 1961 τούς
953 1903 1012 1952 σοι
1035 1874 1245 1961 κεκλικότας
1268 1875 1356 1960 τούς
1380 1878 1469 1952 ἑαυ-

194 1983 275 2054 τῶν
314 1975 490 2073 αὐχένας,
529 1977 594 2054 καί
627 1977 693 2062 δὸς
724 1978 852 2064 αὐτοῖς
888 1979 935 2054 τά
968 1977 1154 2077 αλτήματα
1186 1985 1265 2054 τῶν
1299 1976 1469 2076 καρδιῶν

196 2077 325 2155 αὐτῶν
356 2077 404 2155 τά
434 2079 494 2156 ἐπὶ
531 2079 780 2180 συμφέροντι,
820 2080 884 2157 καὶ
915 2079 1059 2178 μηδένα
1092 2080 1221 2156 αὐτῶν
1254 2076 1469 2177 ἀπόβλητον

196 2176 348 2278 ποιήσῃς
372 2184 412 2256 ἐκ
436 2191 501 2279 τῆς
522 2183 714 2281 βασιλείας
740 2206 822 2272 σου,
859 2182 953 2259 ἀλλὰ
979 2181 1138 2284 ἁγίασον
1163 2181 1313 2269 αὐτοὺς,
1348 2178 1470 2280 φρού-

197 2308 324 2381 ρησον,
352 2283 549 2375 σκίπασον,
576 2285 795 2382 ἀντιλαβοῦ,
821 2289 931 2381 ῥῦσαι
956 2292 1024 2361 τοῦ
1050 2285 1257 2380 ἀλλοτρίου,
1284 2281 1348 2357 καί
1372 2313 1470 2360 παν-

195 2383 258 2469 τὸς
289 2387 445 2482 ἐχθροῦ,
477 2385 565 2469 τούς
597 2390 720 2470 οἴκους
745 2387 874 2463 αὐτῶν
900 2381 1082 2486 φύλαξον,
1119 2384 1186 2469 τὰς
1210 2381 1374 2470 ελςόδους
1400 2385 1470 2462 αὐ-

195 2494 274 2562 τῶν
298 2484 454 2568 καὶτὰς
478 2482 629 2570 ἐξόδους
653 2484 886 2585 φρούρησον·
914 2488 972 2564 ότι
997 2512 1056 2563 σοι
1077 2482 1182 2577 δόξα,
1210 2485 1325 2575 αἶνος,
1351 2516 1469 2590 μεγα-

196 2587 402 2681 λοπρέπεια,
436 2584 560 2682 σέβας,
595 2585 847 2685 προςκύνησις,
882 2589 946 2664 καὶ
978 2597 1032 2687 τῷ
1059 2597 1114 2688 σῷ
1140 2587 1250 2664 παιδὶ
1266 2589 1389 2685 Ἰησοῦ
1414 2597 1468 2688 τῷ

195 2693 349 2785 Χριστῷ
385 2710 454 2761 σου
487 2695 541 2787 τῷ
573 2689 691 2786 κυρίῳ
716 2688 825 2786 ἡμῶν
850 2691 914 2765 καί
942 2696 1020 2790 θεῷ
1046 2690 1109 2766 καὶ
1133 2692 1291 2789 βασιλεῖ,
1325 2693 1469 2787 καὶτῷ

196 2787 292 2890 ἀγίῳ
327 2784 524 2917 πνεύματι,
557 2798 629 2895 νῦν
661 2789 726 2864 καὶ
751 2792 895 2867 ἀείκαὶ
921 2798 971 2877 είς
996 2792 1083 2877 τούς
1108 2798 1248 2877 αίῶνας
1273 2799 1351 2868 τῶν
1378 2789 1470 2867 αλῶ-

195 2918 284 2967 νων.
324 2919 435 2987 αμην.

197 3216 223 3251 οε
239 3204 296 3263 jem
314 3200 376 3250 noch
394 3200 432 3249 bei
452 3198 646 3262 Gelegenheiten,
674 3215 710 3249 wo
728 3198 767 3251 eh
783 3198 948 3252 bedentender
967 3201 1035 3251 Theil
1053 3201 1097 3251 der
1115 3200 1245 3253 Gemeinde
1262 3216 1315 3251 zum
1334 3202 1407 3252 Tisch
1425 3203 1470 3254 δεε

197 3284 273 3334 Herm
291 3285 370 3347 sehet,
388 3284 519 3349 gebraucht
536 3284 630 3335 werden
650 3284 764 3334 konntef‘

224 3410 242 3437 ο
284 3385 306 3445 l)
332 3385 552 3449 chrysostom.
571 3387 640 3436 Hom.
659 3386 688 3435 δε
707 3385 845 3450 Βεριίεωοτ
871 3387 898 3435 τί
913 3388 1008 3449 ποιεῖς,
1027 3378 1177 3452 ι’ίνθρωπε,·
1202 3384 1251 3436 τοῦ
1269 3384 1393 3454 Χριστοῦ
1410 3402 1469 3436 πα-

195 3462 299 3536 ρόντος,
316 3467 372 3519 τῶν
388 3464 516 3535 ἀγγέλων
532 3459 726 3534 παρεστώτων,
744 3469 789 3532 τῆς
805 3470 920 3537 η-ρικτῆς
936 3464 1034 3533 ταύτης
1051 3470 1181 3535 τραπέζης
1198 3471 1390 3536 προκειμένης,
1415 3470 1470 3521 τῶν

195 3550 327 3622 ἀδεληῶν
344 3567 396 3606 σου
412 3554 695 3622 μυσταγωγουμίνων
712 3549 758 3616 ἔτι,
777 3549 859 3611 αὐτὸς
875 3548 1034 3604 καταλιπῶν
1051 3548 1214 3617 ἀποπηδᾷςς
1232 3551 1279 3603 καλ
1292 3550 1340 3603 ἐπὶ
1351 3551 1469 3605 δεῖπνον

194 3635 249 3706 μέν
272 3639 296 3688 ελ
320 3638 428 3709 κληθῇς,
452 3629 505 3702 κᾷν
522 3631 659 3706 πρότερον
676 3635 818 3708 κορεσθῇς,
837 3633 869 3689 οὐ
888 3638 991 3704 τολμᾷς
1007 3638 1061 3688 τῶν
1078 3631 1170 3688 ἀλλων
1187 3630 1378 3704 ἀνακειμένων
1396 3633 1470 3688 ἀνα-

190 3723 317 3790 χωρῆσαι
335 3719 389 3791 πρὸ
407 3721 462 3774 τῶν
480 3723 571 3790 φίλων
588 3712 679 3778 αὐτός.
714 3718 836 3772 ἐνταῦθα
854 3720 884 3773 δέ
902 3721 957 3772 τῶν
974 3721 1097 3789 φρικτῶν
1114 3721 1161 3772 τοῦ
1171 3721 1294 3787 Χριστοῦ
1308 3723 1470 3790 μυστηρίων

194 3803 405 3871 ἔπιτελομένων,
429 3808 475 3871 τῆς
497 3805 573 3876 ἱερᾶς
598 3803 702 3869 τελετῆς
724 3797 898 3871 συνεστώσης
921 3804 968 3870 ἔτι,
991 3803 1209 3873 καταλιμπάνεις
1231 3803 1356 3872 ἐνμέσῳ
1374 3799 1470 3857 πάντα

195 3890 241 3939 καί
265 3886 425 3961 ἀναχωρεῖς.
461 3889 509 3941 καλ
531 3889 586 3941 ποῦ
602 3891 684 3940 ταῦτα
703 3884 872 3960 συγγνώμης
888 3882 970 3952 ἄξιος
993 3892 1075 3946 ποίας
1092 3887 1122 3940 δὲ
1141 3887 1310 3957 ἀπολογίας,·
1332 3880 1471 3954 βούλεσθε

195 3975 273 4036 εἴπω,
292 3977 365 4032 τίνος
381 3974 465 4042 ἔργον
482 3975 611 4027 ποιοῦσιν
632 3972 660 4025 ol
678 3971 732 4041 πρὸ
749 3973 794 4037 τῆς
811 3966 1035 4043 συμπληριύσεως
1051 3966 1266 4040 ἀναχωροῦντες,
1289 3973 1338 4025 καὶ
1355 3968 1404 4032 τὰς
1420 3974 1472 4026 εὐ-

191 4061 387 4128 χαριστηρίους
408 4055 482 4123 ᾠδὰς
506 4059 556 4112 οὐκ
574 4056 751 4127 έπιφέρονιες
769 4059 805 4123 τῷ
822 4058 891 4109 τέλει
908 4059 953 4121 τῆς
969 4059 1101 4124 τραπέζης
1107 4079 1116 4121 ,·
1134 4087 1168 4097 -
1190 4053 1234 4110 ὅτε
1252 4044 1472 4122 έκοινῶνησῌύ

194 4140 312 4210 ἔσχατον
338 4141 454 4194 δεῖπνον
480 4139 494 4195 ὁ
516 4139 631 4207 Ἰούδας,
657 4136 688 4194 εὐ
713 4139 783 4193 κατὰ
806 4136 855 4206 τὴν
878 4142 1036 4194 τελευταίαν
1059 4135 1144 4193 νύκτα
1162 4141 1278 4207 ἐκείνην,
1303 4143 1357 4195 τῶν
1375 4136 1472 4196 ἄλλων

195 4218 326 4278 ίιπάντων
348 4224 539 4297 ἀνακειμένων
563 4224 646 4285 αὐτὸς
674 4217 856 4298 προπηδήσας
877 4223 964 4291 ἐξέβη.
999 4224 1106 4278 ἐκεῖνον
1130 4230 1223 4279 τοίνυν
1245 4226 1399 4296 μιμοῦνται
1421 4227 1473 4279 κοιλ

195 4296 278 4376 οὗτοι,
304 4311 331 4363 οἱ
353 4307 408 4379 πρὸ
427 4309 471 4376 τῆς
487 4305 602 4378 ἐσχάτης
619 4304 817 4375 ἀποπηδῶντες
833 4308 1016 4377 εὐχαριστίας.
1050 4310 1155 4370 ἐκεῖνος
1171 4311 1225 4380 γὰρ
1243 4313 1268 4362 εί
1284 4307 1323 4381 μη
1340 4313 1472 4365 κατέλιπε

194 4388 256 4452 τούς
273 4396 467 4466 συμμαθητοὶς,
484 4392 534 4447 οὐκ
552 4389 590 4448 ἂν
607 4388 742 4450 ἀπώλετο.
777 4397 1081 4464 Ρεοσάο·λ)ίοο,ιε.λτεορ.
1100 4400 1116 4449 l.
1127 4413 1163 4450 c.:
1182 4396 1331 4466 μετασχών
1348 4398 1397 4449 καὶ
1413 4414 1473 4466 με-

193 4474 320 4539 ταδιδούς
336 4473 361 4545 (ὁ
380 4476 518 4552 λεριίρχης)
534 4483 688 4546 κοινωνίας,
705 4480 745 4540 εἰς
760 4477 939 4552 εὐχαριστίαν
954 4475 1034 4551 ἱερὰν
1049 4472 1206 4549 καταλήγει.
