<?xml version="1.0" encoding="UTF-8"?>
<!DOCTYPE html PUBLIC "-//W3C//DTD XHTML 1.0 Transitional//EN"
    "http://www.w3.org/TR/xhtml1/DTD/xhtml1-transitional.dtd">
<html xmlns="http://www.w3.org/1999/xhtml" xml:lang="en" lang="en">
 <head>
  <title>
</title>
<meta http-equiv="Content-Type" content="text/html;charset=utf-8" />
  <meta name='ocr-system' content='tesseract 3.04.00' />
  <meta name='ocr-capabilities' content='ocr_page ocr_carea ocr_par ocr_line ocrx_word'/>
</head>
<body>
  <div class='ocr_page' id='page_1' title='image "./codexliturgicus05danigoog_0219.png"; bbox 0 0 3044 4912; ppageno 0'>
   <div class='ocr_carea' id='block_1_1' title="bbox 741 208 1420 323">
    <p class='ocr_par' dir='ltr' id='par_1_1' title="bbox 741 208 1420 323">
     <span class='ocr_line' id='line_1_1' title="bbox 741 208 1420 323; baseline 0.001 -16"><span class='ocrx_word' id='word_1_1' title='bbox 741 232 815 307; x_wconf 80' lang='lat' dir='ltr'>ees</span> <span class='ocrx_word' id='word_1_2' title='bbox 1370 208 1374 217; x_wconf 82' lang='grc'><strong>“</strong></span> <span class='ocrx_word' id='word_1_3' title='bbox 1412 274 1420 323; x_wconf 82' lang='grc'><strong><em>,</em></strong></span> 
     </span>
    </p>
   </div>
   <div class='ocr_carea' id='block_1_2' title="bbox 77 405 1430 2524">
    <p class='ocr_par' dir='ltr' id='par_1_2' title="bbox 70 405 1430 1014">
     <span class='ocr_line' id='line_1_2' title="bbox 140 405 1409 502; baseline -0.002 -16"><span class='ocrx_word' id='word_1_4' title='bbox 140 425 171 487; x_wconf 91' lang='lat' dir='ltr'>in</span> <span class='ocrx_word' id='word_1_5' title='bbox 193 421 293 486; x_wconf 86' lang='lat' dir='ltr'>medie</span> <span class='ocrx_word' id='word_1_6' title='bbox 315 421 467 484; x_wconf 76' lang='lat' dir='ltr'><strong>testudine</strong></span> <span class='ocrx_word' id='word_1_7' title='bbox 496 420 637 483; x_wconf 78' lang='lat' dir='ltr'><strong>thronum</strong></span> <span class='ocrx_word' id='word_1_8' title='bbox 658 418 890 482; x_wconf 78' lang='lat' dir='ltr'>eminentiorem</span> <span class='ocrx_word' id='word_1_9' title='bbox 914 417 1031 481; x_wconf 85' lang='lat' dir='ltr'>obtinet</span> <span class='ocrx_word' id='word_1_10' title='bbox 1051 416 1191 480; x_wconf 74' lang='lat' dir='ltr'><strong>Pontifex</strong></span> <span class='ocrx_word' id='word_1_11' title='bbox 1213 408 1247 502; x_wconf 84' lang='grc' dir='ltr'>(ή</span> <span class='ocrx_word' id='word_1_12' title='bbox 1270 405 1340 482; x_wconf 64' lang='lat' dir='ltr'>dero</span> <span class='ocrx_word' id='word_1_13' title='bbox 1358 439 1409 483; x_wconf 77' lang='lat' dir='ltr'>xo·</span> 
     </span>
     <span class='ocr_line' id='line_1_3' title="bbox 119 510 1407 606; baseline -0.003 -17"><span class='ocrx_word' id='word_1_14' title='bbox 119 510 273 606; x_wconf 62' lang='lat' dir='ltr'>&#39;erepat</span> <span class='ocrx_word' id='word_1_15' title='bbox 316 522 380 585; x_wconf 82' lang='lat' dir='ltr'>Sub</span> <span class='ocrx_word' id='word_1_16' title='bbox 410 522 497 585; x_wconf 86' lang='lat' dir='ltr'>altari</span> <span class='ocrx_word' id='word_1_17' title='bbox 525 520 610 583; x_wconf 88' lang='lat' dir='ltr'>locus</span> <span class='ocrx_word' id='word_1_18' title='bbox 634 530 869 594; x_wconf 67' lang='lat' dir='ltr'>exoniensem,</span> <span class='ocrx_word' id='word_1_19' title='bbox 898 538 994 601; x_wconf 87' lang='lat' dir='ltr'>aquae</span> <span class='ocrx_word' id='word_1_20' title='bbox 1016 538 1074 599; x_wconf 89' lang='lat' dir='ltr'>qua</span> <span class='ocrx_word' id='word_1_21' title='bbox 1097 518 1246 582; x_wconf 88' lang='lat' dir='ltr'>inmissa</span> <span class='ocrx_word' id='word_1_22' title='bbox 1269 519 1407 585; x_wconf 76' lang='lat' dir='ltr'>Sacerdos</span> 
     </span>
     <span class='ocr_line' id='line_1_4' title="bbox 140 620 1406 709; baseline -0.004 -21"><span class='ocrx_word' id='word_1_23' title='bbox 140 626 272 689; x_wconf 77' lang='lat' dir='ltr'>adluitur</span> <span class='ocrx_word' id='word_1_24' title='bbox 304 622 445 703; x_wconf 88' lang='lat' dir='ltr'>omnique</span> <span class='ocrx_word' id='word_1_25' title='bbox 479 622 530 684; x_wconf 88' lang='lat' dir='ltr'>aiii</span> <span class='ocrx_word' id='word_1_26' title='bbox 558 630 629 704; x_wconf 90' lang='lat' dir='ltr'>post</span> <span class='ocrx_word' id='word_1_27' title='bbox 660 630 823 702; x_wconf 83' lang='lat' dir='ltr'>expurgata</span> <span class='ocrx_word' id='word_1_28' title='bbox 857 641 928 684; x_wconf 83' lang='lat' dir='ltr'>vase</span> <span class='ocrx_word' id='word_1_29' title='bbox 968 639 1054 684; x_wconf 89' lang='lat' dir='ltr'>sacra</span> <span class='ocrx_word' id='word_1_30' title='bbox 1088 620 1197 695; x_wconf 84' lang='lat' dir='ltr'>eluviei</span> <span class='ocrx_word' id='word_1_31' title='bbox 1224 621 1406 709; x_wconf 77' lang='lat' dir='ltr'>recipiendae</span> 
     </span>
     <span class='ocr_line' id='line_1_5' title="bbox 140 713 1405 808; baseline -0.003 -18"><span class='ocrx_word' id='word_1_32' title='bbox 140 727 307 808; x_wconf 85' lang='lat' dir='ltr'>dispositus</span> <span class='ocrx_word' id='word_1_33' title='bbox 329 717 512 804; x_wconf 79' lang='grc' dir='ltr'><strong><em>(θάλασσα,</em></strong></span> <span class='ocrx_word' id='word_1_34' title='bbox 533 715 769 801; x_wconf 82' lang='grc' dir='ltr'><strong><em>θαλαττίδιον)</em></strong></span> <span class='ocrx_word' id='word_1_35' title='bbox 796 717 905 800; x_wconf 70' lang='grc' dir='ltr'><strong><em>,κατὰ</em></strong></span> <span class='ocrx_word' id='word_1_36' title='bbox 922 713 1064 808; x_wconf 75' lang='grc' dir='ltr'><strong><em>μίμησιν</em></strong></span> <span class='ocrx_word' id='word_1_37' title='bbox 1085 713 1168 798; x_wconf 82' lang='grc' dir='ltr'><strong><em>ἰ’σοις</em></strong></span> <span class='ocrx_word' id='word_1_38' title='bbox 1187 724 1249 806; x_wconf 79' lang='grc' dir='ltr'><strong><em>τῆς</em></strong></span> <span class='ocrx_word' id='word_1_39' title='bbox 1269 720 1405 799; x_wconf 79' lang='grc' dir='ltr'><strong><em>παλαιός</em></strong></span> 
     </span>
     <span class='ocr_line' id='line_1_6' title="bbox 77 816 1430 913; baseline -0.004 -20"><span class='ocrx_word' id='word_1_40' title='bbox 77 850 109 911; x_wconf 56' lang='lat'>,²722</span> <span class='ocrx_word' id='word_1_41' title='bbox 139 821 238 913; x_wconf 74' lang='grc' dir='ltr'><strong><em>ἁγίας</em></strong></span> <span class='ocrx_word' id='word_1_42' title='bbox 264 827 412 912; x_wconf 79' lang='grc' dir='ltr'><em>γραφῆς·</em></span> <span class='ocrx_word' id='word_1_43' title='bbox 439 821 497 890; x_wconf 78' lang='grc' dir='ltr'><strong><em>καί</em></strong></span> <span class='ocrx_word' id='word_1_44' title='bbox 526 816 741 908; x_wconf 78' lang='grc' dir='ltr'><strong><em>διεπορεύετο</em></strong></span> <span class='ocrx_word' id='word_1_45' title='bbox 768 819 808 888; x_wconf 83' lang='grc' dir='ltr'><strong><em>τό</em></strong></span> <span class='ocrx_word' id='word_1_46' title='bbox 836 816 925 909; x_wconf 70' lang='grc' dir='ltr'><strong><em>ὕδωρ</em></strong></span> <span class='ocrx_word' id='word_1_47' title='bbox 952 816 1061 909; x_wconf 78' lang='grc' dir='ltr'><strong><em>κόκλη)</em></strong></span> <span class='ocrx_word' id='word_1_48' title='bbox 1087 825 1149 886; x_wconf 80' lang='grc' dir='ltr'>τοῦ</span> <span class='ocrx_word' id='word_1_49' title='bbox 1172 816 1430 910; x_wconf 77' lang='grc' dir='ltr'><strong><em>θασιασιηρίιι.</em></strong></span> 
     </span>
     <span class='ocr_line' id='line_1_7' title="bbox 139 918 1430 1014; baseline -0.01 -19.66"><span class='ocrx_word' id='word_1_50' title='bbox 139 925 197 994; x_wconf 81' lang='grc' dir='ltr'><strong><em>καὶ</em></strong></span> <span class='ocrx_word' id='word_1_51' title='bbox 217 924 277 1014; x_wconf 82' lang='grc' dir='ltr'>τὴν</span> <span class='ocrx_word' id='word_1_52' title='bbox 298 921 476 991; x_wconf 82' lang='grc' dir='ltr'><strong><em>θάλασσαν</em></strong></span> <span class='ocrx_word' id='word_1_53' title='bbox 497 918 645 1011; x_wconf 71' lang='grc' dir='ltr'><strong><em>ἔπλησαν</em></strong></span> <span class='ocrx_word' id='word_1_54' title='bbox 666 919 823 1000; x_wconf 80' lang='grc' dir='ltr'><strong><em>όόατσς.“</em></strong></span> <span class='ocrx_word' id='word_1_55' title='bbox 1428 946 1430 951; x_wconf 96' lang='grc'><strong><em>·</em></strong></span> 
     </span>
    </p>

    <p class='ocr_par' dir='ltr' id='par_1_3' title="bbox 140 1019 1402 1918">
     <span class='ocr_line' id='line_1_8' title="bbox 225 1019 1400 1109; baseline -0.003 -17"><span class='ocrx_word' id='word_1_56' title='bbox 225 1030 259 1092; x_wconf 88' lang='lat' dir='ltr'>ln</span> <span class='ocrx_word' id='word_1_57' title='bbox 288 1029 395 1092; x_wconf 89' lang='lat' dir='ltr'>codem</span> <span class='ocrx_word' id='word_1_58' title='bbox 422 1029 555 1092; x_wconf 87' lang='lat' dir='ltr'>sacrario</span> <span class='ocrx_word' id='word_1_59' title='bbox 587 1027 675 1108; x_wconf 88' lang='lat' dir='ltr'>panis</span> <span class='ocrx_word' id='word_1_60' title='bbox 705 1026 874 1090; x_wconf 87' lang='lat' dir='ltr'>consecrati</span> <span class='ocrx_word' id='word_1_61' title='bbox 897 1025 1024 1090; x_wconf 83' lang='lat' dir='ltr'>imstuia</span> <span class='ocrx_word' id='word_1_62' title='bbox 1045 1019 1274 1109; x_wconf 83' lang='grc' dir='ltr'><strong><em>(μαργαρίται)</em></strong></span> <span class='ocrx_word' id='word_1_63' title='bbox 1293 1044 1347 1108; x_wconf 90' lang='lat' dir='ltr'>pro</span> <span class='ocrx_word' id='word_1_64' title='bbox 1367 1027 1400 1088; x_wconf 81' lang='lat' dir='ltr'>in</span> 
     </span>
     <span class='ocr_line' id='line_1_9' title="bbox 140 1127 1400 1209; baseline -0.004 -15"><span class='ocrx_word' id='word_1_65' title='bbox 140 1133 235 1194; x_wconf 81' lang='lat' dir='ltr'>firmis</span> <span class='ocrx_word' id='word_1_66' title='bbox 264 1139 465 1194; x_wconf 72' lang='lat' dir='ltr'>asservantur.</span> <span class='ocrx_word' id='word_1_67' title='bbox 508 1130 673 1192; x_wconf 84' lang='lat' dir='ltr'>Recondita</span> <span class='ocrx_word' id='word_1_68' title='bbox 701 1137 772 1191; x_wconf 92' lang='lat' dir='ltr'>snut</span> <span class='ocrx_word' id='word_1_69' title='bbox 799 1127 829 1188; x_wconf 93' lang='lat' dir='ltr'>in</span> <span class='ocrx_word' id='word_1_70' title='bbox 857 1145 930 1189; x_wconf 87' lang='lat' dir='ltr'>raso</span> <span class='ocrx_word' id='word_1_71' title='bbox 953 1127 1062 1207; x_wconf 79' lang='lat' dir='ltr'>ligneo,</span> <span class='ocrx_word' id='word_1_72' title='bbox 1091 1127 1143 1189; x_wconf 89' lang='lat' dir='ltr'>obi</span> <span class='ocrx_word' id='word_1_73' title='bbox 1164 1127 1196 1189; x_wconf 94' lang='lat' dir='ltr'>id</span> <span class='ocrx_word' id='word_1_74' title='bbox 1219 1128 1286 1190; x_wconf 87' lang='lat' dir='ltr'>iieri</span> <span class='ocrx_word' id='word_1_75' title='bbox 1307 1135 1400 1209; x_wconf 81' lang='lat' dir='ltr'>potest,</span> 
     </span>
     <span class='ocr_line' id='line_1_10' title="bbox 140 1219 1401 1313; baseline -0.003 -18"><span class='ocrx_word' id='word_1_76' title='bbox 140 1242 282 1311; x_wconf 78' lang='lat' dir='ltr'>argenteo</span> <span class='ocrx_word' id='word_1_77' title='bbox 305 1232 350 1294; x_wconf 86' lang='lat' dir='ltr'>rel</span> <span class='ocrx_word' id='word_1_78' title='bbox 373 1250 473 1304; x_wconf 89' lang='lat' dir='ltr'>aureo,</span> <span class='ocrx_word' id='word_1_79' title='bbox 496 1231 534 1293; x_wconf 88' lang='lat' dir='ltr'>ad</span> <span class='ocrx_word' id='word_1_80' title='bbox 557 1230 673 1311; x_wconf 75' lang='lat' dir='ltr'>pyxidis</span> <span class='ocrx_word' id='word_1_81' title='bbox 694 1230 791 1293; x_wconf 88' lang='lat' dir='ltr'>instar</span> <span class='ocrx_word' id='word_1_82' title='bbox 811 1228 964 1291; x_wconf 87' lang='lat' dir='ltr'>elaborato</span> <span class='ocrx_word' id='word_1_83' title='bbox 980 1221 1184 1313; x_wconf 82' lang='grc' dir='ltr'><strong><em>(μιξόμηλον,</em></strong></span> <span class='ocrx_word' id='word_1_84' title='bbox 1206 1221 1336 1305; x_wconf 79' lang='grc' dir='ltr'><strong><em>πόξιον,</em></strong></span> <span class='ocrx_word' id='word_1_85' title='bbox 1355 1219 1401 1310; x_wconf 87' lang='grc' dir='ltr'><strong><em>όρ-</em></strong></span> 
     </span>
     <span class='ocr_line' id='line_1_11' title="bbox 140 1326 1400 1420; baseline -0.006 -23"><span class='ocrx_word' id='word_1_86' title='bbox 140 1326 324 1420; x_wconf 87' lang='grc' dir='ltr'><strong><em>τοφόριον).</em></strong></span> <span class='ocrx_word' id='word_1_87' title='bbox 367 1332 452 1394; x_wconf 84' lang='grc' dir='ltr'><strong><em>Ηεαο</em></strong></span> <span class='ocrx_word' id='word_1_88' title='bbox 473 1330 622 1412; x_wconf 77' lang='lat' dir='ltr'>pyxidem,</span> <span class='ocrx_word' id='word_1_89' title='bbox 649 1348 751 1410; x_wconf 89' lang='lat' dir='ltr'>panno</span> <span class='ocrx_word' id='word_1_90' title='bbox 781 1334 896 1393; x_wconf 90' lang='lat' dir='ltr'>sericeo</span> <span class='ocrx_word' id='word_1_91' title='bbox 919 1329 1082 1391; x_wconf 79' lang='lat' dir='ltr'>involutam</span> <span class='ocrx_word' id='word_1_92' title='bbox 1105 1339 1157 1393; x_wconf 88' lang='lat' dir='ltr'>aut</span> <span class='ocrx_word' id='word_1_93' title='bbox 1177 1330 1300 1393; x_wconf 91' lang='lat' dir='ltr'>sacculo</span> <span class='ocrx_word' id='word_1_94' title='bbox 1320 1328 1400 1392; x_wconf 86' lang='lat' dir='ltr'>incin-</span> 
     </span>
     <span class='ocr_line' id='line_1_12' title="bbox 141 1430 1399 1513; baseline -0.004 -17"><span class='ocrx_word' id='word_1_95' title='bbox 141 1452 215 1506; x_wconf 86' lang='lat' dir='ltr'>sam,</span> <span class='ocrx_word' id='word_1_96' title='bbox 243 1451 329 1494; x_wconf 91' lang='lat' dir='ltr'>muro</span> <span class='ocrx_word' id='word_1_97' title='bbox 359 1433 534 1513; x_wconf 84' lang='lat' dir='ltr'>appendunt</span> <span class='ocrx_word' id='word_1_98' title='bbox 560 1450 616 1494; x_wconf 91' lang='lat' dir='ltr'>nec</span> <span class='ocrx_word' id='word_1_99' title='bbox 649 1431 759 1494; x_wconf 78' lang='lat' dir='ltr'>desunt</span> <span class='ocrx_word' id='word_1_100' title='bbox 785 1431 817 1492; x_wconf 92' lang='lat' dir='ltr'>in</span> <span class='ocrx_word' id='word_1_101' title='bbox 847 1431 987 1494; x_wconf 89' lang='lat' dir='ltr'>ecclesiis</span> <span class='ocrx_word' id='word_1_102' title='bbox 1008 1431 1174 1493; x_wconf 88' lang='lat' dir='ltr'>maioribus</span> <span class='ocrx_word' id='word_1_103' title='bbox 1197 1439 1228 1494; x_wconf 90' lang='lat' dir='ltr'>et</span> <span class='ocrx_word' id='word_1_104' title='bbox 1250 1430 1399 1512; x_wconf 76' lang='lat' dir='ltr'>opulentia</span> 
     </span>
     <span class='ocr_line' id='line_1_13' title="bbox 140 1520 1402 1617; baseline -0.001 -21"><span class='ocrx_word' id='word_1_105' title='bbox 140 1535 226 1597; x_wconf 88' lang='lat' dir='ltr'>ribus</span> <span class='ocrx_word' id='word_1_106' title='bbox 247 1532 360 1595; x_wconf 87' lang='lat' dir='ltr'>lumina</span> <span class='ocrx_word' id='word_1_107' title='bbox 380 1533 587 1595; x_wconf 84' lang='lat' dir='ltr'>indesinenter</span> <span class='ocrx_word' id='word_1_108' title='bbox 608 1522 801 1617; x_wconf 80' lang='grc' dir='ltr'><strong><em>όρτοφορόιρ</em></strong></span> <span class='ocrx_word' id='word_1_109' title='bbox 822 1540 853 1594; x_wconf 86' lang='lat' dir='ltr'>et</span> <span class='ocrx_word' id='word_1_110' title='bbox 873 1533 963 1594; x_wconf 87' lang='lat' dir='ltr'>simui</span> <span class='ocrx_word' id='word_1_111' title='bbox 986 1531 1069 1595; x_wconf 87' lang='lat' dir='ltr'>altari</span> <span class='ocrx_word' id='word_1_112' title='bbox 1091 1532 1299 1612; x_wconf 80' lang='lat' dir='ltr'>praelucentis</span> <span class='ocrx_word' id='word_1_113' title='bbox 1313 1520 1402 1611; x_wconf 79' lang='grc' dir='ltr'><strong><em>(όκοό-</em></strong></span> 
     </span>
     <span class='ocr_line' id='line_1_14' title="bbox 142 1622 1401 1718; baseline -0.002 -22"><span class='ocrx_word' id='word_1_114' title='bbox 142 1656 241 1718; x_wconf 83' lang='grc' dir='ltr'><strong><em>μητα,</em></strong></span> <span class='ocrx_word' id='word_1_115' title='bbox 258 1622 426 1715; x_wconf 75' lang='grc' dir='ltr'><strong><em>όσβεστα).</em></strong></span> <span class='ocrx_word' id='word_1_116' title='bbox 468 1632 649 1713; x_wconf 82' lang='lat' dir='ltr'>Plerumque</span> <span class='ocrx_word' id='word_1_117' title='bbox 662 1633 721 1697; x_wconf 90' lang='lat' dir='ltr'>hoc</span> <span class='ocrx_word' id='word_1_118' title='bbox 737 1634 917 1696; x_wconf 83' lang='lat' dir='ltr'>sacrementi</span> <span class='ocrx_word' id='word_1_119' title='bbox 933 1633 1156 1696; x_wconf 88' lang='lat' dir='ltr'>tabernaculum</span> <span class='ocrx_word' id='word_1_120' title='bbox 1171 1653 1264 1716; x_wconf 88' lang='lat' dir='ltr'>super</span> <span class='ocrx_word' id='word_1_121' title='bbox 1278 1634 1401 1697; x_wconf 82' lang='lat' dir='ltr'>thronum</span> 
     </span>
     <span class='ocr_line' id='line_1_15' title="bbox 141 1730 1401 1817; baseline -0.002 -19"><span class='ocrx_word' id='word_1_122' title='bbox 141 1736 295 1817; x_wconf 84' lang='lat' dir='ltr'>pontificis</span> <span class='ocrx_word' id='word_1_123' title='bbox 318 1743 500 1797; x_wconf 84' lang='lat' dir='ltr'>exstructum</span> <span class='ocrx_word' id='word_1_124' title='bbox 523 1733 614 1808; x_wconf 87' lang='lat' dir='ltr'>ost¹):</span> <span class='ocrx_word' id='word_1_125' title='bbox 638 1734 669 1796; x_wconf 91' lang='lat' dir='ltr'>in</span> <span class='ocrx_word' id='word_1_126' title='bbox 691 1733 759 1796; x_wconf 88' lang='lat' dir='ltr'>aliis</span> <span class='ocrx_word' id='word_1_127' title='bbox 782 1734 921 1798; x_wconf 87' lang='lat' dir='ltr'>ecclesiis</span> <span class='ocrx_word' id='word_1_128' title='bbox 943 1735 1042 1815; x_wconf 88' lang='lat' dir='ltr'>ipsum</span> <span class='ocrx_word' id='word_1_129' title='bbox 1070 1744 1158 1810; x_wconf 87' lang='lat' dir='ltr'>ornat</span> <span class='ocrx_word' id='word_1_130' title='bbox 1183 1735 1278 1800; x_wconf 86' lang='lat' dir='ltr'>altare</span> <span class='ocrx_word' id='word_1_131' title='bbox 1297 1735 1342 1799; x_wconf 84' lang='lat' dir='ltr'>rei</span> <span class='ocrx_word' id='word_1_132' title='bbox 1354 1730 1401 1815; x_wconf 83' lang='lat' dir='ltr'>ipsi</span> 
     </span>
     <span class='ocr_line' id='line_1_16' title="bbox 142 1822 357 1918; baseline -0.014 -18"><span class='ocrx_word' id='word_1_133' title='bbox 142 1822 357 1918; x_wconf 70' lang='lat' dir='ltr'>superpendet&#39;.</span> 
     </span>
    </p>

    <p class='ocr_par' dir='ltr' id='par_1_4' title="bbox 139 1931 1403 2524">
     <span class='ocr_line' id='line_1_17' title="bbox 226 1931 1401 2020; baseline -0.003 -20"><span class='ocrx_word' id='word_1_134' title='bbox 226 1937 260 2000; x_wconf 90' lang='lat' dir='ltr'>in</span> <span class='ocrx_word' id='word_1_135' title='bbox 294 1937 368 2000; x_wconf 90' lang='lat' dir='ltr'>ceila</span> <span class='ocrx_word' id='word_1_136' title='bbox 399 1931 598 2020; x_wconf 78' lang='grc' dir='ltr'><strong><em>προθέσεως</em></strong></span> <span class='ocrx_word' id='word_1_137' title='bbox 628 1935 774 1998; x_wconf 80' lang='lat' dir='ltr'>collocata</span> <span class='ocrx_word' id='word_1_138' title='bbox 807 1943 854 1998; x_wconf 88' lang='lat' dir='ltr'>est</span> <span class='ocrx_word' id='word_1_139' title='bbox 886 1955 990 1999; x_wconf 88' lang='lat' dir='ltr'>mensa</span> <span class='ocrx_word' id='word_1_140' title='bbox 1022 1936 1070 2003; x_wconf 83' lang='lat' dir='ltr'>vei</span> <span class='ocrx_word' id='word_1_141' title='bbox 1101 1955 1153 1999; x_wconf 92' lang='lat' dir='ltr'>ara</span> <span class='ocrx_word' id='word_1_142' title='bbox 1186 1935 1401 2019; x_wconf 78' lang='lat' dir='ltr'>propositionis.</span> 
     </span>
     <span class='ocr_line' id='line_1_18' title="bbox 141 2030 1402 2103; baseline -0.002 -2"><span class='ocrx_word' id='word_1_143' title='bbox 141 2038 175 2102; x_wconf 89' lang='lat' dir='ltr'>ln</span> <span class='ocrx_word' id='word_1_144' title='bbox 200 2059 235 2102; x_wconf 89' lang='lat' dir='ltr'>ea</span> <span class='ocrx_word' id='word_1_145' title='bbox 258 2037 408 2103; x_wconf 81' lang='lat' dir='ltr'>Sacerdos</span> <span class='ocrx_word' id='word_1_146' title='bbox 431 2044 500 2099; x_wconf 90' lang='lat' dir='ltr'>ante</span> <span class='ocrx_word' id='word_1_147' title='bbox 521 2036 644 2099; x_wconf 80' lang='lat' dir='ltr'>Missam</span> <span class='ocrx_word' id='word_1_148' title='bbox 674 2045 704 2099; x_wconf 88' lang='lat' dir='ltr'>et</span> <span class='ocrx_word' id='word_1_149' title='bbox 725 2055 784 2099; x_wconf 87' lang='lat' dir='ltr'>nna</span> <span class='ocrx_word' id='word_1_150' title='bbox 805 2055 873 2099; x_wconf 90' lang='lat' dir='ltr'>cum</span> <span class='ocrx_word' id='word_1_151' title='bbox 896 2055 932 2099; x_wconf 91' lang='lat' dir='ltr'>eo</span> <span class='ocrx_word' id='word_1_152' title='bbox 956 2037 1160 2101; x_wconf 82' lang='lat' dir='ltr'>ministrantes</span> <span class='ocrx_word' id='word_1_153' title='bbox 1182 2057 1289 2101; x_wconf 91' lang='lat' dir='ltr'>omnes</span> <span class='ocrx_word' id='word_1_154' title='bbox 1309 2030 1402 2100; x_wconf 84' lang='lat' dir='ltr'>resad</span> 
     </span>
     <span class='ocr_line' id='line_1_19' title="bbox 141 2138 1402 2221; baseline -0.002 -19"><span class='ocrx_word' id='word_1_155' title='bbox 141 2158 260 2204; x_wconf 88' lang='lat' dir='ltr'>sacrum</span> <span class='ocrx_word' id='word_1_156' title='bbox 292 2138 505 2219; x_wconf 89' lang='lat' dir='ltr'>complendum</span> <span class='ocrx_word' id='word_1_157' title='bbox 533 2138 722 2201; x_wconf 79' lang='lat' dir='ltr'>necessarias</span> <span class='ocrx_word' id='word_1_158' title='bbox 753 2147 786 2201; x_wconf 87' lang='lat' dir='ltr'>ut</span> <span class='ocrx_word' id='word_1_159' title='bbox 814 2157 933 2218; x_wconf 85' lang='lat' dir='ltr'>panem,</span> <span class='ocrx_word' id='word_1_160' title='bbox 966 2138 1066 2202; x_wconf 82' lang='lat' dir='ltr'>vinum</span> <span class='ocrx_word' id='word_1_161' title='bbox 1096 2148 1126 2202; x_wconf 91' lang='lat' dir='ltr'>et</span> <span class='ocrx_word' id='word_1_162' title='bbox 1147 2139 1206 2202; x_wconf 88' lang='lat' dir='ltr'>alia</span> <span class='ocrx_word' id='word_1_163' title='bbox 1229 2142 1402 2221; x_wconf 71' lang='lat' dir='ltr'>praeparari,</span> 
     </span>
     <span class='ocr_line' id='line_1_20' title="bbox 142 2238 1403 2322; baseline -0.002 -19"><span class='ocrx_word' id='word_1_164' title='bbox 142 2241 251 2322; x_wconf 88' lang='lat' dir='ltr'>quibus</span> <span class='ocrx_word' id='word_1_165' title='bbox 273 2240 367 2302; x_wconf 78' lang='lat' dir='ltr'>finitis</span> <span class='ocrx_word' id='word_1_166' title='bbox 390 2239 537 2303; x_wconf 88' lang='lat' dir='ltr'>secedunt</span> <span class='ocrx_word' id='word_1_167' title='bbox 559 2249 590 2303; x_wconf 88' lang='lat' dir='ltr'>et</span> <span class='ocrx_word' id='word_1_168' title='bbox 612 2239 642 2301; x_wconf 90' lang='lat' dir='ltr'>in</span> <span class='ocrx_word' id='word_1_169' title='bbox 665 2238 765 2301; x_wconf 90' lang='lat' dir='ltr'>medio</span> <span class='ocrx_word' id='word_1_170' title='bbox 789 2239 889 2314; x_wconf 88' lang='lat' dir='ltr'>altari,</span> <span class='ocrx_word' id='word_1_171' title='bbox 922 2249 1065 2321; x_wconf 72' lang='lat' dir='ltr'>unquam</span> <span class='ocrx_word' id='word_1_172' title='bbox 1085 2240 1130 2304; x_wconf 91' lang='lat' dir='ltr'>rei</span> <span class='ocrx_word' id='word_1_173' title='bbox 1152 2242 1290 2321; x_wconf 77' lang='lat' dir='ltr'>agendae</span> <span class='ocrx_word' id='word_1_174' title='bbox 1310 2253 1403 2305; x_wconf 77' lang='lat' dir='ltr'>norun</span> 
     </span>
     <span class='ocr_line' id='line_1_21' title="bbox 139 2339 1402 2423; baseline 0.001 -19"><span class='ocrx_word' id='word_1_175' title='bbox 139 2341 323 2423; x_wconf 89' lang='lat' dir='ltr'>principium</span> <span class='ocrx_word' id='word_1_176' title='bbox 345 2348 509 2412; x_wconf 88' lang='lat' dir='ltr'>sumentes,</span> <span class='ocrx_word' id='word_1_177' title='bbox 531 2340 691 2420; x_wconf 88' lang='lat' dir='ltr'>implorato</span> <span class='ocrx_word' id='word_1_178' title='bbox 714 2339 816 2402; x_wconf 87' lang='lat' dir='ltr'>divino</span> <span class='ocrx_word' id='word_1_179' title='bbox 838 2341 961 2403; x_wconf 91' lang='lat' dir='ltr'>numine</span> <span class='ocrx_word' id='word_1_180' title='bbox 982 2342 1104 2405; x_wconf 77' lang='lat' dir='ltr'>Missam</span> <span class='ocrx_word' id='word_1_181' title='bbox 1127 2342 1279 2422; x_wconf 89' lang='lat' dir='ltr'>incipiunt</span> <span class='ocrx_word' id='word_1_182' title='bbox 1299 2349 1329 2405; x_wconf 92' lang='lat' dir='ltr'>et</span> <span class='ocrx_word' id='word_1_183' title='bbox 1348 2354 1402 2404; x_wconf 77' lang='grc' dir='ltr'>σοι</span> 
     </span>
     <span class='ocr_line' id='line_1_22' title="bbox 141 2440 1292 2524; baseline 0 -19"><span class='ocrx_word' id='word_1_184' title='bbox 141 2462 218 2524; x_wconf 90' lang='lat' dir='ltr'>opus</span> <span class='ocrx_word' id='word_1_185' title='bbox 241 2442 332 2504; x_wconf 78' lang='lat' dir='ltr'>fuerit</span> <span class='ocrx_word' id='word_1_186' title='bbox 354 2459 370 2502; x_wconf 91' lang='lat' dir='ltr'>a</span> <span class='ocrx_word' id='word_1_187' title='bbox 392 2440 530 2503; x_wconf 88' lang='lat' dir='ltr'>Prothesi</span> <span class='ocrx_word' id='word_1_188' title='bbox 553 2441 632 2503; x_wconf 92' lang='lat' dir='ltr'>dona</span> <span class='ocrx_word' id='word_1_189' title='bbox 656 2442 714 2503; x_wconf 91' lang='lat' dir='ltr'>iam</span> <span class='ocrx_word' id='word_1_190' title='bbox 736 2451 914 2522; x_wconf 79' lang='lat' dir='ltr'>praeparata</span> <span class='ocrx_word' id='word_1_191' title='bbox 937 2443 975 2504; x_wconf 92' lang='lat' dir='ltr'>ad</span> <span class='ocrx_word' id='word_1_192' title='bbox 997 2443 1090 2506; x_wconf 83' lang='lat' dir='ltr'>citare</span> <span class='ocrx_word' id='word_1_193' title='bbox 1112 2442 1292 2522; x_wconf 79' lang='lat' dir='ltr'>deferunt.¹)</span> 
     </span>
    </p>
   </div>
   <div class='ocr_carea' id='block_1_3' title="bbox 141 2709 1409 3369">
    <p class='ocr_par' dir='ltr' id='par_1_5' title="bbox 141 2709 1409 3369">
     <span class='ocr_line' id='line_1_23' title="bbox 228 2709 1403 2774; baseline 0 -13"><span class='ocrx_word' id='word_1_194' title='bbox 228 2711 253 2772; x_wconf 81' lang='lat'>1)</span> <span class='ocrx_word' id='word_1_195' title='bbox 280 2711 367 2761; x_wconf 86' lang='lat' dir='ltr'>Goor.</span> <span class='ocrx_word' id='word_1_196' title='bbox 386 2709 403 2758; x_wconf 89' lang='grc'>1.</span> <span class='ocrx_word' id='word_1_197' title='bbox 414 2725 433 2758; x_wconf 89' lang='lat' dir='ltr'>e.</span> <span class='ocrx_word' id='word_1_198' title='bbox 452 2724 476 2772; x_wconf 88' lang='lat' dir='ltr'>p.</span> <span class='ocrx_word' id='word_1_199' title='bbox 490 2709 535 2758; x_wconf 80' lang='lat' dir='ltr'>id:</span> <span class='ocrx_word' id='word_1_200' title='bbox 554 2710 580 2759; x_wconf 92' lang='lat' dir='ltr'>ln</span> <span class='ocrx_word' id='word_1_201' title='bbox 599 2725 714 2774; x_wconf 87' lang='lat' dir='ltr'>supremo</span> <span class='ocrx_word' id='word_1_202' title='bbox 734 2712 833 2763; x_wconf 76' lang='lat' dir='ltr'>fornicis</span> <span class='ocrx_word' id='word_1_203' title='bbox 852 2715 906 2763; x_wconf 88' lang='lat' dir='ltr'>sinu</span> <span class='ocrx_word' id='word_1_204' title='bbox 925 2714 1046 2764; x_wconf 82' lang='lat' dir='ltr'>Christum</span> <span class='ocrx_word' id='word_1_205' title='bbox 1065 2714 1142 2764; x_wconf 81' lang='lat' dir='ltr'>divina</span> <span class='ocrx_word' id='word_1_206' title='bbox 1160 2729 1246 2764; x_wconf 84' lang='lat' dir='ltr'>sacrae</span> <span class='ocrx_word' id='word_1_207' title='bbox 1265 2728 1361 2764; x_wconf 85' lang='lat' dir='ltr'>mensae</span> <span class='ocrx_word' id='word_1_208' title='bbox 1376 2713 1403 2761; x_wconf 92' lang='lat' dir='ltr'>in·</span> 
     </span>
     <span class='ocr_line' id='line_1_24' title="bbox 142 2794 1404 2862; baseline 0.002 -16"><span class='ocrx_word' id='word_1_209' title='bbox 142 2798 280 2846; x_wconf 83' lang='lat' dir='ltr'>stitueutem</span> <span class='ocrx_word' id='word_1_210' title='bbox 298 2794 336 2843; x_wconf 89' lang='lat' dir='ltr'>rei</span> <span class='ocrx_word' id='word_1_211' title='bbox 354 2795 421 2858; x_wconf 86' lang='lat' dir='ltr'>qnasi</span> <span class='ocrx_word' id='word_1_212' title='bbox 440 2794 540 2858; x_wconf 89' lang='lat' dir='ltr'>populo,</span> <span class='ocrx_word' id='word_1_213' title='bbox 558 2808 645 2858; x_wconf 86' lang='lat' dir='ltr'>preces</span> <span class='ocrx_word' id='word_1_214' title='bbox 661 2796 779 2856; x_wconf 75' lang='lat' dir='ltr'>offerenti,</span> <span class='ocrx_word' id='word_1_215' title='bbox 797 2797 993 2849; x_wconf 83' lang='lat' dir='ltr'>benedicentem:</span> <span class='ocrx_word' id='word_1_216' title='bbox 1013 2807 1036 2847; x_wconf 85' lang='lat' dir='ltr'>et</span> <span class='ocrx_word' id='word_1_217' title='bbox 1054 2798 1404 2862; x_wconf 82' lang='lat' dir='ltr'>inierinspeniosaernmdpo·</span> 
     </span>
     <span class='ocr_line' id='line_1_25' title="bbox 142 2879 1405 2947; baseline -0.001 -17"><span class='ocrx_word' id='word_1_218' title='bbox 142 2881 261 2930; x_wconf 88' lang='lat' dir='ltr'>stolorum</span> <span class='ocrx_word' id='word_1_219' title='bbox 288 2879 389 2929; x_wconf 86' lang='lat' dir='ltr'>chorum</span> <span class='ocrx_word' id='word_1_220' title='bbox 416 2879 546 2943; x_wconf 77' lang='lat' dir='ltr'>depingere</span> <span class='ocrx_word' id='word_1_221' title='bbox 573 2879 608 2928; x_wconf 85' lang='lat' dir='ltr'>rei</span> <span class='ocrx_word' id='word_1_222' title='bbox 628 2893 702 2943; x_wconf 85' lang='lat' dir='ltr'>opere</span> <span class='ocrx_word' id='word_1_223' title='bbox 721 2882 813 2930; x_wconf 83' lang='lat' dir='ltr'>musivo</span> <span class='ocrx_word' id='word_1_224' title='bbox 831 2882 910 2932; x_wconf 85' lang='lat' dir='ltr'>soient</span> <span class='ocrx_word' id='word_1_225' title='bbox 928 2883 1062 2947; x_wconf 83' lang='lat' dir='ltr'>exprimere</span> <span class='ocrx_word' id='word_1_226' title='bbox 1080 2891 1104 2932; x_wconf 89' lang='lat' dir='ltr'>et</span> <span class='ocrx_word' id='word_1_227' title='bbox 1121 2896 1303 2947; x_wconf 77' lang='lat' dir='ltr'>nonnumquam</span> <span class='ocrx_word' id='word_1_228' title='bbox 1322 2883 1405 2932; x_wconf 81' lang='lat' dir='ltr'>iiienr·</span> 
     </span>
     <span class='ocr_line' id='line_1_26' title="bbox 142 2963 1405 3032; baseline -0.002 -17"><span class='ocrx_word' id='word_1_229' title='bbox 142 2966 200 3015; x_wconf 86' lang='lat' dir='ltr'>ciras</span> <span class='ocrx_word' id='word_1_230' title='bbox 223 2980 280 3014; x_wconf 88' lang='lat' dir='ltr'>snos</span> <span class='ocrx_word' id='word_1_231' title='bbox 305 2963 452 3027; x_wconf 72' lang='lat' dir='ltr'>Dionysium,</span> <span class='ocrx_word' id='word_1_232' title='bbox 477 2963 600 3025; x_wconf 78' lang='lat' dir='ltr'>Basiliam,</span> <span class='ocrx_word' id='word_1_233' title='bbox 625 2964 776 3027; x_wconf 73' lang='lat' dir='ltr'>Gregorinm</span> <span class='ocrx_word' id='word_1_234' title='bbox 801 2967 998 3029; x_wconf 74' lang='lat' dir='ltr'>chrysostomum</span> <span class='ocrx_word' id='word_1_235' title='bbox 1023 2976 1169 3032; x_wconf 84' lang='lat' dir='ltr'>sanctosque</span> <span class='ocrx_word' id='word_1_236' title='bbox 1194 2967 1257 3017; x_wconf 87' lang='lat' dir='ltr'>eiios</span> <span class='ocrx_word' id='word_1_237' title='bbox 1276 2967 1405 3018; x_wconf 83' lang='lat' dir='ltr'>secerdotes</span> 
     </span>
     <span class='ocr_line' id='line_1_27' title="bbox 141 3048 1406 3117; baseline -0.001 -18"><span class='ocrx_word' id='word_1_238' title='bbox 141 3050 217 3100; x_wconf 85' lang='lat' dir='ltr'>sacris</span> <span class='ocrx_word' id='word_1_239' title='bbox 236 3050 332 3100; x_wconf 89' lang='lat' dir='ltr'>indutos</span> <span class='ocrx_word' id='word_1_240' title='bbox 351 3048 475 3099; x_wconf 76' lang='lat' dir='ltr'>coloribus</span> <span class='ocrx_word' id='word_1_241' title='bbox 499 3049 623 3110; x_wconf 73' lang='lat' dir='ltr'>effingunt,</span> <span class='ocrx_word' id='word_1_242' title='bbox 648 3048 768 3100; x_wconf 83' lang='lat' dir='ltr'>Diaconos</span> <span class='ocrx_word' id='word_1_243' title='bbox 786 3061 865 3101; x_wconf 85' lang='lat' dir='ltr'>antem</span> <span class='ocrx_word' id='word_1_244' title='bbox 885 3066 1019 3116; x_wconf 65' lang='lat' dir='ltr'>nusquam</span> <span class='ocrx_word' id='word_1_245' title='bbox 1043 3060 1067 3100; x_wconf 86' lang='lat' dir='ltr'>at</span> <span class='ocrx_word' id='word_1_246' title='bbox 1084 3050 1104 3100; x_wconf 90' lang='lat' dir='ltr'>si</span> <span class='ocrx_word' id='word_1_247' title='bbox 1123 3065 1194 3115; x_wconf 80' lang='lat' dir='ltr'>qnos,</span> <span class='ocrx_word' id='word_1_248' title='bbox 1216 3059 1243 3101; x_wconf 88' lang='lat' dir='ltr'>ut</span> <span class='ocrx_word' id='word_1_249' title='bbox 1261 3052 1406 3117; x_wconf 74' lang='lat' dir='ltr'>Stephanum,</span> 
     </span>
     <span class='ocr_line' id='line_1_28' title="bbox 141 3133 1408 3201; baseline 0 -17"><span class='ocrx_word' id='word_1_250' title='bbox 141 3135 292 3195; x_wconf 74' lang='lat' dir='ltr'>Laurentius,</span> <span class='ocrx_word' id='word_1_251' title='bbox 311 3133 424 3198; x_wconf 79' lang='lat' dir='ltr'>Ephraim</span> <span class='ocrx_word' id='word_1_252' title='bbox 444 3142 489 3182; x_wconf 89' lang='lat' dir='ltr'>ete.</span> <span class='ocrx_word' id='word_1_253' title='bbox 509 3133 652 3195; x_wconf 79' lang='lat' dir='ltr'>imaginibus</span> <span class='ocrx_word' id='word_1_254' title='bbox 670 3135 694 3183; x_wconf 90' lang='lat' dir='ltr'>in</span> <span class='ocrx_word' id='word_1_255' title='bbox 713 3142 763 3184; x_wconf 89' lang='lat' dir='ltr'>toto</span> <span class='ocrx_word' id='word_1_256' title='bbox 782 3136 909 3185; x_wconf 86' lang='lat' dir='ltr'>trihnnaiis</span> <span class='ocrx_word' id='word_1_257' title='bbox 928 3136 1017 3186; x_wconf 79' lang='lat' dir='ltr'>ambitu</span> <span class='ocrx_word' id='word_1_258' title='bbox 1036 3134 1151 3185; x_wconf 87' lang='lat' dir='ltr'>decorare</span> <span class='ocrx_word' id='word_1_259' title='bbox 1170 3137 1280 3201; x_wconf 80' lang='lat' dir='ltr'>eupiunt,</span> <span class='ocrx_word' id='word_1_260' title='bbox 1297 3136 1353 3186; x_wconf 86' lang='lat' dir='ltr'>ilios</span> <span class='ocrx_word' id='word_1_261' title='bbox 1375 3146 1408 3184; x_wconf 82' lang='lat' dir='ltr'>et·</span> 
     </span>
     <span class='ocr_line' id='line_1_29' title="bbox 141 3213 1408 3284; baseline 0 -16"><span class='ocrx_word' id='word_1_262' title='bbox 141 3228 177 3268; x_wconf 87' lang='lat' dir='ltr'>tra</span> <span class='ocrx_word' id='word_1_263' title='bbox 196 3219 305 3269; x_wconf 85' lang='lat' dir='ltr'>absidem</span> <span class='ocrx_word' id='word_1_264' title='bbox 325 3219 348 3267; x_wconf 90' lang='lat' dir='ltr'>in</span> <span class='ocrx_word' id='word_1_265' title='bbox 366 3213 618 3284; x_wconf 62' lang='lat' dir='ltr'>decrevissemus,</span> <span class='ocrx_word' id='word_1_266' title='bbox 644 3219 680 3267; x_wconf 87' lang='lat' dir='ltr'>rei</span> <span class='ocrx_word' id='word_1_267' title='bbox 705 3220 761 3270; x_wconf 88' lang='lat' dir='ltr'>hinc</span> <span class='ocrx_word' id='word_1_268' title='bbox 779 3220 834 3270; x_wconf 85' lang='lat' dir='ltr'>inde</span> <span class='ocrx_word' id='word_1_269' title='bbox 852 3221 881 3270; x_wconf 91' lang='lat' dir='ltr'>ad</span> <span class='ocrx_word' id='word_1_270' title='bbox 900 3221 1002 3270; x_wconf 88' lang='lat' dir='ltr'>laterum</span> <span class='ocrx_word' id='word_1_271' title='bbox 1021 3234 1104 3269; x_wconf 87' lang='lat' dir='ltr'>muros</span> <span class='ocrx_word' id='word_1_272' title='bbox 1121 3221 1194 3270; x_wconf 81' lang='lat' dir='ltr'>variis</span> <span class='ocrx_word' id='word_1_273' title='bbox 1213 3221 1325 3272; x_wconf 78' lang='lat' dir='ltr'>colorum</span> <span class='ocrx_word' id='word_1_274' title='bbox 1343 3220 1408 3270; x_wconf 88' lang='lat' dir='ltr'>iinea·</span> 
     </span>
     <span class='ocr_line' id='line_1_30' title="bbox 141 3298 1409 3369; baseline 0 -17"><span class='ocrx_word' id='word_1_275' title='bbox 141 3305 228 3353; x_wconf 84' lang='lat' dir='ltr'>mentis</span> <span class='ocrx_word' id='word_1_276' title='bbox 247 3304 374 3352; x_wconf 74' lang='lat' dir='ltr'>efformare</span> <span class='ocrx_word' id='word_1_277' title='bbox 392 3303 595 3353; x_wconf 79' lang='lat' dir='ltr'>consueverunt.“</span> <span class='ocrx_word' id='word_1_278' title='bbox 631 3303 755 3365; x_wconf 75' lang='lat' dir='ltr'>Significat</span> <span class='ocrx_word' id='word_1_279' title='bbox 777 3305 840 3353; x_wconf 87' lang='lat' dir='ltr'>enim</span> <span class='ocrx_word' id='word_1_280' title='bbox 864 3298 894 3354; x_wconf 86' lang='grc' dir='ltr'><strong><em>τό</em></strong></span> <span class='ocrx_word' id='word_1_281' title='bbox 918 3299 1001 3368; x_wconf 74' lang='grc' dir='ltr'><strong><em>ἅγιον</em></strong></span> <span class='ocrx_word' id='word_1_282' title='bbox 1023 3303 1099 3369; x_wconf 80' lang='grc' dir='ltr'><strong><em>βῆμα</em></strong></span> <span class='ocrx_word' id='word_1_283' title='bbox 1122 3319 1150 3354; x_wconf 81' lang='lat' dir='ltr'>en</span> <span class='ocrx_word' id='word_1_284' title='bbox 1168 3306 1284 3356; x_wconf 83' lang='lat' dir='ltr'>Germani</span> <span class='ocrx_word' id='word_1_285' title='bbox 1300 3303 1409 3356; x_wconf 86' lang='lat' dir='ltr'>sententia</span> 
     </span>
    </p>
   </div>
   <div class='ocr_carea' id='block_1_4' title="bbox 55 3388 1410 3455">
    <p class='ocr_par' dir='ltr' id='par_1_6' title="bbox 55 3388 1410 3455">
     <span class='ocr_line' id='line_1_31' title="bbox 55 3388 1410 3455; baseline -0.001 -14"><span class='ocrx_word' id='word_1_286' title='bbox 55 3436 57 3441; x_wconf 80' lang='grc'><strong><em>,</em></strong></span> <span class='ocrx_word' id='word_1_287' title='bbox 140 3389 263 3447; x_wconf 85' lang='lat' dir='ltr'>thronum,</span> <span class='ocrx_word' id='word_1_288' title='bbox 283 3388 306 3436; x_wconf 91' lang='lat' dir='ltr'>in</span> <span class='ocrx_word' id='word_1_289' title='bbox 324 3401 371 3450; x_wconf 89' lang='lat' dir='ltr'>quo</span> <span class='ocrx_word' id='word_1_290' title='bbox 388 3388 552 3437; x_wconf 84' lang='lat' dir='ltr'>universorum</span> <span class='ocrx_word' id='word_1_291' title='bbox 570 3402 612 3437; x_wconf 81' lang='lat' dir='ltr'>rex</span> <span class='ocrx_word' id='word_1_292' title='bbox 629 3388 751 3452; x_wconf 87' lang='lat' dir='ltr'>praesidet</span> <span class='ocrx_word' id='word_1_293' title='bbox 768 3403 823 3438; x_wconf 88' lang='lat' dir='ltr'>cum</span> <span class='ocrx_word' id='word_1_294' title='bbox 842 3389 893 3438; x_wconf 89' lang='lat' dir='ltr'>sois</span> <span class='ocrx_word' id='word_1_295' title='bbox 912 3389 1029 3453; x_wconf 83' lang='lat' dir='ltr'>apostolis</span> <span class='ocrx_word' id='word_1_296' title='bbox 1047 3396 1120 3453; x_wconf 84' lang='lat' dir='ltr'>prout</span> <span class='ocrx_word' id='word_1_297' title='bbox 1144 3388 1193 3438; x_wconf 89' lang='lat' dir='ltr'>iilis</span> <span class='ocrx_word' id='word_1_298' title='bbox 1217 3391 1350 3455; x_wconf 83' lang='lat' dir='ltr'>praedixit:</span> <span class='ocrx_word' id='word_1_299' title='bbox 1372 3389 1410 3439; x_wconf 85' lang='lat' dir='ltr'>Se-</span> 
     </span>
    </p>
   </div>
   <div class='ocr_carea' id='block_1_5' title="bbox 138 3470 1421 4556">
    <p class='ocr_par' dir='ltr' id='par_1_7' title="bbox 140 3470 617 3536">
     <span class='ocr_line' id='line_1_32' title="bbox 140 3470 617 3536; baseline -0.002 -14"><span class='ocrx_word' id='word_1_300' title='bbox 140 3472 227 3523; x_wconf 85' lang='lat' dir='ltr'>debitis</span> <span class='ocrx_word' id='word_1_301' title='bbox 245 3486 320 3536; x_wconf 87' lang='lat' dir='ltr'>snper</span> <span class='ocrx_word' id='word_1_302' title='bbox 337 3470 408 3521; x_wconf 87' lang='lat' dir='ltr'>sedes</span> <span class='ocrx_word' id='word_1_303' title='bbox 426 3472 553 3521; x_wconf 88' lang='lat' dir='ltr'>duodecim</span> <span class='ocrx_word' id='word_1_304' title='bbox 572 3480 617 3521; x_wconf 85' lang='lat' dir='ltr'>etc.</span> 
     </span>
    </p>

    <p class='ocr_par' dir='ltr' id='par_1_8' title="bbox 138 3544 1421 4556">
     <span class='ocr_line' id='line_1_33' title="bbox 225 3544 1412 3622; baseline -0.003 -16"><span class='ocrx_word' id='word_1_305' title='bbox 225 3556 251 3616; x_wconf 81' lang='lat'>2)</span> <span class='ocrx_word' id='word_1_306' title='bbox 276 3555 509 3607; x_wconf 85' lang='lat' dir='ltr'>Christodnlos</span> <span class='ocrx_word' id='word_1_307' title='bbox 529 3557 552 3605; x_wconf 92' lang='lat' dir='ltr'>in</span> <span class='ocrx_word' id='word_1_308' title='bbox 571 3556 696 3606; x_wconf 84' lang='lat' dir='ltr'>Cateehesi</span> <span class='ocrx_word' id='word_1_309' title='bbox 714 3556 816 3607; x_wconf 83' lang='lat' dir='ltr'>Sancta:</span> <span class='ocrx_word' id='word_1_310' title='bbox 835 3582 867 3594; x_wconf 93' lang='lat'>-</span> <span class='ocrx_word' id='word_1_311' title='bbox 885 3548 902 3615; x_wconf 87' lang='grc' dir='ltr'><strong><em>ή</em></strong></span> <span class='ocrx_word' id='word_1_312' title='bbox 920 3550 1005 3622; x_wconf 77' lang='grc' dir='ltr'><strong><em>ἁγία</em></strong></span> <span class='ocrx_word' id='word_1_313' title='bbox 1023 3548 1177 3620; x_wconf 79' lang='grc' dir='ltr'><strong><em>τράπεζα</em></strong></span> <span class='ocrx_word' id='word_1_314' title='bbox 1194 3544 1268 3606; x_wconf 74' lang='grc' dir='ltr'><strong><em>εἶναι</em></strong></span> <span class='ocrx_word' id='word_1_315' title='bbox 1286 3552 1317 3607; x_wconf 79' lang='grc' dir='ltr'><strong><em>τό</em></strong></span> <span class='ocrx_word' id='word_1_316' title='bbox 1334 3555 1412 3608; x_wconf 70' lang='grc' dir='ltr'><strong><em>πλέον</em></strong></span> 
     </span>
     <span class='ocr_line' id='line_1_34' title="bbox 139 3632 1412 3709; baseline 0.002 -19"><span class='ocrx_word' id='word_1_317' title='bbox 139 3637 280 3706; x_wconf 75' lang='grc' dir='ltr'><strong><em>ἱξαίρετον</em></strong></span> <span class='ocrx_word' id='word_1_318' title='bbox 296 3640 382 3708; x_wconf 75' lang='grc' dir='ltr'><strong><em>μέρος</em></strong></span> <span class='ocrx_word' id='word_1_319' title='bbox 398 3638 444 3701; x_wconf 82' lang='grc' dir='ltr'><strong><em>τῆς</em></strong></span> <span class='ocrx_word' id='word_1_320' title='bbox 461 3636 613 3702; x_wconf 67' lang='grc' dir='ltr'><strong><em>ἐκκλησίας,</em></strong></span> <span class='ocrx_word' id='word_1_321' title='bbox 631 3638 679 3688; x_wconf 74' lang='grc' dir='ltr'><strong><em>καί</em></strong></span> <span class='ocrx_word' id='word_1_322' title='bbox 696 3634 743 3689; x_wconf 75' lang='grc' dir='ltr'><strong><em>διὰ</em></strong></span> <span class='ocrx_word' id='word_1_323' title='bbox 760 3640 839 3690; x_wconf 84' lang='grc' dir='ltr'><strong><em>τοῦτο</em></strong></span> <span class='ocrx_word' id='word_1_324' title='bbox 857 3632 982 3704; x_wconf 82' lang='grc' dir='ltr'><strong><em>στήκεται</em></strong></span> <span class='ocrx_word' id='word_1_325' title='bbox 999 3640 1038 3697; x_wconf 80' lang='grc' dir='ltr'><strong><em>είς</em></strong></span> <span class='ocrx_word' id='word_1_326' title='bbox 1055 3635 1085 3691; x_wconf 90' lang='grc' dir='ltr'><strong><em>τό</em></strong></span> <span class='ocrx_word' id='word_1_327' title='bbox 1101 3641 1190 3709; x_wconf 75' lang='grc' dir='ltr'><strong><em>μέσον</em></strong></span> <span class='ocrx_word' id='word_1_328' title='bbox 1206 3641 1258 3691; x_wconf 85' lang='grc' dir='ltr'>τοῦ</span> <span class='ocrx_word' id='word_1_329' title='bbox 1274 3634 1412 3708; x_wconf 70' lang='grc' dir='ltr'><strong><em>ι’τγίουβή·</em></strong></span> 
     </span>
     <span class='ocr_line' id='line_1_35' title="bbox 139 3715 1412 3792; baseline 0.002 -19"><span class='ocrx_word' id='word_1_330' title='bbox 139 3741 233 3790; x_wconf 78' lang='grc' dir='ltr'><strong><em>ματος,</em></strong></span> <span class='ocrx_word' id='word_1_331' title='bbox 258 3716 330 3774; x_wconf 83' lang='grc' dir='ltr'><strong><em>ὅπου</em></strong></span> <span class='ocrx_word' id='word_1_332' title='bbox 353 3715 425 3773; x_wconf 74' lang='grc' dir='ltr'><strong><em>εἶναι</em></strong></span> <span class='ocrx_word' id='word_1_333' title='bbox 447 3719 477 3772; x_wconf 86' lang='grc' dir='ltr'><strong><em>τό</em></strong></span> <span class='ocrx_word' id='word_1_334' title='bbox 502 3716 699 3788; x_wconf 76' lang='grc' dir='ltr'><strong><em>θυσιαστήριον</em></strong></span> <span class='ocrx_word' id='word_1_335' title='bbox 721 3715 739 3785; x_wconf 84' lang='grc' dir='ltr'><strong><em>ἢ</em></strong></span> <span class='ocrx_word' id='word_1_336' title='bbox 762 3722 810 3774; x_wconf 76' lang='grc' dir='ltr'><strong><em>καί</em></strong></span> <span class='ocrx_word' id='word_1_337' title='bbox 833 3716 999 3792; x_wconf 73' lang='grc' dir='ltr'><strong><em>ἱλαστήριον,</em></strong></span> <span class='ocrx_word' id='word_1_338' title='bbox 1025 3719 1144 3775; x_wconf 73' lang='grc' dir='ltr'><strong><em>αὐτὰτὰ</em></strong></span> <span class='ocrx_word' id='word_1_339' title='bbox 1161 3721 1229 3790; x_wconf 73' lang='grc' dir='ltr'><strong><em>ἅγια</em></strong></span> <span class='ocrx_word' id='word_1_340' title='bbox 1248 3725 1304 3776; x_wconf 72' lang='grc' dir='ltr'>τῶν</span> <span class='ocrx_word' id='word_1_341' title='bbox 1321 3720 1412 3792; x_wconf 70' lang='grc' dir='ltr'><strong><em>ἁγίαν.</em></strong></span> 
     </span>
     <span class='ocr_line' id='line_1_36' title="bbox 139 3799 1414 3904; baseline 0.004 -49"><span class='ocrx_word' id='word_1_342' title='bbox 139 3807 197 3856; x_wconf 74' lang='grc' dir='ltr'><strong><em>Καὶ</em></strong></span> <span class='ocrx_word' id='word_1_343' title='bbox 213 3799 365 3902; x_wconf 55' lang='grc' dir='ltr'><strong><em>σημαόεόεγ</em></strong></span> <span class='ocrx_word' id='word_1_344' title='bbox 382 3806 431 3869; x_wconf 74' lang='grc' dir='ltr'>τήν</span> <span class='ocrx_word' id='word_1_345' title='bbox 448 3799 585 3871; x_wconf 78' lang='grc' dir='ltr'><strong><em>τρόπεζαν</em></strong></span> <span class='ocrx_word' id='word_1_346' title='bbox 601 3804 668 3856; x_wconf 83' lang='grc' dir='ltr'><strong><em>καθ’</em></strong></span> <span class='ocrx_word' id='word_1_347' title='bbox 689 3801 723 3871; x_wconf 76' lang='grc' dir='ltr'><strong><em>ἣν</em></strong></span> <span class='ocrx_word' id='word_1_348' title='bbox 740 3807 788 3857; x_wconf 77' lang='grc' dir='ltr'><strong><em>καὶ</em></strong></span> <span class='ocrx_word' id='word_1_349' title='bbox 804 3805 837 3858; x_wconf 78' lang='lat' dir='ltr'>dr</span> <span class='ocrx_word' id='word_1_350' title='bbox 853 3808 890 3873; x_wconf 80' lang='lat' dir='ltr'>api</span> <span class='ocrx_word' id='word_1_351' title='bbox 906 3809 1031 3904; x_wconf 74' lang='grc' dir='ltr'><strong><em>μνστικηῖ</em></strong></span> <span class='ocrx_word' id='word_1_352' title='bbox 1048 3803 1133 3859; x_wconf 79' lang='grc' dir='ltr'><strong><em>αὐτοῦ</em></strong></span> <span class='ocrx_word' id='word_1_353' title='bbox 1150 3806 1257 3874; x_wconf 80' lang='grc' dir='ltr'><strong><em>δείπνῳ</em></strong></span> <span class='ocrx_word' id='word_1_354' title='bbox 1266 3805 1414 3876; x_wconf 79' lang='grc' dir='ltr'><strong><em>μίσονττίν</em></strong></span> 
     </span>
     <span class='ocr_line' id='line_1_37' title="bbox 139 3883 1415 3962; baseline 0.004 -24"><span class='ocrx_word' id='word_1_355' title='bbox 139 3886 304 3941; x_wconf 73' lang='grc' dir='ltr'><strong><em>ἀποστόλων</em></strong></span> <span class='ocrx_word' id='word_1_356' title='bbox 326 3884 411 3941; x_wconf 74' lang='grc' dir='ltr'><strong><em>αὑτοῦ</em></strong></span> <span class='ocrx_word' id='word_1_357' title='bbox 435 3885 586 3947; x_wconf 76' lang='grc' dir='ltr'><strong><em>καθίσας“</em></strong></span> <span class='ocrx_word' id='word_1_358' title='bbox 576 3907 590 3941; x_wconf 96' lang='grc' dir='ltr'><strong><em>ο</em></strong></span> <span class='ocrx_word' id='word_1_359' title='bbox 617 3886 710 3958; x_wconf 88' lang='grc' dir='ltr'><strong><em>κόριος</em></strong></span> <span class='ocrx_word' id='word_1_360' title='bbox 725 3885 808 3959; x_wconf 77' lang='grc' dir='ltr'><strong><em>ήμιόν</em></strong></span> <span class='ocrx_word' id='word_1_361' title='bbox 824 3891 872 3942; x_wconf 75' lang='grc' dir='ltr'><strong><em>καί</em></strong></span> <span class='ocrx_word' id='word_1_362' title='bbox 889 3883 1016 3957; x_wconf 68' lang='lat' dir='ltr'>tardo*</span> <span class='ocrx_word' id='word_1_363' title='bbox 999 3907 1085 3962; x_wconf 84' lang='grc' dir='ltr'><strong><em>αρτον</em></strong></span> <span class='ocrx_word' id='word_1_364' title='bbox 1101 3893 1157 3943; x_wconf 77' lang='grc' dir='ltr'><strong><em>κτλ.</em></strong></span> <span class='ocrx_word' id='word_1_365' title='bbox 1193 3885 1415 3961; x_wconf 71' lang='grc' dir='ltr'><strong><em>Σημαδεόεικτὶ</em></strong></span> 
     </span>
     <span class='ocr_line' id='line_1_38' title="bbox 139 3967 1416 4075; baseline 0.004 -51"><span class='ocrx_word' id='word_1_366' title='bbox 139 3969 170 4024; x_wconf 89' lang='grc' dir='ltr'><strong><em>τό</em></strong></span> <span class='ocrx_word' id='word_1_367' title='bbox 186 3976 293 4043; x_wconf 82' lang='grc' dir='ltr'><strong><em>μνῆμα,</em></strong></span> <span class='ocrx_word' id='word_1_368' title='bbox 311 3975 350 4033; x_wconf 83' lang='grc' dir='ltr'><strong><em>είς</em></strong></span> <span class='ocrx_word' id='word_1_369' title='bbox 366 3970 396 4025; x_wconf 88' lang='grc' dir='ltr'><strong><em>τό</em></strong></span> <span class='ocrx_word' id='word_1_370' title='bbox 415 3968 517 4026; x_wconf 87' lang='grc' dir='ltr'><strong><em>όποῑον</em></strong></span> <span class='ocrx_word' id='word_1_371' title='bbox 535 3973 650 4072; x_wconf 73' lang='grc' dir='ltr'><strong><em>ἔθαψαν</em></strong></span> <span class='ocrx_word' id='word_1_372' title='bbox 668 3970 887 4075; x_wconf 70' lang='grc' dir='ltr'>τόνΧριστόν.ι</span> <span class='ocrx_word' id='word_1_373' title='bbox 871 3994 890 4072; x_wconf 82' lang='grc' dir='ltr'><strong><em>η</em></strong></span> <span class='ocrx_word' id='word_1_374' title='bbox 908 3970 975 4042; x_wconf 76' lang='grc' dir='ltr'><strong><em>ἁγία</em></strong></span> <span class='ocrx_word' id='word_1_375' title='bbox 993 3969 1113 4046; x_wconf 81' lang='grc' dir='ltr'><strong><em>τρόπεζοι</em></strong></span> <span class='ocrx_word' id='word_1_376' title='bbox 1130 3972 1208 4028; x_wconf 64' lang='grc' dir='ltr'><strong><em>ἐστίν</em></strong></span> <span class='ocrx_word' id='word_1_377' title='bbox 1224 3973 1290 4028; x_wconf 74' lang='grc' dir='ltr'><strong><em>ἀντὶ</em></strong></span> <span class='ocrx_word' id='word_1_378' title='bbox 1306 3978 1356 4029; x_wconf 82' lang='grc' dir='ltr'>τοῦ</span> <span class='ocrx_word' id='word_1_379' title='bbox 1371 3967 1416 4029; x_wconf 85' lang='grc' dir='ltr'><strong><em>τό·</em></strong></span> 
     </span>
     <span class='ocr_line' id='line_1_39' title="bbox 139 4043 1417 4157; baseline 0.005 -50"><span class='ocrx_word' id='word_1_380' title='bbox 139 4073 196 4109; x_wconf 87' lang='grc' dir='ltr'><strong><em>που</em></strong></span> <span class='ocrx_word' id='word_1_381' title='bbox 213 4058 259 4122; x_wconf 82' lang='grc' dir='ltr'><strong><em>τῆς</em></strong></span> <span class='ocrx_word' id='word_1_382' title='bbox 276 4058 365 4126; x_wconf 79' lang='grc' dir='ltr'><strong><em>ταφῆς</em></strong></span> <span class='ocrx_word' id='word_1_383' title='bbox 381 4043 452 4110; x_wconf 79' lang='grc' dir='ltr'><strong><em>ἔν</em></strong></span> <span class='ocrx_word' id='word_1_384' title='bbox 430 4075 452 4124; x_wconf 83' lang='grc' dir='ltr'>ῳ</span> <span class='ocrx_word' id='word_1_385' title='bbox 469 4052 580 4122; x_wconf 74' lang='grc' dir='ltr'><strong><em>ἐτίθη”</em></strong></span> <span class='ocrx_word' id='word_1_386' title='bbox 568 4077 583 4110; x_wconf 95' lang='grc' dir='ltr'><strong><em>ο</em></strong></span> <span class='ocrx_word' id='word_1_387' title='bbox 602 4057 724 4128; x_wconf 85' lang='grc' dir='ltr'><strong><em>Χριστός</em></strong></span> <span class='ocrx_word' id='word_1_388' title='bbox 740 4045 806 4111; x_wconf 73' lang='grc' dir='ltr'><strong><em>ἐν</em></strong></span> <span class='ocrx_word' id='word_1_389' title='bbox 789 4078 809 4157; x_wconf 82' lang='grc' dir='ltr'><strong><em>η</em></strong></span> <span class='ocrx_word' id='word_1_390' title='bbox 824 4055 967 4128; x_wconf 86' lang='grc' dir='ltr'><strong><em>πρόκειται</em></strong></span> <span class='ocrx_word' id='word_1_391' title='bbox 983 4055 999 4112; x_wconf 91' lang='grc' dir='ltr'><strong><em>ό</em></strong></span> <span class='ocrx_word' id='word_1_392' title='bbox 1017 4054 1148 4130; x_wconf 78' lang='grc' dir='ltr'><strong><em>οὐράνιος</em></strong></span> <span class='ocrx_word' id='word_1_393' title='bbox 1163 4076 1249 4128; x_wconf 89' lang='grc' dir='ltr'><strong><em>αρτος</em></strong></span> <span class='ocrx_word' id='word_1_394' title='bbox 1265 4090 1297 4103; x_wconf 84' lang='lat'>·-·</span> <span class='ocrx_word' id='word_1_395' title='bbox 1308 4091 1344 4100; x_wconf 94' lang='lat'>—</span> <span class='ocrx_word' id='word_1_396' title='bbox 1360 4060 1417 4125; x_wconf 69' lang='grc' dir='ltr'>ἔξη-</span> 
     </span>
     <span class='ocr_line' id='line_1_40' title="bbox 138 4130 1419 4216; baseline 0.004 -23"><span class='ocrx_word' id='word_1_397' title='bbox 138 4145 228 4209; x_wconf 82' lang='grc' dir='ltr'><strong><em>γεῐται</em></strong></span> <span class='ocrx_word' id='word_1_398' title='bbox 250 4142 298 4192; x_wconf 77' lang='grc' dir='ltr'><strong><em>καὶ</em></strong></span> <span class='ocrx_word' id='word_1_399' title='bbox 320 4135 393 4193; x_wconf 82' lang='grc' dir='ltr'><strong><em>εἶναι</em></strong></span> <span class='ocrx_word' id='word_1_400' title='bbox 415 4136 430 4193; x_wconf 94' lang='grc' dir='ltr'><strong><em>ό</em></strong></span> <span class='ocrx_word' id='word_1_401' title='bbox 450 4139 614 4209; x_wconf 81' lang='grc' dir='ltr'><strong><em>χερουβικός</em></strong></span> <span class='ocrx_word' id='word_1_402' title='bbox 634 4136 739 4210; x_wconf 85' lang='grc' dir='ltr'><strong><em>θρόνος</em></strong></span> <span class='ocrx_word' id='word_1_403' title='bbox 760 4161 808 4196; x_wconf 87' lang='grc' dir='ltr'>του</span> <span class='ocrx_word' id='word_1_404' title='bbox 830 4140 957 4212; x_wconf 83' lang='grc' dir='ltr'><strong><em>μεγόίου</em></strong></span> <span class='ocrx_word' id='word_1_405' title='bbox 979 4146 1113 4210; x_wconf 71' lang='grc' dir='ltr'><strong><em>βασιλέως</em></strong></span> <span class='ocrx_word' id='word_1_406' title='bbox 1129 4130 1200 4196; x_wconf 75' lang='grc' dir='ltr'><strong><em>ἔν</em></strong></span> <span class='ocrx_word' id='word_1_407' title='bbox 1177 4162 1199 4195; x_wconf 80' lang='grc' dir='ltr'>οι</span> <span class='ocrx_word' id='word_1_408' title='bbox 1218 4139 1233 4197; x_wconf 89' lang='grc' dir='ltr'><strong><em>ό</em></strong></span> <span class='ocrx_word' id='word_1_409' title='bbox 1253 4136 1419 4216; x_wconf 70' lang='grc' dir='ltr'><strong><em>ἐπουράνιος</em></strong></span> 
     </span>
     <span class='ocr_line' id='line_1_41' title="bbox 138 4221 1417 4301; baseline 0.005 -26"><span class='ocrx_word' id='word_1_410' title='bbox 138 4221 238 4284; x_wconf 69' lang='grc' dir='ltr'>θεόςι</span> <span class='ocrx_word' id='word_1_411' title='bbox 226 4244 240 4278; x_wconf 91' lang='lat' dir='ltr'>o</span> <span class='ocrx_word' id='word_1_412' title='bbox 266 4224 314 4277; x_wconf 71' lang='lat' dir='ltr'>ent</span> <span class='ocrx_word' id='word_1_413' title='bbox 331 4229 385 4277; x_wconf 79' lang='grc' dir='ltr'>τῶν</span> <span class='ocrx_word' id='word_1_414' title='bbox 404 4225 590 4295; x_wconf 75' lang='grc' dir='ltr'><strong><em>Χερουβὶμέ</em></strong></span> <span class='ocrx_word' id='word_1_415' title='bbox 592 4223 769 4297; x_wconf 81' lang='grc' dir='ltr'><strong><em>ποχοόμενος</em></strong></span> <span class='ocrx_word' id='word_1_416' title='bbox 784 4230 955 4297; x_wconf 76' lang='grc' dir='ltr'><strong><em>σωματιθεὶς</em></strong></span> <span class='ocrx_word' id='word_1_417' title='bbox 971 4222 1195 4281; x_wconf 76' lang='grc' dir='ltr'><strong><em>ίπανεπαόσατο.</em></strong></span> <span class='ocrx_word' id='word_1_418' title='bbox 1219 4257 1254 4270; x_wconf 88' lang='grc'>·-</span> <span class='ocrx_word' id='word_1_419' title='bbox 1271 4259 1307 4269; x_wconf 90' lang='grc'>-</span> <span class='ocrx_word' id='word_1_420' title='bbox 1320 4225 1417 4301; x_wconf 68' lang='lat' dir='ltr'>‘lippea-</span> 
     </span>
     <span class='ocr_line' id='line_1_42' title="bbox 139 4306 1420 4384; baseline 0.005 -26"><span class='ocrx_word' id='word_1_421' title='bbox 139 4307 213 4362; x_wconf 79' lang='grc' dir='ltr'><strong><em>κτόει</em></strong></span> <span class='ocrx_word' id='word_1_422' title='bbox 235 4308 285 4374; x_wconf 85' lang='grc' dir='ltr'>τήν</span> <span class='ocrx_word' id='word_1_423' title='bbox 308 4307 485 4377; x_wconf 86' lang='grc' dir='ltr'><strong><em>πρόθεσιν</em></strong></span> <span class='ocrx_word' id='word_1_424' title='bbox 509 4306 524 4363; x_wconf 84' lang='grc' dir='ltr'><strong>ὁ</strong></span> <span class='ocrx_word' id='word_1_425' title='bbox 542 4307 844 4371; x_wconf 79' lang='grc' dir='ltr'><strong><em>Κωνσταντινοπόίεως</em></strong></span> <span class='ocrx_word' id='word_1_426' title='bbox 861 4311 1005 4383; x_wconf 85' lang='grc' dir='ltr'><strong><em>Γερμανὸς</em></strong></span> <span class='ocrx_word' id='word_1_427' title='bbox 1017 4310 1052 4366; x_wconf 77' lang='grc' dir='ltr'><strong><em>ντὶ</em></strong></span> <span class='ocrx_word' id='word_1_428' title='bbox 1069 4308 1213 4384; x_wconf 82' lang='grc' dir='ltr'><strong><em>σημαδεόη</em></strong></span> <span class='ocrx_word' id='word_1_429' title='bbox 1230 4309 1264 4367; x_wconf 84' lang='grc' dir='ltr'><strong><em>τό</em></strong></span> <span class='ocrx_word' id='word_1_430' title='bbox 1281 4312 1420 4380; x_wconf 73' lang='grc' dir='ltr'><strong><em>σπήλαιον</em></strong></span> 
     </span>
     <span class='ocr_line' id='line_1_43' title="bbox 141 4386 1420 4469; baseline 0.007 -27"><span class='ocrx_word' id='word_1_431' title='bbox 141 4386 213 4444; x_wconf 81' lang='grc' dir='ltr'><strong><em>ὅπου</em></strong></span> <span class='ocrx_word' id='word_1_432' title='bbox 231 4388 369 4462; x_wconf 73' lang='grc' dir='ltr'><strong><em>ἐγεννήθη</em></strong></span> <span class='ocrx_word' id='word_1_433' title='bbox 387 4389 540 4460; x_wconf 87' lang='grc' dir='ltr'><strong><em>όΧριστὸς,</em></strong></span> <span class='ocrx_word' id='word_1_434' title='bbox 559 4390 607 4459; x_wconf 82' lang='grc' dir='ltr'>τήν</span> <span class='ocrx_word' id='word_1_435' title='bbox 625 4395 656 4448; x_wconf 84' lang='grc' dir='ltr'><strong><em>ίν</em></strong></span> <span class='ocrx_word' id='word_1_436' title='bbox 673 4395 798 4465; x_wconf 74' lang='grc' dir='ltr'><strong><em>Ναζαρὲτ</em></strong></span> <span class='ocrx_word' id='word_1_437' title='bbox 815 4399 863 4448; x_wconf 72' lang='grc' dir='ltr'><strong><em>καὶ</em></strong></span> <span class='ocrx_word' id='word_1_438' title='bbox 878 4394 1072 4468; x_wconf 81' lang='grc' dir='ltr'><strong><em>Ιίαπερναοόμ</em></strong></span> <span class='ocrx_word' id='word_1_439' title='bbox 1090 4397 1233 4467; x_wconf 77' lang='grc' dir='ltr'><strong><em>διατριβήν</em></strong></span> <span class='ocrx_word' id='word_1_440' title='bbox 1251 4400 1300 4452; x_wconf 76' lang='grc' dir='ltr'><strong><em>καὶ</em></strong></span> <span class='ocrx_word' id='word_1_441' title='bbox 1311 4396 1342 4452; x_wconf 89' lang='grc' dir='ltr'><strong><em>τό</em></strong></span> <span class='ocrx_word' id='word_1_442' title='bbox 1355 4390 1420 4469; x_wconf 80' lang='grc' dir='ltr'><strong><em>όρος</em></strong></span> 
     </span>
     <span class='ocr_line' id='line_1_44' title="bbox 141 4474 1421 4556; baseline 0.007 -29"><span class='ocrx_word' id='word_1_443' title='bbox 141 4474 172 4527; x_wconf 79' lang='grc' dir='ltr'><strong><em>τὸ</em></strong></span> <span class='ocrx_word' id='word_1_444' title='bbox 191 4478 318 4545; x_wconf 73' lang='grc' dir='ltr'><strong><em>Γολγοθζί</em></strong></span> <span class='ocrx_word' id='word_1_445' title='bbox 335 4506 368 4518; x_wconf 95' lang='grc'><strong>-</strong></span> <span class='ocrx_word' id='word_1_446' title='bbox 386 4506 419 4517; x_wconf 92' lang='grc'><strong>-</strong></span> <span class='ocrx_word' id='word_1_447' title='bbox 438 4474 484 4529; x_wconf 79' lang='lat' dir='ltr'>dori</span> <span class='ocrx_word' id='word_1_448' title='bbox 502 4475 531 4530; x_wconf 93' lang='grc' dir='ltr'><strong><em>τό</em></strong></span> <span class='ocrx_word' id='word_1_449' title='bbox 549 4477 650 4532; x_wconf 89' lang='grc' dir='ltr'><strong><em>όποῐον</em></strong></span> <span class='ocrx_word' id='word_1_450' title='bbox 666 4481 714 4530; x_wconf 76' lang='grc' dir='ltr'><strong><em>καί</em></strong></span> <span class='ocrx_word' id='word_1_451' title='bbox 731 4475 747 4546; x_wconf 87' lang='grc' dir='ltr'><strong><em>ή</em></strong></span> <span class='ocrx_word' id='word_1_452' title='bbox 764 4476 883 4550; x_wconf 78' lang='grc' dir='ltr'><strong><em>τράπεζα</em></strong></span> <span class='ocrx_word' id='word_1_453' title='bbox 900 4475 972 4534; x_wconf 77' lang='grc' dir='ltr'><strong><em>εἶναι</em></strong></span> <span class='ocrx_word' id='word_1_454' title='bbox 989 4478 1082 4536; x_wconf 78' lang='grc' dir='ltr'><strong><em>πάντα</em></strong></span> <span class='ocrx_word' id='word_1_455' title='bbox 1099 4479 1169 4556; x_wconf 79' lang='grc' dir='ltr'><strong><em>σιμὰ</em></strong></span> <span class='ocrx_word' id='word_1_456' title='bbox 1187 4486 1227 4544; x_wconf 74' lang='grc' dir='ltr'><strong><em>είς</em></strong></span> <span class='ocrx_word' id='word_1_457' title='bbox 1243 4480 1293 4552; x_wconf 81' lang='grc' dir='ltr'>τήν</span> <span class='ocrx_word' id='word_1_458' title='bbox 1310 4480 1421 4556; x_wconf 82' lang='grc' dir='ltr'><strong><em>πρόθε-</em></strong></span> 
     </span>
    </p>
   </div>
   <div class='ocr_carea' id='block_1_6' title="bbox 998 4624 1025 4673">
    <p class='ocr_par' dir='ltr' id='par_1_9' title="bbox 998 4624 1025 4673">
     <span class='ocr_line' id='line_1_45' title="bbox 998 4624 1025 4673; baseline 0 0"><span class='ocrx_word' id='word_1_459' title='bbox 998 4624 1025 4673; x_wconf 66' lang='lat'>0</span> 
     </span>
    </p>
   </div>
   <div class='ocr_carea' id='block_1_7' title="bbox 0 0 1529 4912">
    <p class='ocr_par' dir='ltr' id='par_1_10' title="bbox 0 0 1529 4912">
     <span class='ocr_line' id='line_1_46' title="bbox 0 0 1529 4912; baseline 0 0"><span class='ocrx_word' id='word_1_460' title='bbox 0 0 1529 4912; x_wconf 95' lang='lat' dir='ltr'> </span> 
     </span>
    </p>
   </div>
  </div>
 </body>
</html>
