3044 4912
830 258 903 333 362

236 449 421 541 φωτεινῷ,
456 441 574 569 ἐνθρι
600 439 780 537 άπέδρα
806 437 944 567 λύπη,
976 440 1054 515 καὶ
1064 441 1362 570 στεναγμὸς·
1391 441 1483 518 676-

231 567 416 619 παυσον
449 541 595 639 αὐτὴν
628 542 647 616 6
677 541 837 627 (6669‘
816 551 966 639 ημῶν,
999 542 1077 617 καὶ
1109 540 1393 671 67676666007
1423 546 1483 619 66-

231 644 334 743 τὴν,
367 642 540 720 όποωλ
524 647 766 719 ἐπισκοπεῖ
803 644 853 718 τὸ
889 652 985 744 φῶς
1026 653 1107 720 τοῦ
1139 640 1390 741 προςεόπσυ
1422 672 1483 721 σοι

232 748 308 844 (Ιιο
335 748 408 845 365.
451 747 528 820 Ἔτι
562 746 849 875 παρακαλοῦμεν
884 769 940 820 σε·
985 744 1193 872 μνήσθητι,
1237 743 1376 844 Κύριε,
1418 744 1484 823 πό-

231 872 311 978 σης
362 851 613 973 66666607669
664 844 900 973 όρθοδόξου,
955 857 1046 922 τῶν
1101 846 1484 974 ὀρθρτομούντων

145 1047 148 1051 ¹
230 951 311 1027 τὸν
355 946 496 1077 λόγον
537 957 616 1046 τῆς
659 958 736 1045 669
772 948 1023 1046 ἀληθείας,
1070 947 1241 1033 παντὸς
1276 959 1363 1025 τοῦ
1399 981 1484 1046 πρι-

231 1050 511 1177 σβωτερίοα,
552 1059 630 1147 669
676 1053 723 1125 ἐν
769 1057 958 1178 X660666
1006 1049 1254 1161 διακονίας
1300 1054 1416 1147 (Glem.
1443 1059 1483 1127 15.

229 1156 294 1236 166.
319 1156 394 1251 345,
432 1152 496 1227 καὶ
530 1152 669 1281 παντὸς
693 1153 878 1250 ἱερατικοῦ
904 1151 1103 1281 τάγματος.
1146 1153 1223 1226 Ἔτι
1247 1155 1484 1281 προςφέηοιιμ

231 1278 290 1331 σοι
326 1253 476 1382 λογικὴν
511 1253 652 1351 ταύτην
688 1253 861 1351 λατρείαν
896 1283 988 1352 ινπερ
1024 1283 1088 1352 της
1124 1254 1414 1352 ολκονμένης,
1391 1283 1484 1348 οπερ

229 1364 306 1454 τῆς
332 1353 488 1483 άγίης
502 1358 759 1484 καθολικης
793 1355 870 1430 καὶ
912 1356 1220 1453 ἀποστολικῆς
1252 1357 1485 1454 ἐκκλησίας

231 1461 307 1553 (166.
319 1455 442 1555 34),‘
420 1454 512 1555 νπίρ
537 1465 616 1531 τῶν
641 1461 682 1532 ἐν
707 1456 837 1585 ἁγνείᾳ
863 1458 926 1531 καὶ
952 1466 1067 1554 σεμνῇ
1094 1456 1258 1556 πολιτείᾳ
1276 1456 1483 1585 διαγόντων,

228 1557 344 1688 ὑπὲρ
368 1565 462 1634 τῶν
486 1556 730 1649 πιστοτάτων,
756 1559 819 1633 καὶ
845 1558 1138 1657 φιλοχρίστων
1118 1568 1226 1656 6667
1250 1560 1483 1689 βασιλέων,

229 1658 369 1744 παντὸς
402 1667 470 1735 τοῦ
504 1659 699 1750 παλατίοι),
734 1660 812 1735 καὶ
846 1669 929 1734 τοῦ
951 1660 1290 1789 στρητοπέδοι)
1328 1662 1481 1736 αὐτῶν·

230 1759 309 1846 669
342 1760 523 1851 αὐτοῖς,
557 1759 737 1891 Κύριε,
762 1761 1000 1860 εἰρηνικόν
1032 1761 1080 1836 τὸ
1113 1762 1386 1859 βασίλειον,
1422 1766 1483 1837 ἵνα

228 1861 455 2038 76666669
475 1867 522 1940 ἐν
547 1873 599 1962 τῆ
624 1860 819 2039 6666676g
825 1863 979 1938 αὐτῶν
1002 1864 1177 1961 ἤρεμον
1200 1864 1279 1939 καὶ
1303 1862 1484 1992 ἡσύχιον

227 1962 339 2063 βίον
373 1961 612 2068 διάγωμεν
646 1961 766 2062 παίσῃ
802 1968 851 2039 ἐν
887 1964 1105 2064 εὐσεβείᾳ
1142 1965 1218 2040 καὶ
1246 1962 1482 2062 σεμνότητι

230 2067 344 2162 (Glem.
375 2070 447 2166 15).

309 2178 349 2251 ‘0
368 2182 431 2308 μεν
453 2179 604 2309 διάκονος
625 2180 824 2274 ἐπιστρέφει
843 2180 930 2305 6669
949 2181 1008 2270 τὴν
1028 2178 1138 2270 θύραν
1158 2185 1219 2248 τοῦ
1241 2177 1336 2269 ἆγίοι·
1350 2179 1484 2291 βήματος

227 2290 355 2400 κρηιτιόν
381 2283 420 2353 τὸ
449 2281 615 2400 ‹6666607
618 2288 690 2364 τοῖς
718 2284 825 2374 τρισίν
855 2277 969 2371 άκροις
1000 2280 1174 2363 δακτύλοις
1204 2282 1262 2351 καὶ
1287 2284 1400 2398 λέγει·
1422 2267 1481 2343 166

227 2369 382 2449 πάντων
413 2371 477 2446 καὶ
509 2379 651 2447 πασῶν.
701 2382 864 2475 (οχορὸς
891 2382 1031 2476 ψάλλει·
1060 2370 1135 2444 Καὶ
1160 2365 1315 2445 πάντων
1340 2372 1401 2445 καί
1423 2398 1482 2445 πα-

229 2483 318 2548 σῶν.
355 2484 486 2555 ‘066‘
475 2488 581 2574 ιερεὺς
603 2484 773 2576 ἒκφύνιος·

304 2591 368 2665 167
403 2588 561 2688 πρώτοις
586 2588 792 2716 μνήσθητι,
822 2586 947 2715 Κύριε,
983 2597 1051 2664 τοῦ
1078 2586 1366 2685 άρχιεπισκόποι)
1390 2589 1481 2715 6667

229 2710 300 2817 (ιηῦ
328 2706 457 2817 ὀεῖηος),
485 2692 528 2765 ὃν
550 2688 703 2817 χάρισαι
728 2697 808 2774 ταῖς
834 2691 981 2818 άγίαις
982 2717 1050 2764 σου
1076 2689 1317 2817 ἐκκλησίαις
1302 2720 1342 2765 εν
1360 2688 1478 2787 εἰρήνη,

230 2799 343 2888 σῶον,
379 2793 542 2889 ἔντιμον,
572 2791 690 2919 ὑγιᾶ,
726 2789 1074 2919 μακροηιιερεύοντα
1109 2792 1172 2865 καὶ
1208 2793 1478 2891 όρθοτοασῠνια

227 2892 295 2968 τόν
320 2890 431 2993 λόγον
456 2902 519 2990 τῆς
544 2901 609 2990 669
635 2892 821 3032 ἀληθείας

309 3007 425 3123 K66‘
406 3037 425 3080 ο
455 3007 607 3090 διάκονος
632 3009 718 3095 πρὸς
745 3015 785 3099 66
805 3007 896 3123 θύρᾳ
917 3009 1006 3121 στάς,
1030 3008 1134 3096 λεγει·
1171 3002 1238 3069 τοῦ
1274 2993 1394 3077 δέἷνθς
1425 3000 1477 3065 ῖθῧ

227 3095 470 3196 πατριάρχαι),
495 3096 820 3222 μητροπολίτοη,’
808 3127 827 3192 η
853 3094 1064 3184 επισκόποι),
1088 3107 1177 3189 ὅςτις
1197 3102 1282 3199 666
1316 3096 1378 3170 καὶ
1404 3091 1475 3217 ὑπὲρ

226 3206 294 3324 666
329 3199 636 3325 ιιρρςκοαίζοντος
668 3198 716 3272 τά
750 3198 838 3298 άγια
871 3197 977 3294 δῶρα
1003 3205 1121 3271 ταῦτα
1146 3163 1448 3291 εὐλαίδεστάτου(
1437 3221 1470 3265 ιε

227 3328 333 3398 ρεως·
370 3299 461 3426 ὑπὲρ
499 3301 681 3397 σωτηρίας
715 3307 793 3373 τῶν
825 3296 1099 3437 εὐσεβεστάτων
1131 3298 1195 3372 καὶ
1220 3297 1512 3405 θεοφωλάκτωι

225 3400 455 3530 (666666667
435 3410 553 3497 ημῶν.
589 3412 803 3494 066660609
822 3412 1018 3505 μνημονεύει
1039 3414 1081 3482 τὰ
1103 3412 1245 3526 66666666
1267 3422 1334 3528 667
1356 3412 1470 3498 ζώντων
1502 3408 1512 3423 ’

225 3504 300 3579 Καὶ
325 3499 478 3580 πάντων
503 3503 564 3578 καὶ
590 3511 733 3578 πασῶν.
767 3513 940 3606 Ὁχορός·
968 3502 1041 3576 Καὶ
1066 3498 1219 3577 πάντων
1245 3502 1309 3576 καὶ
1334 3509 1457 3576 πασά)

642 3666 680 3737 ‘0
702 3666 772 3737 δὲ(
762 3669 868 3757 ιερεὺς
888 3665 1073 3796 ἒπεύχετηι.

309 3771 515 3870 Μνήσθητι
543 3769 654 3898 Κύριε
689 3781 767 3868 της
803 3769 991 3858 πόλεως,
1027 3801 1076 3845 εν
1111 3764 1179 3866 ᾗ
1169 3778 1512 3868 παραινοῦμεν

226 3878 339 3968 [ΟΙοιω.
356 3880 426 3973 15),
453 3874 529 3948 καὶ
555 3874 701 3970 πάσης
727 3872 900 3957 πόλεως
924 3873 1002 3947 καὶ
1024 3869 1197 3970 χώρας,
1223 3874 1303 3946 καὶ
1328 3869 1512 3949 τῶνὲλ

224 3980 378 4050 πίστει
405 3973 705 4050 ολκούντων’
689 3977 919 4058 εναύταῖς
939 3978 1013 4069 (lac.
1029 3976 1106 4070 34)·
1134 3971 1338 4071 μνήσθητι,
1364 3968 1462 4061 766,
1511 3970 1512 3977 ¹

224 4077 479 4165 πλεόντων,
518 4074 922 4203 ὁδοιπορούντων,
960 4073 1248 4203 νοσούντων,
1281 4071 1460 4184 766766

224 4206 338 4268 των,
375 4175 687 4273 αλχααλωτων
712 4206 789 4252 ναι
807 4209 892 4274 τι
918 4177 1344 4305 σωηηρίαςαύτων·
1379 4161 1461 4271 μιι5

226 4284 377 4376 σθητι,
404 4278 555 4377 Κύριε,
582 4289 675 4355 τῶν
700 4215 1461 4405 καρποφορούντωνένταῖςάγίαιι·

226 4406 309 4455 σοι)
336 4381 613 4476 ἐκκλησίαις,
640 4381 717 4506 766
743 4385 982 4476 6666676666‘6
991 4411 1052 4456 ων
1072 4390 1165 4454 τιῡν
1183 4376 1460 4476 πενήτωνῌθΰ·

225 4484 303 4578 34)·
332 4483 392 4555 καὶ
420 4483 477 4555 ἐπὶ
504 4481 644 4565 πάντας
668 4483 766 4578 ἡμᾶς
791 4483 837 4555 τά
864 4483 940 4578 ελεη
968 4508 1034 4558 σοι)
1061 4480 1326 4567 εξαπόστειλον.
