3044 4912
727 194 800 269 430

579 369 617 442 ‘O
638 375 736 464 χορὸς
756 373 937 465 ψάλλει
902 401 942 444 το

212 477 314 555 Σί
291 487 498 575 υμνοῦμεν,
525 478 565 553 σέ
590 480 829 606 εὐλογοῦμεν,
857 479 916 554 σοὶ
937 481 1248 578 εὐχαριστοῦμεν,
1274 478 1384 581 Κύριε

126 610 191 658 και
178 579 441 679 δεόμεθα(
424 611 443 655 ο
472 579 602 664 Θεὸς“
581 588 701 678 ημῶν.

315 711 385 782 ‘0
374 713 481 800 ιερεῦς
500 709 669 794 κλίνας
632 739 692 802 την
712 709 919 804 κεφαλην”
881 739 1012 799 ευχεται
1031 721 1211 801 μυστικῶς.

212 818 285 894 Διά
309 827 429 893 ταῦτα
455 816 617 893 δέσποτα
610 817 813 944 πανάγιε,
839 818 902 893 καὶ
927 818 1030 916 ἡμεῖς
1051 821 1086 894 οἱ
1107 818 1389 917 ἁμαρτωλοὶκαί

103 917 272 1021 ,ἀνάξιοι
305 919 435 996 δοῦλοί
468 946 549 1009 σου,
585 920 619 993 06
652 919 945 1005 καταξιωθέντες
975 927 1203 1049 λειτουργεῖν
1226 929 1285 1021 τῷ
1291 921 1391 1052 ἁγίῳ

103 1048 197 1098 ·σου
219 1022 505 1151 θυσιαστηρίῳ,
542 1019 589 1096 οὐ
622 1019 686 1096 διὰ
722 1021 789 1106 τὰς
824 1020 1119 1106 δικαιοσύνας“
1098 1031 1224 1120 ημῶν,
1259 1024 1308 1100 οῦ
1331 1024 1391 1126 γάρ

127 1121 350 1255 ἔπριήσαμέν
381 1154 417 1198 τι
451 1123 603 1251 ἀγαθὸν
634 1123 694 1198 ἐπὶ
724 1132 790 1220 τῆς
813 1133 892 1249 γης,
929 1123 1022 1199 ἀλλὰ
1049 1124 1183 1199 διά
1138 1154 1188 1199 τα
1214 1127 1299 1224 ἐλέη
1323 1153 1391 1215 σου,
1425 1186 1427 1201 .

125 1226 189 1301 καὶ
220 1226 307 1309 τοὺς
340 1223 551 1321 ολκτιρμούς
584 1251 674 1315 σου,
708 1226 772 1309 οῦς
804 1227 943 1321 ἐξέχεας
975 1224 1224 1311 πλουσίους’
1208 1227 1265 1326 εφ’
1295 1227 1392 1324 ἡμᾶς,
1425 1278 1427 1283 -

126 1327 411 1456 προςεγγίζομεν
445 1334 499 1452 τηῦ
535 1325 631 1453 ἁγίῳ
668 1350 736 1403 σου
770 1328 1045 1426 θυσιαστηρίῳ·
1081 1329 1144 1403 καὶ
1178 1329 1392 1426 προςθέντες

125 1430 173 1503 τὰ
208 1429 391 1507 ἀντίτυπα
424 1438 493 1503 τοῦ
525 1427 635 1557 ἁγίου
670 1427 842 1524 σώματος
867 1429 930 1504 καὶ
957 1431 1112 1524 αἵματος
1136 1438 1207 1506 τοῦ
1231 1436 1392 1556 Χριστοῦ

127 1556 208 1620 σου,
236 1528 415 1625 δεόμεθα,
441 1531 504 1605 καί
531 1529 570 1604 σὲ
598 1530 948 1628 παρακαλοῦμεν,“
923 1560 1004 1632 αγιε
1029 1530 1150 1661 ἁγίων
1167 1530 1376 1661 εῦδοκίηι
1340 1561 1393 1658 της

127 1640 192 1729 σῆς
224 1629 472 1757 ἀγαθότηεος,
505 1634 631 1707 ἐλθεῖν
662 1632 706 1706 τὸ
731 1629 878 1728 πνεῦμά
906 1657 974 1707 σου
999 1632 1042 1708 τὸ
1070 1633 1179 1761 ἅγιον
1205 1634 1316 1733 ἐφ’*
1295 1643 1391 1732 ημᾶς,

125 1734 188 1808 καὶ
224 1734 281 1808 ἐπὶ
317 1733 363 1807 τά
400 1732 621 1831 προκείμενα
658 1732 765 1833 διῦρα
801 1742 933 1823 ταῦτα,
969 1734 1033 1809 καὶ
1065 1736 1268 1837 εὐλογῆσαι
1307 1735 1392 1812 αάιά

126 1837 189 1909 καί
215 1834 368 1937 ἁγιάσαι
393 1865 457 1910 και
445 1836 684 1921 ἀναδεῖξαι.

208 1948 421 2032 Ὁδιάκονος
447 1948 636 2042 άποτίθησι
663 1952 702 2020 τὸ
723 1950 881 2043 ῥιπίδιον
908 1949 993 2040 ὅπερ
1021 1949 1160 2041 ἐκράτει,
1189 1949 1391 2076 ίγκάλιμμο,

124 2053 181 2122 καὶ
208 2048 338 2137 εῦχεται
364 2053 534 2143 ἐγγύτερον
561 2061 609 2143 τῷ
637 2051 728 2141 ἱερεῖ,
757 2054 813 2121 καί
829 2059 1080 2177 πρρςκυνοῦσιν
1108 2050 1301 2144 ἀμφότεροι
1321 2054 1391 2144 τρίς,

125 2153 320 2269 ἔμπροσθεν
338 2162 413 2271 τῆς
445 2153 541 2267 ἁγίας
572 2156 747 2267 τραπέζης,
781 2154 838 2223 καί
870 2152 1040 2241 εὐχόμενοι
1070 2153 1148 2226 καθ’
1178 2153 1323 2237 ἓαυτοῦς
1349 2155 1390 2238 τί,

125 2243 146 2317 6
175 2244 262 2328 Θεὸς
287 2240 464 2389 ἱλάσθητί
490 2273 554 2338 μοι
578 2252 632 2318 τιῦ
659 2242 883 2341 ἁμαρτωλῷ,
906 2257 1039 2345 λέγουσι
1058 2264 1227 2344 μιστικιῦς
1248 2257 1331 2346 τρίς.

207 2360 365 2459 Ιιίίριετ
349 2393 368 2437 ο
394 2363 437 2437 τὸ
463 2358 651 2487 πανάγιόν
676 2386 745 2436 σου
771 2368 918 2457 πνεῦμα
944 2366 985 2438 ἐν
1010 2392 1054 2458 τη
1068 2361 1187 2489 τρίτη
1215 2361 1300 2460 ὥρᾳ
1323 2366 1389 2445 τοῖς

124 2465 342 2591 ἀποστόλοις
368 2490 436 2538 σου
462 2463 720 2560 καταπέμψας,
745 2471 855 2538 τοῦτο
882 2462 1005 2564 ἀγαθί
1030 2463 1082 2560 μὴ
1108 2464 1351 2560 ἀντανέλης
1332 2463 1384 2559 αφ’

122 2566 243 2661 ἡμῶν.
295 2582 365 2648 Καὶ
386 2580 435 2659 τὸ,
472 2564 635 2692 καψίαν
669 2564 849 2692 καθαρὰν
884 2565 1011 2640 κτίσον
1047 2571 1087 2641 ἐν
1122 2565 1205 2660 εἰιοὶ
1243 2565 1264 2639 6
1302 2565 1385 2649 Θεός.

124 2667 198 2740 Καὶ
223 2677 369 2761 πνεῦμα
396 2665 505 2749 εῦθίς
531 2691 742 2767 εγκαινισον
768 2670 808 2741 ἐν
834 2673 910 2749 τοῖς
935 2665 1100 2768 ἑγκοίτοις
1125 2696 1213 2762 μου.

208 2776 294 2849 Εἶτα
321 2782 380 2870 τὴν
407 2782 554 2871 κεφαλὴν
583 2777 763 2861 ἀποκλίνας
790 2780 808 2850 6
838 2781 998 2863 διάκονος,
1029 2782 1172 2851 δείκνυσι
1195 2789 1243 2872 τῷ
1267 2781 1385 2870 ώραρίῳ

122 2884 179 2952 τὸν
201 2882 296 2971 ἁγιον
318 2878 427 2972 ἀρτον.
470 2884 541 2950 Καὶ
562 2883 650 2970 λέγει
670 2891 844 2968 μυστικῶς.

205 2986 422 3090 Εῦλόγησον
449 2987 608 3061 δέσποτα
634 2988 701 3062 τὸν
728 2987 835 3088 ἅγιον
862 2990 986 3084 ἄρτον.

207 3105 277 3171 Καὶ
299 3102 317 3172 6
342 3103 446 3190 ἱερεὺς
469 3101 685 3190 ἀνιστάμενος
706 3103 881 3194 σφραγίζει
903 3106 973 3193 τρίς
994 3105 1036 3173 τὰ
1058 3103 1136 3192 ἀγια
1160 3107 1269 3195 δῶρα·
1295 3108 1384 3193 λέγων

120 3229 294 3290 μεστικιος.

212 3309 286 3383 Τὸν
318 3309 388 3402 μὲν
422 3312 537 3407 ἀρτον
569 3320 717 3400 τοῦτον,
751 3311 905 3406 ποίησον
939 3310 1030 3385 αὐτὸ
1064 3311 1106 3385 τὸ
1132 3311 1258 3406 τίμιον
1286 3321 1381 3401 σῶμα

121 3419 188 3484 τοῦ
216 3409 370 3508 Κυρίου,
397 3412 459 3485 καὶ
489 3416 593 3500 Θεοῦ,
619 3415 682 3486 καί
709 3422 872 3509 σωτῆρος
897 3413 1005 3508 ἡμῶν
1025 3414 1146 3508 Ἰησοῦ
1170 3420 1347 3511 Χριστοῦ.

204 3523 241 3593 Ὁ
264 3524 427 3606 διάκονος.
474 3511 600 3608 Ἀμήν.

544 3647 614 3714 Καί
637 3639 739 3726 αὖθις
761 3642 779 3715 6
803 3644 965 3726 διάκονος.

204 3749 420 3851 Ε’ῦλόγησον
446 3750 605 3824 δέσποτα
632 3751 674 3823 τὸ
701 3750 809 3852 ἅγιον
835 3749 1020 3846 ποτήριον.

499 3881 536 3950 Ὁ
559 3881 628 3951 δέί
619 3883 724 3969 ιερεάς
746 3880 887 3971 εάλογιῦν
909 3883 1007 3970 λέγει.

209 3987 258 4060 Τὸ
285 3986 325 4060 δὲ
352 3984 529 4111 ποτήριον
554 3996 678 4077 τοῦτο,
706 3986 797 4061 αὐτὸ
823 3987 866 4061 τὸ
893 3987 1018 4081 τίιιιον
1039 3987 1131 4085 αἷμα
1150 3999 1219 4072 τοῦ
1236 3990 1380 4090 Κυρίου,

118 4088 180 4161 καί
211 4094 315 4177 Θεοῦ,
342 4088 405 4162 καὶ
431 4097 594 4217 σωτῆρος
618 4089 727 4185 ηαιῦι
746 4090 868 4184 Ἰησοῦ
892 4095 1072 4186 Χριστοῦ

200 4202 417 4285 Θδιάκονος.
448 4189 574 4287 ’166‘67

663 4320 701 4390 Ὁ
724 4321 839 4411 ἱερεύς.

206 4425 255 4498 Τὸ
282 4425 442 4519 ἐκχυθέν
469 4426 560 4527 ὑπὲρ
585 4437 648 4524 τῆς
673 4436 742 4503 τοῦ
768 4426 910 4524 κόσμου
939 4428 1041 4523 ζωῆς.
