3044 4912
657 266 730 339 597

54 446 335 551 δωρησάμενος,
368 449 432 524 καὶ
463 456 532 523 τοῦ
556 455 752 545 Μανασσῆ
786 449 857 544 τὴν
888 448 948 523 ἐπὶ
972 451 1151 551 μετανοίᾳ
1177 484 1330 553 προςευ-

49 552 127 651 χὴν
153 550 366 648 δεξόμενος,
392 550 504 634 αὐτὸς
528 550 591 624 καὶ
615 551 683 627 τὸν
707 547 846 626 δοῦλόν
872 574 941 625 σου
968 552 1048 647 (τὸν
1072 553 1189 655 δεῖνα)
1214 586 1329 654 μετα-

53 662 234 744 νοοῦντα,
260 654 320 751 ἐφ’
351 651 407 737 οἷς
425 654 556 750 ἔπραξε
573 649 869 749 πλημμελήμασι,
895 650 1089 747 πρύςδεξαι
1106 666 1151 753 τῇ
1169 656 1329 757 συνήθει

55 781 128 834 σου
154 754 437 855 φιλανθρωπίᾳ,
463 762 641 851 παρορῶν
665 751 790 830 πάντα
814 754 863 827 τά
889 755 994 852 αὐτῷ
1019 763 1276 860 πεπραγμένα·
1307 760 1329 839 ὅ

55 857 180 957 ἀφιεὶς
204 856 368 946 ἀδικίας,
389 856 453 931 καί
476 854 718 955 ὑπερβαίνων
743 854 912 950 ἀνομίας.
939 856 1003 933 Σὺ
1017 858 1091 959 γὰρ
1110 860 1225 953 εἶπας,
1251 860 1330 941 Κύ-

56 988 126 1057 ριε,
160 961 205 1035 οὐ
238 956 386 1056 θελήσει
421 958 523 1033 θέλω
555 957 623 1032 τὸν
648 955 825 1033 θάνατον
849 967 917 1033 τοῦ
944 958 1183 1059 ἆμαρτωλοῦ,
1210 964 1261 1049 ιύς
1285 966 1330 1041 τὸ

56 1061 275 1158 ἐπιστρέψαι
299 1060 363 1135 καί
389 1059 457 1156 ζῆν
483 1058 612 1149 αὐτὸν,
637 1060 700 1134 καὶ
727 1059 778 1143 ιύς
797 1058 1113 1157 ἑβδομηκοντάκις
1130 1065 1222 1139 ἑπτά
1240 1067 1330 1165 ἀφι-

57 1164 140 1239 έναι
164 1162 211 1236 τά
238 1157 498 1260 ἁμαρτήματα.
518 1160 617 1235 Ἐπεὶ
642 1160 693 1244 ιύς
716 1160 739 1257 ἡ
759 1159 996 1289 μεγαλοσύνη
1014 1187 1083 1239 σου
1101 1166 1330 1259 ἀνείκαστος,

56 1264 122 1341 καὶ
146 1263 190 1338 τὸ
216 1260 312 1347 έλεός
337 1288 406 1338 σου
432 1262 649 1359 ἀμέτρητον.
698 1268 744 1335 at
769 1291 843 1391 γαρ
870 1263 1030 1354 ἀνομίας
1055 1266 1329 1367 παρατηρήσγγς,

56 1366 114 1451 τίς
138 1362 405 1460 ὑποστήσεταις
427 1364 510 1441 Ὅτι
537 1363 585 1438 σύ
610 1363 642 1437 εἶ
668 1362 688 1437 ὁ
717 1370 805 1448 θεας
830 1374 908 1441 τῶν
933 1366 1233 1460 μετανοούντων,
1265 1372 1331 1447 καὶ

59 1468 120 1543 σοὶ
143 1467 214 1565 τὴν
239 1464 356 1551 δόξαν
382 1466 662 1561 ἀναπέμπσμεν,
689 1474 744 1563 τῷ
769 1468 894 1566 πατρὶ,
920 1468 983 1542 καί
1008 1478 1063 1567 τηῑ
1083 1472 1169 1569 υἱῷ,
1194 1472 1259 1547 καὶ
1274 1482 1330 1571 τῷ

59 1566 157 1673 ἁγίῳ
182 1564 379 1663 πνεύματι,
410 1574 483 1643 νῦν
508 1565 571 1641 καὶ
597 1566 667 1656 ἀεὶ,
693 1567 757 1643 καὶ
783 1574 833 1652 ελς
857 1568 944 1653 τοὺς
970 1578 1112 1657 αλῶνας
1135 1580 1214 1648 τῶν
1239 1574 1331 1651 aiei

59 1698 150 1749 νων.
195 1669 325 1766 Ἀμην.

140 1778 229 1854 Εἶτα
254 1784 343 1872 λέγει
371 1780 390 1853 ὁ
419 1780 719 1872 ἐξομολογούμενος
748 1777 816 1852 ἀνω
844 1784 904 1863 τὰς
923 1792 1036 1869 χεῖρας
1058 1784 1155 1871 ἔχων·
1188 1774 1331 1877 Πάτερ,

57 1869 267 1973 Κύριετοῦ
293 1872 459 1971 ούρανοῦ
484 1870 547 1946 καὶ
571 1880 636 1967 τῆς
660 1880 740 1973 γῆς,
768 1871 824 1945 ὅτι
845 1871 893 1945 σύ
908 1870 1126 1974 γιγνώσκεις
1142 1872 1266 1953 πάντα
1283 1880 1331 1955 τά

56 1973 206 2077 αρυπτά
230 1982 294 2071 τῆς
318 1972 477 2069 καρδίας
499 2002 586 2069 μου.

144 2089 216 2159 Καὶ
237 2090 343 2177 λέγει·
365 2072 530 2173 Ἀδελφέ,
558 2071 609 2149 δι’
639 2072 659 2147 ὃ
683 2068 796 2169 ἦλθες
821 2072 913 2173 πρὸς
928 2074 1020 2149 Θεὸν
1043 2076 1108 2152 καὶ
1132 2078 1224 2174 πρὸς
1248 2082 1332 2177 ε’μές

56 2180 111 2277 μὴ
137 2180 361 2273 αἰσχυνθῇς,
387 2176 434 2251 οὐ
457 2176 531 2278 γάρ
558 2175 640 2271 ἐμοὶ
665 2174 910 2277 ἀναγγέλλεις,
937 2175 1030 2251 ἀλλά
1048 2186 1101 2276 τῷ
1123 2183 1215 2279 θεῷ,
1240 2178 1333 2283 ε’νῷ

55 2282 221 2357 ἴστασαι.

145 2386 239 2465 Πῶς
264 2374 460 2478 ε’φθάρηὴ
485 2376 674 2472 παρθενία
702 2402 770 2453 σου
778 2409 792 2467 ,·
818 2374 882 2452 διά
908 2377 1093 2476 πορνείας,
1117 2380 1142 2478 ἢ
1168 2381 1232 2459 διά
1257 2414 1333 2481 μα-

57 2482 190 2566 λακίας
213 2480 237 2579 ἢ
263 2479 326 2557 διὰ
348 2480 512 2575 νομίμου
526 2476 685 2607 γνώμης
692 2510 705 2567 ;

145 2583 216 2681 Μὴ
231 2580 556 2681 ἐσταυροπάτησας
569 2610 656 2655 ποτε
671 2580 735 2656 διὰ
751 2577 929 2679 πορνείαν
942 2578 966 2679 ἢ
980 2580 1025 2657 δι’
1044 2584 1159 2661 ἀλλον
1172 2584 1312 2686 τρόπον
1318 2622 1332 2681 ,·

146 2686 357 2787 Συνεγένης
377 2683 528 2785 γυναικὶ
550 2688 601 2769 εἷς
620 2682 689 2781 τὴν
710 2680 905 2780 ἐκκλησίαν
927 2681 949 2781 ἢ
970 2681 1143 2785 ἐφθάρης
1164 2694 1215 2774 εἰς
1238 2718 1334 2769 κτει-

56 2786 264 2887 νοβατείαν
285 2784 307 2883 ἢ
328 2784 620 2882 παιδομιξίανβ)

145 2902 217 2971 Καὶ
239 2902 347 2993 ἐρωτᾷ
369 2898 469 2970 αάτὸν
490 2898 509 2969 ὁ
531 2900 696 2986 ἐπιτιμῶν
726 2896 775 2979 εἷς
794 2899 837 2967 τὰ
858 2892 945 2968 ἀλλα
964 2902 1128 2973 καὶκατὰ
1149 2906 1188 2973 τὸ
1210 2908 1335 2999 ἐρωτῆ-

57 3028 120 3075 σαι
139 3003 284 3073 κατὰτὸ
306 3004 438 3083 λεπτὸν,
460 3000 585 3070 πίασον
605 3000 664 3069 τὸν
684 2997 809 3069 πίνακα
820 2999 878 3067 καὶ
892 2998 1076 3091 ἐραύνησον,
1091 3001 1213 3074 όττοῖσν
1227 3006 1335 3097 ἀμόρ-

57 3104 150 3199 τημά
169 3104 244 3175 ἐστι
264 3104 321 3173 καὶ
340 3101 508 3187 κατάβαλε
529 3098 610 3169 αὐτὸ
633 3098 827 3189 ἔμπροσθεν
846 3106 906 3190 τῆς
919 3098 1038 3187 βίβλου
1059 3101 1191 3197 ταύτης,
1212 3104 1334 3179 ὁποῖον

58 3202 240 3297 ἁμάρτημά
262 3202 343 3275 ἔστι.
385 3198 470 3271 Εἶτα
491 3202 581 3290 λέγει
601 3207 717 3269 ταῦτα.

143 3310 281 3387 Τέκνον
305 3337 380 3399 μου
406 3304 672 3401 πνευματικὸν,
697 3301 771 3404 ε’γώ
796 3302 1005 3392 ὅταπεινὸς
1020 3306 1084 3383 καὶ
1100 3308 1333 3409 ἁμαρτωλὸς,

59 3414 82 3490 ὁ
115 3420 163 3509 τῇ
195 3416 266 3508 ἐμῇ
298 3404 528 3503 ταπεινότητι
562 3401 896 3533 ἐξομολογούμενος
928 3408 997 3483 οὐκ
1029 3408 1148 3505 ἰσχύω
1182 3414 1334 3511 ἀφιέναι

60 3514 267 3611 ἁμάρτημα
301 3511 359 3585 ἐπὶ
385 3519 449 3608 τῆς
473 3516 541 3611 γῆς
565 3512 597 3581 el
621 3507 674 3605 μὴ
700 3538 721 3581 υ
751 3507 851 3597 θεὸς,
884 3506 948 3582 διά
974 3508 1016 3584 δὲ
1041 3511 1110 3607 τὴν
1134 3512 1335 3593 θεύλεκτον

60 3616 198 3717 φωνὴν
228 3616 384 3709 ἐκείνην,
420 3611 489 3709 τὴν
520 3608 614 3707 μετὰ
646 3608 716 3705 τὴν
741 3608 860 3685 αὐτοῦ
885 3607 1094 3685 ἀνάστασιν
1119 3617 1333 3715 γινομένην,

59 3718 131 3815 τὴν
156 3716 247 3813 πρὸς
271 3709 499 3797 ἀποστόλους
525 3712 723 3813 λέγουσαν·
751 3709 801 3787 ἀν
825 3710 941 3786 τίνων
966 3713 1099 3811 ἀφίητε
1119 3730 1176 3799 καὶ
1190 3732 1232 3798 τὰ
1247 3730 1335 3823 ἑξῆς,

59 3824 129 3903 Ele
161 3817 303 3914 ἐκείνην
335 3816 398 3891 καὶ
429 3814 533 3912 ἡμεῖς
564 3816 794 3910 θαρροῦντες
824 3813 994 3915 λέγομεν·
1029 3815 1098 3889 ὅσα
1132 3822 1264 3903 ἐξεῖπες
1287 3829 1333 3917 τῇ

59 3908 134 4017 ἐμῇ
166 3918 346 4016 ἐλαχίστῳ
379 3914 623 4011 ταπεινότητι,
656 3914 725 3989 ὅσα
759 3914 829 3990 οὐκ
862 3916 1027 4011 έφθασες
1058 3923 1172 3993 εἰπεῖν
1196 3920 1220 4017 ἢ
1244 3924 1328 3996 κατ’

61 4024 223 4125 ἄγνοιαν
248 4020 271 4119 ἢ
297 4020 393 4095 κατὰ
419 4016 575 4114 λήθειαν
601 4009 647 4091 ού
671 4012 719 4112 δή
746 4044 845 4104 ποτε,
873 4016 893 4089 ὁ
923 4018 1027 4101 θεὸς
1054 4019 1332 4119 συγχωρήσῃ

61 4150 137 4200 σοι
164 4126 211 4197 ἐν
236 4131 299 4221 τῷ
323 4126 574 4197 νῦν-αἰῶνι
599 4118 676 4193 καὶ
702 4122 750 4192 ἐν
775 4126 837 4215 τῷ
862 4118 1129 4218 μέλλοντιλ)

150 4364 176 4424 1)
193 4362 220 4413 {a
237 4362 412 4413 recentioribus
430 4360 578 4423 euchologiis
595 4360 654 4408 haec
670 4358 828 4409 nefandorum
847 4358 978 4407 facinorum
997 4362 1145 4410 enumeratio
1162 4362 1286 4413 omittitur.

148 4448 175 4507 2)
199 4448 266 4497 Hane
289 4446 417 4496 termulam
443 4445 504 4493 daco
528 4445 673 4503 collativam,
696 4444 740 4493 sed
764 4452 787 4492 et
810 4442 863 4492 aliis
882 4444 914 4492 uti
932 4444 1073 4494 cantitantes
1092 4454 1115 4495 et
1132 4438 1337 4513 πνευματικούς

60 4540 167 4584 testatur
185 4534 287 4585 Gnarus.
321 4532 414 4594 Rogant
430 4530 582 4596 paenitentes
598 4530 704 4593 peccatis
721 4528 773 4577 suia
791 4528 951 4577 enumeratis:
972 4526 1126 4595 παρακαλοῖ
1139 4528 1174 4580 κά
1189 4530 1248 4601 μού
1264 4544 1327 4599 συγ

96 4618 134 4667 tt.
1101 4613 1134 4666 39
