<?xml version="1.0" encoding="UTF-8"?>
<!DOCTYPE html PUBLIC "-//W3C//DTD XHTML 1.0 Transitional//EN"
    "http://www.w3.org/TR/xhtml1/DTD/xhtml1-transitional.dtd">
<html xmlns="http://www.w3.org/1999/xhtml" xml:lang="en" lang="en">
 <head>
  <title>
</title>
<meta http-equiv="Content-Type" content="text/html;charset=utf-8" />
  <meta name='ocr-system' content='tesseract 3.04.00' />
  <meta name='ocr-capabilities' content='ocr_page ocr_carea ocr_par ocr_line ocrx_word'/>
</head>
<body>
  <div class='ocr_page' id='page_1' title='image "./codexliturgicus05danigoog_0493.png"; bbox 0 0 3044 4912; ppageno 0'>
   <div class='ocr_carea' id='block_1_1' title="bbox 658 328 736 403">
    <p class='ocr_par' dir='ltr' id='par_1_1' title="bbox 658 328 736 403">
     <span class='ocr_line' id='line_1_1' title="bbox 658 328 736 403; baseline -0.026 0"><span class='ocrx_word' id='word_1_1' title='bbox 658 328 736 403; x_wconf 76' lang='lat'>457</span> 
     </span>
    </p>
   </div>
   <div class='ocr_carea' id='block_1_2' title="bbox 141 492 976 704">
    <p class='ocr_par' dir='ltr' id='par_1_2' title="bbox 141 492 976 704">
     <span class='ocr_line' id='line_1_2' title="bbox 143 492 976 606; baseline 0.005 -21"><span class='ocrx_word' id='word_1_2' title='bbox 143 511 283 585; x_wconf 66' lang='lat' dir='ltr'>onom.</span> <span class='ocrx_word' id='word_1_3' title='bbox 336 492 447 584; x_wconf 70' lang='lat' dir='ltr'>ororii</span> <span class='ocrx_word' id='word_1_4' title='bbox 472 511 532 584; x_wconf 85' lang='lat' dir='ltr'>on</span> <span class='ocrx_word' id='word_1_5' title='bbox 556 512 709 606; x_wconf 71' lang='lat' dir='ltr'>nomine,</span> <span class='ocrx_word' id='word_1_6' title='bbox 735 514 826 588; x_wconf 69' lang='lat' dir='ltr'>neus</span> <span class='ocrx_word' id='word_1_7' title='bbox 852 525 976 589; x_wconf 73' lang='lat' dir='ltr'>noser.</span> 
     </span>
     <span class='ocr_line' id='line_1_3' title="bbox 141 629 602 704; baseline 0.007 -3"><span class='ocrx_word' id='word_1_8' title='bbox 141 629 321 702; x_wconf 80' lang='lat' dir='ltr'>Dioooouo.</span> <span class='ocrx_word' id='word_1_9' title='bbox 373 631 602 704; x_wconf 74' lang='lat' dir='ltr'><strong>Attendamus.</strong></span> 
     </span>
    </p>
   </div>
   <div class='ocr_carea' id='block_1_3' title="bbox 143 698 820 846">
    <p class='ocr_par' dir='ltr' id='par_1_3' title="bbox 143 698 820 846">
     <span class='ocr_line' id='line_1_4' title="bbox 143 698 820 846; baseline 0 -25"><span class='ocrx_word' id='word_1_10' title='bbox 143 747 283 821; x_wconf 79' lang='lat' dir='ltr'>Chorus.</span> <span class='ocrx_word' id='word_1_11' title='bbox 331 730 425 822; x_wconf 79' lang='lat' dir='ltr'>lleus</span> <span class='ocrx_word' id='word_1_12' title='bbox 451 749 608 846; x_wconf 87' lang='lat' dir='ltr'>loquitur.</span> <span class='ocrx_word' id='word_1_13' title='bbox 710 821 712 824; x_wconf 80' lang='grc'><strong>,</strong></span> <span class='ocrx_word' id='word_1_14' title='bbox 816 698 820 706; x_wconf 24' lang='lat'><strong>⁴</strong></span> 
     </span>
    </p>
   </div>
   <div class='ocr_carea' id='block_1_4' title="bbox 97 864 1332 1061">
    <p class='ocr_par' dir='ltr' id='par_1_4' title="bbox 97 864 1332 1061">
     <span class='ocr_line' id='line_1_5' title="bbox 141 864 1332 963; baseline 0.008 -25"><span class='ocrx_word' id='word_1_15' title='bbox 141 866 310 939; x_wconf 82' lang='lat' dir='ltr'>Dieeoouo</span> <span class='ocrx_word' id='word_1_16' title='bbox 336 866 416 961; x_wconf 75' lang='lat' dir='ltr'>leqil</span> <span class='ocrx_word' id='word_1_17' title='bbox 442 864 703 963; x_wconf 68' lang='lat' dir='ltr'>lloaopelium.¹)</span> <span class='ocrx_word' id='word_1_18' title='bbox 729 867 855 941; x_wconf 71' lang='lat' dir='ltr'>mount</span> <span class='ocrx_word' id='word_1_19' title='bbox 872 893 982 944; x_wconf 81' lang='lat' dir='ltr'>omues</span> <span class='ocrx_word' id='word_1_20' title='bbox 999 869 1138 943; x_wconf 81' lang='lat' dir='ltr'>lectione</span> <span class='ocrx_word' id='word_1_21' title='bbox 1157 872 1332 948; x_wconf 79' lang='lat' dir='ltr'>obsolute:</span> 
     </span>
     <span class='ocr_line' id='line_1_6' title="bbox 97 967 710 1061; baseline -0.002 -20"><span class='ocrx_word' id='word_1_22' title='bbox 97 968 178 1041; x_wconf 88' lang='lat' dir='ltr'>loria</span> <span class='ocrx_word' id='word_1_23' title='bbox 205 968 264 1040; x_wconf 91' lang='lat' dir='ltr'>tihi</span> <span class='ocrx_word' id='word_1_24' title='bbox 290 967 443 1061; x_wconf 83' lang='lat' dir='ltr'>Domine,</span> <span class='ocrx_word' id='word_1_25' title='bbox 469 969 560 1042; x_wconf 84' lang='lat' dir='ltr'>lleus</span> <span class='ocrx_word' id='word_1_26' title='bbox 586 980 710 1042; x_wconf 87' lang='lat' dir='ltr'>noster.</span> 
     </span>
    </p>
   </div>
   <div class='ocr_carea' id='block_1_5' title="bbox 97 1085 1353 3318">
    <p class='ocr_par' dir='ltr' id='par_1_5' title="bbox 97 1085 1353 3318">
     <span class='ocr_line' id='line_1_7' title="bbox 140 1085 1333 1189; baseline 0.004 -30"><span class='ocrx_word' id='word_1_27' title='bbox 140 1086 187 1159; x_wconf 82' lang='lat' dir='ltr'>llt</span> <span class='ocrx_word' id='word_1_28' title='bbox 213 1086 338 1158; x_wconf 75' lang='lat' dir='ltr'>dioilm</span> <span class='ocrx_word' id='word_1_29' title='bbox 363 1085 564 1183; x_wconf 76' lang='lat' dir='ltr'><strong><em>Symbolum.</em></strong></span> <span class='ocrx_word' id='word_1_30' title='bbox 615 1087 791 1161; x_wconf 83' lang='lat' dir='ltr'>Credimus</span> <span class='ocrx_word' id='word_1_31' title='bbox 823 1088 857 1160; x_wconf 92' lang='lat' dir='ltr'>in</span> <span class='ocrx_word' id='word_1_32' title='bbox 884 1088 991 1162; x_wconf 86' lang='lat' dir='ltr'>lleum</span> <span class='ocrx_word' id='word_1_33' title='bbox 1019 1088 1147 1164; x_wconf 87' lang='lat' dir='ltr'>Patrem</span> <span class='ocrx_word' id='word_1_34' title='bbox 1181 1093 1333 1189; x_wconf 89' lang='lat' dir='ltr'>omnipo·</span> 
     </span>
     <span class='ocr_line' id='line_1_8' title="bbox 97 1188 1353 1283; baseline 0.006 -23"><span class='ocrx_word' id='word_1_35' title='bbox 97 1199 202 1280; x_wconf 88' lang='lat' dir='ltr'>utem,</span> <span class='ocrx_word' id='word_1_36' title='bbox 221 1199 403 1260; x_wconf 75' lang='lat' dir='ltr'><strong>creatorem</strong></span> <span class='ocrx_word' id='word_1_37' title='bbox 429 1189 512 1260; x_wconf 90' lang='lat' dir='ltr'>eoeli</span> <span class='ocrx_word' id='word_1_38' title='bbox 538 1199 572 1260; x_wconf 88' lang='lat' dir='ltr'>et</span> <span class='ocrx_word' id='word_1_39' title='bbox 598 1201 716 1283; x_wconf 88' lang='lat' dir='ltr'>terrae,</span> <span class='ocrx_word' id='word_1_40' title='bbox 742 1188 922 1262; x_wconf 80' lang='lat' dir='ltr'>visibilium</span> <span class='ocrx_word' id='word_1_41' title='bbox 948 1191 1096 1264; x_wconf 90' lang='lat' dir='ltr'>omnium</span> <span class='ocrx_word' id='word_1_42' title='bbox 1124 1202 1158 1264; x_wconf 92' lang='lat' dir='ltr'>et</span> <span class='ocrx_word' id='word_1_43' title='bbox 1183 1191 1353 1271; x_wconf 77' lang='lat' dir='ltr'>inrisihi·.</span> 
     </span>
     <span class='ocr_line' id='line_1_9' title="bbox 97 1289 1330 1385; baseline 0.006 -23"><span class='ocrx_word' id='word_1_44' title='bbox 97 1314 156 1362; x_wconf 85' lang='lat' dir='ltr'>rm.</span> <span class='ocrx_word' id='word_1_45' title='bbox 208 1289 251 1360; x_wconf 82' lang='lat' dir='ltr'>Et</span> <span class='ocrx_word' id='word_1_46' title='bbox 276 1290 308 1360; x_wconf 93' lang='lat' dir='ltr'>in</span> <span class='ocrx_word' id='word_1_47' title='bbox 337 1313 439 1363; x_wconf 91' lang='lat' dir='ltr'>unum</span> <span class='ocrx_word' id='word_1_48' title='bbox 465 1289 643 1365; x_wconf 88' lang='lat' dir='ltr'>Dominum</span> <span class='ocrx_word' id='word_1_49' title='bbox 668 1290 780 1365; x_wconf 88' lang='lat' dir='ltr'>lesum</span> <span class='ocrx_word' id='word_1_50' title='bbox 807 1291 987 1385; x_wconf 77' lang='lat' dir='ltr'>Christum,</span> <span class='ocrx_word' id='word_1_51' title='bbox 1020 1292 1142 1367; x_wconf 82' lang='lat' dir='ltr'>Filium</span> <span class='ocrx_word' id='word_1_52' title='bbox 1168 1293 1229 1368; x_wconf 88' lang='lat' dir='ltr'>Dei</span> <span class='ocrx_word' id='word_1_53' title='bbox 1257 1296 1330 1371; x_wconf 93' lang='lat' dir='ltr'>uni·</span> 
     </span>
     <span class='ocr_line' id='line_1_10' title="bbox 97 1391 1330 1490; baseline 0.007 -28"><span class='ocrx_word' id='word_1_54' title='bbox 97 1392 226 1464; x_wconf 85' lang='lat' dir='ltr'>mitum.</span> <span class='ocrx_word' id='word_1_55' title='bbox 276 1391 319 1463; x_wconf 83' lang='lat' dir='ltr'>llt</span> <span class='ocrx_word' id='word_1_56' title='bbox 345 1414 384 1463; x_wconf 83' lang='lat' dir='ltr'>ex</span> <span class='ocrx_word' id='word_1_57' title='bbox 403 1391 499 1464; x_wconf 90' lang='lat' dir='ltr'>Patre</span> <span class='ocrx_word' id='word_1_58' title='bbox 525 1403 638 1465; x_wconf 91' lang='lat' dir='ltr'>natum</span> <span class='ocrx_word' id='word_1_59' title='bbox 664 1404 740 1465; x_wconf 91' lang='lat' dir='ltr'>ante</span> <span class='ocrx_word' id='word_1_60' title='bbox 767 1395 876 1465; x_wconf 91' lang='lat' dir='ltr'>omnia</span> <span class='ocrx_word' id='word_1_61' title='bbox 894 1395 1036 1485; x_wconf 78' lang='lat' dir='ltr'>saecula,</span> <span class='ocrx_word' id='word_1_62' title='bbox 1064 1394 1171 1469; x_wconf 84' lang='lat' dir='ltr'>Deum</span> <span class='ocrx_word' id='word_1_63' title='bbox 1189 1396 1230 1469; x_wconf 94' lang='lat' dir='ltr'>de</span> <span class='ocrx_word' id='word_1_64' title='bbox 1247 1397 1330 1490; x_wconf 87' lang='lat' dir='ltr'>Deo,</span> 
     </span>
     <span class='ocr_line' id='line_1_11' title="bbox 97 1492 1331 1590; baseline 0.006 -25"><span class='ocrx_word' id='word_1_65' title='bbox 97 1516 177 1566; x_wconf 92' lang='lat' dir='ltr'>meu</span> <span class='ocrx_word' id='word_1_66' title='bbox 212 1492 252 1564; x_wconf 93' lang='lat' dir='ltr'>de</span> <span class='ocrx_word' id='word_1_67' title='bbox 286 1493 422 1584; x_wconf 91' lang='lat' dir='ltr'>lumine,</span> <span class='ocrx_word' id='word_1_68' title='bbox 456 1493 562 1567; x_wconf 83' lang='lat' dir='ltr'>lleum</span> <span class='ocrx_word' id='word_1_69' title='bbox 589 1519 713 1586; x_wconf 88' lang='lat' dir='ltr'>verum,</span> <span class='ocrx_word' id='word_1_70' title='bbox 748 1498 900 1589; x_wconf 86' lang='lat' dir='ltr'>genitum</span> <span class='ocrx_word' id='word_1_71' title='bbox 925 1520 991 1567; x_wconf 90' lang='lat' dir='ltr'>non</span> <span class='ocrx_word' id='word_1_72' title='bbox 1018 1495 1153 1590; x_wconf 85' lang='lat' dir='ltr'>lactum,</span> <span class='ocrx_word' id='word_1_73' title='bbox 1189 1499 1331 1573; x_wconf 90' lang='lat' dir='ltr'>oonsuh·</span> 
     </span>
     <span class='ocr_line' id='line_1_12' title="bbox 97 1594 1331 1693; baseline 0.004 -26"><span class='ocrx_word' id='word_1_74' title='bbox 97 1594 251 1667; x_wconf 87' lang='lat' dir='ltr'>antialem</span> <span class='ocrx_word' id='word_1_75' title='bbox 279 1594 377 1686; x_wconf 85' lang='lat' dir='ltr'>Patri,</span> <span class='ocrx_word' id='word_1_76' title='bbox 404 1619 464 1691; x_wconf 93' lang='lat' dir='ltr'>per</span> <span class='ocrx_word' id='word_1_77' title='bbox 489 1619 586 1693; x_wconf 88' lang='lat' dir='ltr'>quem</span> <span class='ocrx_word' id='word_1_78' title='bbox 614 1597 723 1669; x_wconf 91' lang='lat' dir='ltr'>omnia</span> <span class='ocrx_word' id='word_1_79' title='bbox 751 1598 836 1670; x_wconf 88' lang='lat' dir='ltr'>laeta</span> <span class='ocrx_word' id='word_1_80' title='bbox 863 1599 992 1688; x_wconf 90' lang='lat' dir='ltr'>suntin</span> <span class='ocrx_word' id='word_1_81' title='bbox 1012 1601 1103 1672; x_wconf 86' lang='lat' dir='ltr'>coelo</span> <span class='ocrx_word' id='word_1_82' title='bbox 1126 1601 1211 1672; x_wconf 89' lang='lat' dir='ltr'>etin</span> <span class='ocrx_word' id='word_1_83' title='bbox 1230 1611 1331 1692; x_wconf 91' lang='lat' dir='ltr'>terra,</span> 
     </span>
     <span class='ocr_line' id='line_1_13' title="bbox 97 1695 1331 1798; baseline 0.005 -30"><span class='ocrx_word' id='word_1_84' title='bbox 97 1695 206 1770; x_wconf 83' lang='lat' dir='ltr'>sibilia</span> <span class='ocrx_word' id='word_1_85' title='bbox 235 1706 268 1768; x_wconf 90' lang='lat' dir='ltr'>et</span> <span class='ocrx_word' id='word_1_86' title='bbox 293 1697 480 1770; x_wconf 85' lang='lat' dir='ltr'>invisibilia.</span> <span class='ocrx_word' id='word_1_87' title='bbox 534 1697 598 1782; x_wconf 76' lang='lat' dir='ltr'>Qui</span> <span class='ocrx_word' id='word_1_88' title='bbox 624 1709 760 1794; x_wconf 89' lang='lat' dir='ltr'>propter</span> <span class='ocrx_word' id='word_1_89' title='bbox 784 1722 846 1772; x_wconf 91' lang='lat' dir='ltr'>nos</span> <span class='ocrx_word' id='word_1_90' title='bbox 873 1698 1025 1773; x_wconf 90' lang='lat' dir='ltr'>homines</span> <span class='ocrx_word' id='word_1_91' title='bbox 1053 1712 1086 1773; x_wconf 91' lang='lat' dir='ltr'>et</span> <span class='ocrx_word' id='word_1_92' title='bbox 1111 1712 1246 1798; x_wconf 87' lang='lat' dir='ltr'>propter</span> <span class='ocrx_word' id='word_1_93' title='bbox 1272 1727 1331 1774; x_wconf 93' lang='lat' dir='ltr'>no·</span> 
     </span>
     <span class='ocr_line' id='line_1_14' title="bbox 97 1799 1332 1900; baseline 0.005 -30"><span class='ocrx_word' id='word_1_94' title='bbox 97 1822 168 1870; x_wconf 89' lang='lat' dir='ltr'>ram</span> <span class='ocrx_word' id='word_1_95' title='bbox 194 1799 333 1870; x_wconf 89' lang='lat' dir='ltr'>salutem</span> <span class='ocrx_word' id='word_1_96' title='bbox 360 1799 531 1872; x_wconf 88' lang='lat' dir='ltr'>deseendit</span> <span class='ocrx_word' id='word_1_97' title='bbox 557 1800 597 1872; x_wconf 92' lang='lat' dir='ltr'>de</span> <span class='ocrx_word' id='word_1_98' title='bbox 624 1801 737 1893; x_wconf 91' lang='lat' dir='ltr'>eoelis,</span> <span class='ocrx_word' id='word_1_99' title='bbox 775 1811 810 1871; x_wconf 92' lang='lat' dir='ltr'>et</span> <span class='ocrx_word' id='word_1_100' title='bbox 834 1801 1023 1874; x_wconf 85' lang='lat' dir='ltr'>incarnatus</span> <span class='ocrx_word' id='word_1_101' title='bbox 1050 1812 1102 1874; x_wconf 90' lang='lat' dir='ltr'>est</span> <span class='ocrx_word' id='word_1_102' title='bbox 1127 1813 1161 1874; x_wconf 91' lang='lat' dir='ltr'>et</span> <span class='ocrx_word' id='word_1_103' title='bbox 1183 1804 1332 1900; x_wconf 82' lang='lat' dir='ltr'>perlecta</span> 
     </span>
     <span class='ocr_line' id='line_1_15' title="bbox 100 1900 1331 2003; baseline 0.004 -31"><span class='ocrx_word' id='word_1_104' title='bbox 100 1901 194 1972; x_wconf 89' lang='lat' dir='ltr'>tione</span> <span class='ocrx_word' id='word_1_105' title='bbox 220 1901 352 1996; x_wconf 81' lang='lat' dir='ltr'>genitus</span> <span class='ocrx_word' id='word_1_106' title='bbox 377 1925 437 1996; x_wconf 87' lang='lat' dir='ltr'>per·</span> <span class='ocrx_word' id='word_1_107' title='bbox 463 1900 624 1998; x_wconf 91' lang='lat' dir='ltr'>Spiritum</span> <span class='ocrx_word' id='word_1_108' title='bbox 650 1901 809 1974; x_wconf 83' lang='lat' dir='ltr'>Sanctum</span> <span class='ocrx_word' id='word_1_109' title='bbox 835 1926 876 1974; x_wconf 85' lang='lat' dir='ltr'>ex</span> <span class='ocrx_word' id='word_1_110' title='bbox 896 1902 997 1975; x_wconf 84' lang='lat' dir='ltr'>Maria</span> <span class='ocrx_word' id='word_1_111' title='bbox 1026 1904 1163 1999; x_wconf 85' lang='lat' dir='ltr'>virgine.</span> <span class='ocrx_word' id='word_1_112' title='bbox 1200 1906 1331 2003; x_wconf 81' lang='lat' dir='ltr'>Exque</span> 
     </span>
     <span class='ocr_line' id='line_1_16' title="bbox 97 2003 1330 2100; baseline 0.002 -25"><span class='ocrx_word' id='word_1_113' title='bbox 97 2026 211 2094; x_wconf 84' lang='lat' dir='ltr'>unem,</span> <span class='ocrx_word' id='word_1_114' title='bbox 245 2003 398 2099; x_wconf 91' lang='lat' dir='ltr'>spiritum</span> <span class='ocrx_word' id='word_1_115' title='bbox 425 2014 459 2074; x_wconf 94' lang='lat' dir='ltr'>et</span> <span class='ocrx_word' id='word_1_116' title='bbox 483 2004 625 2076; x_wconf 91' lang='lat' dir='ltr'>animam</span> <span class='ocrx_word' id='word_1_117' title='bbox 654 2014 687 2075; x_wconf 88' lang='lat' dir='ltr'>el</span> <span class='ocrx_word' id='word_1_118' title='bbox 712 2004 834 2096; x_wconf 88' lang='lat' dir='ltr'>omnia,</span> <span class='ocrx_word' id='word_1_119' title='bbox 861 2028 945 2100; x_wconf 91' lang='lat' dir='ltr'>quae</span> <span class='ocrx_word' id='word_1_120' title='bbox 971 2004 1140 2078; x_wconf 90' lang='lat' dir='ltr'>hominem</span> <span class='ocrx_word' id='word_1_121' title='bbox 1168 2005 1330 2099; x_wconf 86' lang='lat' dir='ltr'>efficiunt,</span> 
     </span>
     <span class='ocr_line' id='line_1_17' title="bbox 97 2104 1333 2202; baseline 0.002 -25"><span class='ocrx_word' id='word_1_122' title='bbox 97 2104 245 2201; x_wconf 76' lang='lat' dir='ltr'>sumpsit</span> <span class='ocrx_word' id='word_1_123' title='bbox 270 2129 345 2177; x_wconf 89' lang='lat' dir='ltr'>vere</span> <span class='ocrx_word' id='word_1_124' title='bbox 372 2117 404 2176; x_wconf 86' lang='lat' dir='ltr'>et</span> <span class='ocrx_word' id='word_1_125' title='bbox 431 2129 498 2176; x_wconf 91' lang='lat' dir='ltr'>non</span> <span class='ocrx_word' id='word_1_126' title='bbox 525 2129 584 2202; x_wconf 89' lang='lat' dir='ltr'>per</span> <span class='ocrx_word' id='word_1_127' title='bbox 610 2106 766 2202; x_wconf 88' lang='lat' dir='ltr'>speeiem.</span> <span class='ocrx_word' id='word_1_128' title='bbox 813 2105 934 2179; x_wconf 79' lang='lat' dir='ltr'>Passus</span> <span class='ocrx_word' id='word_1_129' title='bbox 960 2118 1011 2178; x_wconf 89' lang='lat' dir='ltr'>est</span> <span class='ocrx_word' id='word_1_130' title='bbox 1037 2117 1071 2179; x_wconf 91' lang='lat' dir='ltr'>et</span> <span class='ocrx_word' id='word_1_131' title='bbox 1096 2107 1272 2181; x_wconf 84' lang='lat' dir='ltr'>orueilixus</span> <span class='ocrx_word' id='word_1_132' title='bbox 1299 2120 1333 2179; x_wconf 92' lang='lat' dir='ltr'>et</span> 
     </span>
     <span class='ocr_line' id='line_1_18' title="bbox 97 2206 1331 2304; baseline 0.008 -32"><span class='ocrx_word' id='word_1_133' title='bbox 97 2207 224 2304; x_wconf 83' lang='lat' dir='ltr'>pultus.</span> <span class='ocrx_word' id='word_1_134' title='bbox 261 2206 304 2277; x_wconf 90' lang='lat' dir='ltr'>Et</span> <span class='ocrx_word' id='word_1_135' title='bbox 329 2206 511 2280; x_wconf 73' lang='lat' dir='ltr'>resurrexit</span> <span class='ocrx_word' id='word_1_136' title='bbox 537 2208 632 2280; x_wconf 89' lang='lat' dir='ltr'>tertia</span> <span class='ocrx_word' id='word_1_137' title='bbox 660 2207 724 2299; x_wconf 93' lang='lat' dir='ltr'>die,</span> <span class='ocrx_word' id='word_1_138' title='bbox 751 2207 901 2279; x_wconf 80' lang='lat' dir='ltr'>aseendit</span> <span class='ocrx_word' id='word_1_139' title='bbox 925 2207 959 2279; x_wconf 92' lang='lat' dir='ltr'>in</span> <span class='ocrx_word' id='word_1_140' title='bbox 987 2208 1097 2281; x_wconf 88' lang='lat' dir='ltr'>coelos</span> <span class='ocrx_word' id='word_1_141' title='bbox 1123 2209 1241 2282; x_wconf 92' lang='lat' dir='ltr'>eodem</span> <span class='ocrx_word' id='word_1_142' title='bbox 1259 2233 1331 2282; x_wconf 89' lang='lat' dir='ltr'>eor-</span> 
     </span>
     <span class='ocr_line' id='line_1_19' title="bbox 97 2308 1333 2406; baseline 0.001 -25"><span class='ocrx_word' id='word_1_143' title='bbox 97 2332 146 2381; x_wconf 76' lang='lat' dir='ltr'>rre</span> <span class='ocrx_word' id='word_1_144' title='bbox 166 2321 200 2380; x_wconf 88' lang='lat' dir='ltr'>et</span> <span class='ocrx_word' id='word_1_145' title='bbox 217 2308 311 2380; x_wconf 91' lang='lat' dir='ltr'>sedet</span> <span class='ocrx_word' id='word_1_146' title='bbox 337 2308 377 2381; x_wconf 90' lang='lat' dir='ltr'>ad</span> <span class='ocrx_word' id='word_1_147' title='bbox 404 2309 572 2382; x_wconf 79' lang='lat' dir='ltr'>dexteram</span> <span class='ocrx_word' id='word_1_148' title='bbox 596 2309 714 2406; x_wconf 89' lang='lat' dir='ltr'>patris,</span> <span class='ocrx_word' id='word_1_149' title='bbox 741 2308 830 2380; x_wconf 93' lang='lat' dir='ltr'>unde</span> <span class='ocrx_word' id='word_1_150' title='bbox 856 2319 1015 2382; x_wconf 86' lang='lat' dir='ltr'>venturus</span> <span class='ocrx_word' id='word_1_151' title='bbox 1043 2322 1093 2383; x_wconf 92' lang='lat' dir='ltr'>est</span> <span class='ocrx_word' id='word_1_152' title='bbox 1120 2310 1238 2383; x_wconf 89' lang='lat' dir='ltr'>eodem</span> <span class='ocrx_word' id='word_1_153' title='bbox 1259 2335 1333 2382; x_wconf 89' lang='lat' dir='ltr'>eor·</span> 
     </span>
     <span class='ocr_line' id='line_1_20' title="bbox 97 2409 1331 2509; baseline 0.002 -27"><span class='ocrx_word' id='word_1_154' title='bbox 97 2434 145 2483; x_wconf 73' lang='lat' dir='ltr'>ire</span> <span class='ocrx_word' id='word_1_155' title='bbox 179 2409 214 2482; x_wconf 90' lang='lat' dir='ltr'>in</span> <span class='ocrx_word' id='word_1_156' title='bbox 242 2410 345 2505; x_wconf 85' lang='lat' dir='ltr'>gloria</span> <span class='ocrx_word' id='word_1_157' title='bbox 372 2409 477 2487; x_wconf 85' lang='lat' dir='ltr'>Patris</span> <span class='ocrx_word' id='word_1_158' title='bbox 505 2411 593 2482; x_wconf 84' lang='lat' dir='ltr'>vivos</span> <span class='ocrx_word' id='word_1_159' title='bbox 619 2410 824 2484; x_wconf 87' lang='lat' dir='ltr'>iudicaturus</span> <span class='ocrx_word' id='word_1_160' title='bbox 851 2421 885 2482; x_wconf 86' lang='lat' dir='ltr'>et</span> <span class='ocrx_word' id='word_1_161' title='bbox 909 2423 1076 2485; x_wconf 87' lang='lat' dir='ltr'>mortuos:</span> <span class='ocrx_word' id='word_1_162' title='bbox 1114 2413 1209 2484; x_wconf 89' lang='lat' dir='ltr'>euius</span> <span class='ocrx_word' id='word_1_163' title='bbox 1235 2413 1331 2509; x_wconf 79' lang='lat' dir='ltr'>regni</span> 
     </span>
     <span class='ocr_line' id='line_1_21' title="bbox 97 2511 1333 2610; baseline 0.002 -27"><span class='ocrx_word' id='word_1_164' title='bbox 97 2536 131 2584; x_wconf 79' lang='lat' dir='ltr'>&gt;n</span> <span class='ocrx_word' id='word_1_165' title='bbox 167 2511 231 2583; x_wconf 92' lang='lat' dir='ltr'>erit</span> <span class='ocrx_word' id='word_1_166' title='bbox 263 2512 348 2583; x_wconf 89' lang='lat' dir='ltr'>linis.</span> <span class='ocrx_word' id='word_1_167' title='bbox 401 2511 575 2584; x_wconf 87' lang='lat' dir='ltr'>Credimus</span> <span class='ocrx_word' id='word_1_168' title='bbox 610 2513 644 2584; x_wconf 89' lang='lat' dir='ltr'>io</span> <span class='ocrx_word' id='word_1_169' title='bbox 678 2511 840 2610; x_wconf 91' lang='lat' dir='ltr'>Spiritum</span> <span class='ocrx_word' id='word_1_170' title='bbox 872 2511 1043 2603; x_wconf 85' lang='lat' dir='ltr'>Sanctum,</span> <span class='ocrx_word' id='word_1_171' title='bbox 1079 2514 1262 2586; x_wconf 81' lang='lat' dir='ltr'>increatum</span> <span class='ocrx_word' id='word_1_172' title='bbox 1298 2525 1333 2586; x_wconf 90' lang='lat' dir='ltr'>et</span> 
     </span>
     <span class='ocr_line' id='line_1_22' title="bbox 97 2612 1331 2711; baseline 0.003 -27"><span class='ocrx_word' id='word_1_173' title='bbox 97 2612 259 2684; x_wconf 77' lang='lat' dir='ltr'>erleotum.</span> <span class='ocrx_word' id='word_1_174' title='bbox 312 2613 375 2698; x_wconf 84' lang='lat' dir='ltr'>Qui</span> <span class='ocrx_word' id='word_1_175' title='bbox 402 2614 532 2685; x_wconf 89' lang='lat' dir='ltr'>locutus</span> <span class='ocrx_word' id='word_1_176' title='bbox 559 2624 610 2687; x_wconf 90' lang='lat' dir='ltr'>est</span> <span class='ocrx_word' id='word_1_177' title='bbox 635 2615 669 2687; x_wconf 90' lang='lat' dir='ltr'>in</span> <span class='ocrx_word' id='word_1_178' title='bbox 695 2615 780 2708; x_wconf 85' lang='lat' dir='ltr'>lege,</span> <span class='ocrx_word' id='word_1_179' title='bbox 814 2619 847 2686; x_wconf 92' lang='lat' dir='ltr'>in</span> <span class='ocrx_word' id='word_1_180' title='bbox 875 2615 1046 2711; x_wconf 91' lang='lat' dir='ltr'>prophetis</span> <span class='ocrx_word' id='word_1_181' title='bbox 1072 2626 1106 2687; x_wconf 89' lang='lat' dir='ltr'>et</span> <span class='ocrx_word' id='word_1_182' title='bbox 1130 2616 1164 2687; x_wconf 91' lang='lat' dir='ltr'>in</span> <span class='ocrx_word' id='word_1_183' title='bbox 1192 2639 1331 2711; x_wconf 84' lang='lat' dir='ltr'>evange-</span> 
     </span>
     <span class='ocr_line' id='line_1_23' title="bbox 97 2715 1330 2816; baseline 0.004 -31"><span class='ocrx_word' id='word_1_184' title='bbox 97 2739 129 2786; x_wconf 59' lang='lat' dir='ltr'>is.</span> <span class='ocrx_word' id='word_1_185' title='bbox 182 2715 245 2797; x_wconf 81' lang='lat' dir='ltr'>Qui</span> <span class='ocrx_word' id='word_1_186' title='bbox 280 2715 452 2787; x_wconf 88' lang='lat' dir='ltr'>deseendit</span> <span class='ocrx_word' id='word_1_187' title='bbox 485 2740 584 2812; x_wconf 89' lang='lat' dir='ltr'>super</span> <span class='ocrx_word' id='word_1_188' title='bbox 616 2717 801 2809; x_wconf 86' lang='lat' dir='ltr'>lordunem,</span> <span class='ocrx_word' id='word_1_189' title='bbox 836 2717 891 2814; x_wconf 89' lang='lat' dir='ltr'>qui</span> <span class='ocrx_word' id='word_1_190' title='bbox 925 2717 1127 2815; x_wconf 80' lang='lat' dir='ltr'>praedicavit</span> <span class='ocrx_word' id='word_1_191' title='bbox 1153 2740 1240 2811; x_wconf 91' lang='lat' dir='ltr'>eum,</span> <span class='ocrx_word' id='word_1_192' title='bbox 1274 2719 1330 2816; x_wconf 92' lang='lat' dir='ltr'>qui</span> 
     </span>
     <span class='ocr_line' id='line_1_24' title="bbox 97 2818 1330 2892; baseline 0.005 -6"><span class='ocrx_word' id='word_1_193' title='bbox 97 2827 223 2887; x_wconf 71' lang='lat' dir='ltr'>iuturus</span> <span class='ocrx_word' id='word_1_194' title='bbox 258 2830 328 2887; x_wconf 87' lang='lat' dir='ltr'>erat</span> <span class='ocrx_word' id='word_1_195' title='bbox 363 2828 396 2888; x_wconf 90' lang='lat' dir='ltr'>et</span> <span class='ocrx_word' id='word_1_196' title='bbox 429 2818 462 2887; x_wconf 91' lang='lat' dir='ltr'>in</span> <span class='ocrx_word' id='word_1_197' title='bbox 490 2819 620 2891; x_wconf 83' lang='lat' dir='ltr'>Sanctis</span> <span class='ocrx_word' id='word_1_198' title='bbox 648 2818 813 2891; x_wconf 83' lang='lat' dir='ltr'>habitavit.</span> <span class='ocrx_word' id='word_1_199' title='bbox 866 2819 1040 2891; x_wconf 85' lang='lat' dir='ltr'>Credimus</span> <span class='ocrx_word' id='word_1_200' title='bbox 1067 2821 1101 2890; x_wconf 90' lang='lat' dir='ltr'>in</span> <span class='ocrx_word' id='word_1_201' title='bbox 1130 2843 1228 2892; x_wconf 89' lang='lat' dir='ltr'>unam</span> <span class='ocrx_word' id='word_1_202' title='bbox 1256 2844 1330 2892; x_wconf 88' lang='lat' dir='ltr'>san·</span> 
     </span>
     <span class='ocr_line' id='line_1_25' title="bbox 97 2917 1330 3017; baseline 0.004 -29"><span class='ocrx_word' id='word_1_203' title='bbox 97 2943 163 3009; x_wconf 91' lang='lat' dir='ltr'>am,</span> <span class='ocrx_word' id='word_1_204' title='bbox 199 2917 391 2990; x_wconf 84' lang='lat' dir='ltr'>catholicam</span> <span class='ocrx_word' id='word_1_205' title='bbox 418 2930 452 2991; x_wconf 91' lang='lat' dir='ltr'>et</span> <span class='ocrx_word' id='word_1_206' title='bbox 476 2921 688 3016; x_wconf 82' lang='lat' dir='ltr'>apostolicam</span> <span class='ocrx_word' id='word_1_207' title='bbox 715 2920 901 3012; x_wconf 82' lang='lat' dir='ltr'>ecelesiam,</span> <span class='ocrx_word' id='word_1_208' title='bbox 936 2944 1038 2992; x_wconf 90' lang='lat' dir='ltr'>unum</span> <span class='ocrx_word' id='word_1_209' title='bbox 1064 2919 1226 3015; x_wconf 88' lang='lat' dir='ltr'>baptisma</span> <span class='ocrx_word' id='word_1_210' title='bbox 1251 2946 1330 3017; x_wconf 92' lang='lat' dir='ltr'>poe·</span> 
     </span>
     <span class='ocr_line' id='line_1_26' title="bbox 97 3020 1328 3117; baseline 0.006 -30"><span class='ocrx_word' id='word_1_211' title='bbox 97 3020 236 3111; x_wconf 86' lang='lat' dir='ltr'>tentiae,</span> <span class='ocrx_word' id='word_1_212' title='bbox 263 3021 296 3090; x_wconf 93' lang='lat' dir='ltr'>in</span> <span class='ocrx_word' id='word_1_213' title='bbox 315 3021 546 3092; x_wconf 90' lang='lat' dir='ltr'>remissionem</span> <span class='ocrx_word' id='word_1_214' title='bbox 565 3033 786 3117; x_wconf 88' lang='lat' dir='ltr'>peecatorum,</span> <span class='ocrx_word' id='word_1_215' title='bbox 814 3033 1017 3093; x_wconf 88' lang='lat' dir='ltr'>mortuorum</span> <span class='ocrx_word' id='word_1_216' title='bbox 1037 3023 1328 3114; x_wconf 89' lang='lat' dir='ltr'>resurrectionem,</span> 
     </span>
     <span class='ocr_line' id='line_1_27' title="bbox 97 3122 1330 3220; baseline 0.005 -28"><span class='ocrx_word' id='word_1_217' title='bbox 97 3134 238 3193; x_wconf 79' lang='lat' dir='ltr'>uernum</span> <span class='ocrx_word' id='word_1_218' title='bbox 262 3122 423 3194; x_wconf 89' lang='lat' dir='ltr'>iudloium</span> <span class='ocrx_word' id='word_1_219' title='bbox 450 3124 632 3195; x_wconf 92' lang='lat' dir='ltr'>animarum</span> <span class='ocrx_word' id='word_1_220' title='bbox 659 3133 692 3195; x_wconf 91' lang='lat' dir='ltr'>et</span> <span class='ocrx_word' id='word_1_221' title='bbox 718 3147 906 3220; x_wconf 82' lang='lat' dir='ltr'>corporum,</span> <span class='ocrx_word' id='word_1_222' title='bbox 934 3122 967 3193; x_wconf 93' lang='lat' dir='ltr'>in</span> <span class='ocrx_word' id='word_1_223' title='bbox 994 3145 1135 3217; x_wconf 86' lang='lat' dir='ltr'>regnum</span> <span class='ocrx_word' id='word_1_224' title='bbox 1163 3124 1330 3197; x_wconf 84' lang='lat' dir='ltr'>coelorum</span> 
     </span>
     <span class='ocr_line' id='line_1_28' title="bbox 97 3221 460 3318; baseline 0.008 -27"><span class='ocrx_word' id='word_1_225' title='bbox 97 3224 224 3294; x_wconf 79' lang='lat' dir='ltr'>‚vitam</span> <span class='ocrx_word' id='word_1_226' title='bbox 251 3221 460 3318; x_wconf 80' lang='lat' dir='ltr'>aeternam.&#39;²)</span> 
     </span>
    </p>
   </div>
   <div class='ocr_carea' id='block_1_6' title="bbox 97 3341 1332 3642">
    <p class='ocr_par' dir='ltr' id='par_1_6' title="bbox 97 3341 1332 3642">
     <span class='ocr_line' id='line_1_29' title="bbox 143 3341 1332 3438; baseline 0.004 -27"><span class='ocrx_word' id='word_1_227' title='bbox 143 3341 206 3425; x_wconf 84' lang='lat' dir='ltr'>Oui</span> <span class='ocrx_word' id='word_1_228' title='bbox 234 3354 341 3414; x_wconf 92' lang='lat' dir='ltr'>autem</span> <span class='ocrx_word' id='word_1_229' title='bbox 370 3341 530 3413; x_wconf 83' lang='lat' dir='ltr'>dixerint:</span> <span class='ocrx_word' id='word_1_230' title='bbox 559 3341 702 3437; x_wconf 87' lang='lat' dir='ltr'>Tempus</span> <span class='ocrx_word' id='word_1_231' title='bbox 721 3351 801 3434; x_wconf 89' lang='lat' dir='ltr'>erat,</span> <span class='ocrx_word' id='word_1_232' title='bbox 829 3366 894 3438; x_wconf 92' lang='lat' dir='ltr'>quo</span> <span class='ocrx_word' id='word_1_233' title='bbox 913 3367 979 3414; x_wconf 92' lang='lat' dir='ltr'>non</span> <span class='ocrx_word' id='word_1_234' title='bbox 999 3353 1070 3415; x_wconf 86' lang='lat' dir='ltr'>erat</span> <span class='ocrx_word' id='word_1_235' title='bbox 1086 3343 1190 3417; x_wconf 82' lang='lat' dir='ltr'>Filius</span> <span class='ocrx_word' id='word_1_236' title='bbox 1208 3345 1332 3416; x_wconf 84' lang='lat' dir='ltr'>llei—</span> 
     </span>
     <span class='ocr_line' id='line_1_30' title="bbox 97 3443 1331 3541; baseline 0.005 -28"><span class='ocrx_word' id='word_1_237' title='bbox 97 3444 112 3514; x_wconf 83' lang='lat' dir='ltr'>d</span> <span class='ocrx_word' id='word_1_238' title='bbox 142 3443 240 3514; x_wconf 81' lang='lat' dir='ltr'>simili</span> <span class='ocrx_word' id='word_1_239' title='bbox 261 3445 405 3515; x_wconf 90' lang='lat' dir='ltr'>ratione:</span> <span class='ocrx_word' id='word_1_240' title='bbox 433 3443 576 3538; x_wconf 88' lang='lat' dir='ltr'>Tempus</span> <span class='ocrx_word' id='word_1_241' title='bbox 595 3458 675 3534; x_wconf 85' lang='lat' dir='ltr'>erat,</span> <span class='ocrx_word' id='word_1_242' title='bbox 703 3467 766 3540; x_wconf 94' lang='lat' dir='ltr'>quo</span> <span class='ocrx_word' id='word_1_243' title='bbox 786 3467 851 3515; x_wconf 88' lang='lat' dir='ltr'>non</span> <span class='ocrx_word' id='word_1_244' title='bbox 872 3456 943 3517; x_wconf 90' lang='lat' dir='ltr'>erat</span> <span class='ocrx_word' id='word_1_245' title='bbox 960 3444 1104 3541; x_wconf 86' lang='lat' dir='ltr'>Spiritus</span> <span class='ocrx_word' id='word_1_246' title='bbox 1123 3446 1265 3518; x_wconf 86' lang='lat' dir='ltr'>Sanctus</span> <span class='ocrx_word' id='word_1_247' title='bbox 1280 3488 1331 3499; x_wconf 89' lang='lat'>-</span> 
     </span>
     <span class='ocr_line' id='line_1_31' title="bbox 97 3545 1330 3642; baseline 0.002 -26"><span class='ocrx_word' id='word_1_248' title='bbox 97 3546 134 3616; x_wconf 74' lang='lat' dir='ltr'>el:</span> <span class='ocrx_word' id='word_1_249' title='bbox 171 3556 298 3617; x_wconf 88' lang='lat' dir='ltr'>creatos</span> <span class='ocrx_word' id='word_1_250' title='bbox 334 3571 407 3618; x_wconf 90' lang='lat' dir='ltr'>esse</span> <span class='ocrx_word' id='word_1_251' title='bbox 432 3545 554 3617; x_wconf 86' lang='lat' dir='ltr'>Filium</span> <span class='ocrx_word' id='word_1_252' title='bbox 588 3555 620 3616; x_wconf 91' lang='lat' dir='ltr'>et</span> <span class='ocrx_word' id='word_1_253' title='bbox 646 3545 807 3642; x_wconf 88' lang='lat' dir='ltr'>Spiritum</span> <span class='ocrx_word' id='word_1_254' title='bbox 834 3570 874 3618; x_wconf 83' lang='lat' dir='ltr'>ex</span> <span class='ocrx_word' id='word_1_255' title='bbox 900 3546 1003 3618; x_wconf 91' lang='lat' dir='ltr'>nihilo</span> <span class='ocrx_word' id='word_1_256' title='bbox 1030 3589 1081 3600; x_wconf 89' lang='lat'>—</span> <span class='ocrx_word' id='word_1_257' title='bbox 1108 3548 1174 3619; x_wconf 88' lang='lat' dir='ltr'>vel:</span> <span class='ocrx_word' id='word_1_258' title='bbox 1210 3547 1330 3619; x_wconf 88' lang='lat' dir='ltr'>Filium</span> 
     </span>
    </p>
   </div>
   <div class='ocr_carea' id='block_1_7' title="bbox 97 3815 1331 4304">
    <p class='ocr_par' dir='ltr' id='par_1_7' title="bbox 97 3815 1331 4304">
     <span class='ocr_line' id='line_1_32' title="bbox 153 3815 1330 3882; baseline -0.002 -15"><span class='ocrx_word' id='word_1_259' title='bbox 153 3819 177 3876; x_wconf 92' lang='lat' dir='ltr'>l)</span> <span class='ocrx_word' id='word_1_260' title='bbox 202 3818 297 3867; x_wconf 79' lang='lat' dir='ltr'>Nerio</span> <span class='ocrx_word' id='word_1_261' title='bbox 316 3833 339 3882; x_wconf 88' lang='lat' dir='ltr'>p.</span> <span class='ocrx_word' id='word_1_262' title='bbox 361 3817 423 3867; x_wconf 84' lang='lat' dir='ltr'>llll:</span> <span class='ocrx_word' id='word_1_263' title='bbox 450 3818 500 3867; x_wconf 84' lang='lat' dir='ltr'>The</span> <span class='ocrx_word' id='word_1_264' title='bbox 527 3817 631 3881; x_wconf 85' lang='lat' dir='ltr'>position</span> <span class='ocrx_word' id='word_1_265' title='bbox 662 3817 689 3864; x_wconf 90' lang='lat' dir='ltr'>ol</span> <span class='ocrx_word' id='word_1_266' title='bbox 713 3817 752 3865; x_wconf 83' lang='lat' dir='ltr'>the</span> <span class='ocrx_word' id='word_1_267' title='bbox 771 3816 855 3866; x_wconf 85' lang='lat' dir='ltr'>Clerls</span> <span class='ocrx_word' id='word_1_268' title='bbox 882 3816 903 3866; x_wconf 80' lang='lat' dir='ltr'>is</span> <span class='ocrx_word' id='word_1_269' title='bbox 930 3816 985 3865; x_wconf 85' lang='lat' dir='ltr'>this.</span> <span class='ocrx_word' id='word_1_270' title='bbox 1020 3817 1071 3865; x_wconf 84' lang='lat' dir='ltr'>Tlie</span> <span class='ocrx_word' id='word_1_271' title='bbox 1098 3816 1174 3865; x_wconf 83' lang='lat' dir='ltr'>Priest</span> <span class='ocrx_word' id='word_1_272' title='bbox 1200 3815 1220 3865; x_wconf 86' lang='lat' dir='ltr'>is</span> <span class='ocrx_word' id='word_1_273' title='bbox 1243 3824 1266 3864; x_wconf 90' lang='lat' dir='ltr'>at</span> <span class='ocrx_word' id='word_1_274' title='bbox 1291 3816 1330 3865; x_wconf 86' lang='lat' dir='ltr'>the</span> 
     </span>
     <span class='ocr_line' id='line_1_33' title="bbox 98 3900 1331 3965; baseline -0.002 -13"><span class='ocrx_word' id='word_1_275' title='bbox 98 3903 155 3952; x_wconf 89' lang='lat' dir='ltr'>ddle</span> <span class='ocrx_word' id='word_1_276' title='bbox 174 3904 201 3952; x_wconf 83' lang='lat' dir='ltr'>ol</span> <span class='ocrx_word' id='word_1_277' title='bbox 217 3904 256 3951; x_wconf 78' lang='lat' dir='ltr'>tlte</span> <span class='ocrx_word' id='word_1_278' title='bbox 274 3904 346 3961; x_wconf 77' lang='lat' dir='ltr'>Altar,</span> <span class='ocrx_word' id='word_1_279' title='bbox 376 3902 413 3951; x_wconf 86' lang='lat' dir='ltr'>his</span> <span class='ocrx_word' id='word_1_280' title='bbox 437 3918 480 3965; x_wconf 85' lang='lat' dir='ltr'>cap</span> <span class='ocrx_word' id='word_1_281' title='bbox 507 3916 547 3961; x_wconf 90' lang='lat' dir='ltr'>on,</span> <span class='ocrx_word' id='word_1_282' title='bbox 571 3903 616 3951; x_wconf 89' lang='lat' dir='ltr'>and</span> <span class='ocrx_word' id='word_1_283' title='bbox 636 3902 673 3950; x_wconf 83' lang='lat' dir='ltr'>liis</span> <span class='ocrx_word' id='word_1_284' title='bbox 691 3902 751 3950; x_wconf 82' lang='lat' dir='ltr'>haelr</span> <span class='ocrx_word' id='word_1_285' title='bbox 769 3910 793 3950; x_wconf 88' lang='lat' dir='ltr'>to</span> <span class='ocrx_word' id='word_1_286' title='bbox 811 3901 851 3950; x_wconf 84' lang='lat' dir='ltr'>the</span> <span class='ocrx_word' id='word_1_287' title='bbox 870 3900 971 3965; x_wconf 86' lang='lat' dir='ltr'>people:</span> <span class='ocrx_word' id='word_1_288' title='bbox 999 3909 1044 3950; x_wconf 79' lang='lat' dir='ltr'>tiro</span> <span class='ocrx_word' id='word_1_289' title='bbox 1066 3901 1174 3949; x_wconf 78' lang='lat' dir='ltr'>heacous</span> <span class='ocrx_word' id='word_1_290' title='bbox 1191 3914 1232 3948; x_wconf 85' lang='lat' dir='ltr'>are</span> <span class='ocrx_word' id='word_1_291' title='bbox 1250 3909 1273 3950; x_wconf 86' lang='lat' dir='ltr'>ut</span> <span class='ocrx_word' id='word_1_292' title='bbox 1290 3901 1331 3949; x_wconf 90' lang='lat' dir='ltr'>the</span> 
     </span>
     <span class='ocr_line' id='line_1_34' title="bbox 97 3980 1331 4050; baseline -0.003 -14"><span class='ocrx_word' id='word_1_293' title='bbox 97 3988 135 4037; x_wconf 84' lang='lat' dir='ltr'>rtlr</span> <span class='ocrx_word' id='word_1_294' title='bbox 163 3987 208 4036; x_wconf 86' lang='lat' dir='ltr'>and</span> <span class='ocrx_word' id='word_1_295' title='bbox 236 3987 306 4035; x_wconf 85' lang='lat' dir='ltr'>south</span> <span class='ocrx_word' id='word_1_296' title='bbox 331 3987 395 4035; x_wconf 79' lang='lat' dir='ltr'>sides</span> <span class='ocrx_word' id='word_1_297' title='bbox 419 3988 446 4036; x_wconf 89' lang='lat' dir='ltr'>ol</span> <span class='ocrx_word' id='word_1_298' title='bbox 470 3988 509 4035; x_wconf 88' lang='lat' dir='ltr'>the</span> <span class='ocrx_word' id='word_1_299' title='bbox 537 3988 605 4037; x_wconf 81' lang='lat' dir='ltr'>hema</span> <span class='ocrx_word' id='word_1_300' title='bbox 631 3985 802 4049; x_wconf 68' lang='lat' dir='ltr'>respectirel53</span> <span class='ocrx_word' id='word_1_301' title='bbox 824 3987 863 4034; x_wconf 88' lang='lat' dir='ltr'>the</span> <span class='ocrx_word' id='word_1_302' title='bbox 891 3985 1007 4050; x_wconf 85' lang='lat' dir='ltr'>priucipal</span> <span class='ocrx_word' id='word_1_303' title='bbox 1025 3985 1135 4043; x_wconf 79' lang='lat' dir='ltr'>lleaeon,</span> <span class='ocrx_word' id='word_1_304' title='bbox 1158 3985 1268 4047; x_wconf 78' lang='lat' dir='ltr'>standing</span> <span class='ocrx_word' id='word_1_305' title='bbox 1289 3980 1331 4032; x_wconf 79' lang='lat' dir='ltr'>&#39;to-</span> 
     </span>
     <span class='ocr_line' id='line_1_35' title="bbox 101 4069 1330 4134; baseline -0.002 -14"><span class='ocrx_word' id='word_1_306' title='bbox 101 4073 143 4122; x_wconf 89' lang='lat' dir='ltr'>rds</span> <span class='ocrx_word' id='word_1_307' title='bbox 168 4072 208 4119; x_wconf 87' lang='lat' dir='ltr'>rhe</span> <span class='ocrx_word' id='word_1_308' title='bbox 232 4072 301 4119; x_wconf 85' lang='lat' dir='ltr'>north</span> <span class='ocrx_word' id='word_1_309' title='bbox 325 4072 385 4130; x_wconf 77' lang='lat' dir='ltr'>side,</span> <span class='ocrx_word' id='word_1_310' title='bbox 409 4080 432 4118; x_wconf 78' lang='lat' dir='ltr'>ut</span> <span class='ocrx_word' id='word_1_311' title='bbox 456 4073 495 4119; x_wconf 85' lang='lat' dir='ltr'>the</span> <span class='ocrx_word' id='word_1_312' title='bbox 519 4079 559 4133; x_wconf 82' lang='lat' dir='ltr'>top</span> <span class='ocrx_word' id='word_1_313' title='bbox 585 4071 612 4119; x_wconf 94' lang='lat' dir='ltr'>ol</span> <span class='ocrx_word' id='word_1_314' title='bbox 634 4072 672 4118; x_wconf 84' lang='lat' dir='ltr'>the</span> <span class='ocrx_word' id='word_1_315' title='bbox 696 4080 772 4134; x_wconf 80' lang='lat' dir='ltr'>steps,</span> <span class='ocrx_word' id='word_1_316' title='bbox 796 4070 880 4119; x_wconf 84' lang='lat' dir='ltr'>ehants</span> <span class='ocrx_word' id='word_1_317' title='bbox 899 4072 937 4119; x_wconf 88' lang='lat' dir='ltr'>the</span> <span class='ocrx_word' id='word_1_318' title='bbox 962 4070 1060 4134; x_wconf 74' lang='lat' dir='ltr'>Cuspiel,</span> <span class='ocrx_word' id='word_1_319' title='bbox 1085 4070 1163 4131; x_wconf 74' lang='lat' dir='ltr'>laeing</span> <span class='ocrx_word' id='word_1_320' title='bbox 1187 4078 1258 4117; x_wconf 53' lang='lat' dir='ltr'>sivest:</span> <span class='ocrx_word' id='word_1_321' title='bbox 1285 4069 1330 4117; x_wconf 90' lang='lat' dir='ltr'>im-</span> 
     </span>
     <span class='ocr_line' id='line_1_36' title="bbox 97 4153 1331 4219; baseline -0.002 -14"><span class='ocrx_word' id='word_1_322' title='bbox 97 4156 192 4219; x_wconf 72' lang='lat' dir='ltr'>rdiatelp</span> <span class='ocrx_word' id='word_1_323' title='bbox 211 4156 233 4203; x_wconf 87' lang='lat' dir='ltr'>in</span> <span class='ocrx_word' id='word_1_324' title='bbox 253 4156 316 4204; x_wconf 87' lang='lat' dir='ltr'>lront</span> <span class='ocrx_word' id='word_1_325' title='bbox 335 4156 361 4204; x_wconf 93' lang='lat' dir='ltr'>ol</span> <span class='ocrx_word' id='word_1_326' title='bbox 378 4156 434 4212; x_wconf 87' lang='lat' dir='ltr'>lrim,</span> <span class='ocrx_word' id='word_1_327' title='bbox 454 4155 499 4204; x_wconf 90' lang='lat' dir='ltr'>and</span> <span class='ocrx_word' id='word_1_328' title='bbox 518 4157 596 4215; x_wconf 70' lang='lat' dir='ltr'>lating</span> <span class='ocrx_word' id='word_1_329' title='bbox 615 4156 671 4214; x_wconf 84' lang='lat' dir='ltr'>trirn,</span> <span class='ocrx_word' id='word_1_330' title='bbox 692 4154 711 4204; x_wconf 87' lang='lat' dir='ltr'>is</span> <span class='ocrx_word' id='word_1_331' title='bbox 730 4154 831 4203; x_wconf 82' lang='lat' dir='ltr'>another</span> <span class='ocrx_word' id='word_1_332' title='bbox 848 4154 942 4203; x_wconf 85' lang='lat' dir='ltr'>lleucon</span> <span class='ocrx_word' id='word_1_333' title='bbox 961 4155 1016 4203; x_wconf 86' lang='lat' dir='ltr'>with</span> <span class='ocrx_word' id='word_1_334' title='bbox 1035 4170 1047 4202; x_wconf 83' lang='lat' dir='ltr'>a</span> <span class='ocrx_word' id='word_1_335' title='bbox 1066 4168 1158 4214; x_wconf 83' lang='lat' dir='ltr'>censer,</span> <span class='ocrx_word' id='word_1_336' title='bbox 1176 4155 1229 4202; x_wconf 84' lang='lat' dir='ltr'>who</span> <span class='ocrx_word' id='word_1_337' title='bbox 1248 4153 1331 4202; x_wconf 88' lang='lat' dir='ltr'>stands</span> 
     </span>
     <span class='ocr_line' id='line_1_37' title="bbox 97 4238 1330 4304; baseline -0.002 -16"><span class='ocrx_word' id='word_1_338' title='bbox 97 4248 171 4289; x_wconf 75' lang='lat' dir='ltr'>tween</span> <span class='ocrx_word' id='word_1_339' title='bbox 201 4247 246 4288; x_wconf 83' lang='lat' dir='ltr'>two</span> <span class='ocrx_word' id='word_1_340' title='bbox 273 4240 441 4299; x_wconf 86' lang='lat' dir='ltr'>Subdeocons,</span> <span class='ocrx_word' id='word_1_341' title='bbox 469 4242 526 4289; x_wconf 87' lang='lat' dir='ltr'>each</span> <span class='ocrx_word' id='word_1_342' title='bbox 554 4239 653 4301; x_wconf 75' lang='lat' dir='ltr'>holding</span> <span class='ocrx_word' id='word_1_343' title='bbox 680 4254 691 4287; x_wconf 77' lang='lat' dir='ltr'>u</span> <span class='ocrx_word' id='word_1_344' title='bbox 719 4248 801 4304; x_wconf 83' lang='lat' dir='ltr'>taper3</span> <span class='ocrx_word' id='word_1_345' title='bbox 827 4239 866 4288; x_wconf 83' lang='lat' dir='ltr'>the</span> <span class='ocrx_word' id='word_1_346' title='bbox 893 4240 961 4288; x_wconf 86' lang='lat' dir='ltr'>other</span> <span class='ocrx_word' id='word_1_347' title='bbox 987 4238 1158 4299; x_wconf 85' lang='lat' dir='ltr'>Subdeacons,</span> <span class='ocrx_word' id='word_1_348' title='bbox 1186 4253 1212 4286; x_wconf 89' lang='lat' dir='ltr'>as</span> <span class='ocrx_word' id='word_1_349' title='bbox 1238 4238 1330 4298; x_wconf 82' lang='lat' dir='ltr'>before,</span> 
     </span>
    </p>
   </div>
   <div class='ocr_carea' id='block_1_8' title="bbox 97 4324 251 4374">
    <p class='ocr_par' dir='ltr' id='par_1_8' title="bbox 97 4324 251 4374">
     <span class='ocr_line' id='line_1_38' title="bbox 97 4324 251 4374; baseline 0 -3"><span class='ocrx_word' id='word_1_350' title='bbox 97 4324 133 4373; x_wconf 72' lang='lat' dir='ltr'>ind</span> <span class='ocrx_word' id='word_1_351' title='bbox 155 4324 251 4374; x_wconf 80' lang='lat' dir='ltr'>heliind.</span> 
     </span>
    </p>
   </div>
   <div class='ocr_carea' id='block_1_9' title="bbox 97 4423 1331 4660">
    <p class='ocr_par' dir='ltr' id='par_1_9' title="bbox 97 4423 1331 4660">
     <span class='ocr_line' id='line_1_39' title="bbox 150 4423 1331 4487; baseline -0.001 -13"><span class='ocrx_word' id='word_1_352' title='bbox 150 4424 175 4484; x_wconf 68' lang='lat'>2)</span> <span class='ocrx_word' id='word_1_353' title='bbox 194 4425 245 4474; x_wconf 77' lang='lat' dir='ltr'>lc:</span> <span class='ocrx_word' id='word_1_354' title='bbox 265 4425 332 4485; x_wconf 82' lang='lat' dir='ltr'>„Wir</span> <span class='ocrx_word' id='word_1_355' title='bbox 349 4426 451 4485; x_wconf 72' lang='lat' dir='ltr'>glauben</span> <span class='ocrx_word' id='word_1_356' title='bbox 471 4427 529 4473; x_wconf 82' lang='lat' dir='ltr'>surh</span> <span class='ocrx_word' id='word_1_357' title='bbox 549 4441 577 4473; x_wconf 90' lang='lat' dir='ltr'>an</span> <span class='ocrx_word' id='word_1_358' title='bbox 597 4426 641 4474; x_wconf 89' lang='lat' dir='ltr'>den</span> <span class='ocrx_word' id='word_1_359' title='bbox 661 4423 763 4487; x_wconf 72' lang='lat' dir='ltr'>heiligon</span> <span class='ocrx_word' id='word_1_360' title='bbox 775 4426 848 4485; x_wconf 87' lang='lat' dir='ltr'>Ceist,</span> <span class='ocrx_word' id='word_1_361' title='bbox 867 4424 911 4473; x_wconf 89' lang='lat' dir='ltr'>den</span> <span class='ocrx_word' id='word_1_362' title='bbox 931 4425 1128 4475; x_wconf 85' lang='lat' dir='ltr'>auersolrallenen</span> <span class='ocrx_word' id='word_1_363' title='bbox 1147 4425 1194 4475; x_wconf 91' lang='lat' dir='ltr'>und</span> <span class='ocrx_word' id='word_1_364' title='bbox 1214 4424 1331 4474; x_wconf 79' lang='lat' dir='ltr'>vollliom·</span> 
     </span>
     <span class='ocr_line' id='line_1_40' title="bbox 97 4508 1329 4573; baseline -0.001 -14"><span class='ocrx_word' id='word_1_365' title='bbox 97 4513 167 4569; x_wconf 71' lang='lat' dir='ltr'>enen,</span> <span class='ocrx_word' id='word_1_366' title='bbox 185 4510 229 4559; x_wconf 87' lang='lat' dir='ltr'>der</span> <span class='ocrx_word' id='word_1_367' title='bbox 252 4525 296 4559; x_wconf 83' lang='lat' dir='ltr'>ron</span> <span class='ocrx_word' id='word_1_368' title='bbox 321 4510 374 4558; x_wconf 92' lang='lat' dir='ltr'>dem</span> <span class='ocrx_word' id='word_1_369' title='bbox 392 4510 460 4560; x_wconf 80' lang='lat' dir='ltr'>later</span> <span class='ocrx_word' id='word_1_370' title='bbox 479 4510 525 4559; x_wconf 90' lang='lat' dir='ltr'>und</span> <span class='ocrx_word' id='word_1_371' title='bbox 544 4511 625 4559; x_wconf 85' lang='lat' dir='ltr'>Sohne</span> <span class='ocrx_word' id='word_1_372' title='bbox 643 4508 751 4573; x_wconf 60' lang='lat' dir='ltr'>tumme</span> <span class='ocrx_word' id='word_1_373' title='bbox 787 4510 834 4559; x_wconf 84' lang='lat' dir='ltr'>Der</span> <span class='ocrx_word' id='word_1_374' title='bbox 852 4510 949 4571; x_wconf 65' lang='lat' dir='ltr'>assedet</span> <span class='ocrx_word' id='word_1_375' title='bbox 962 4510 1006 4559; x_wconf 83' lang='lat' dir='ltr'>hat</span> <span class='ocrx_word' id='word_1_376' title='bbox 1024 4509 1100 4563; x_wconf 83' lang='lat' dir='ltr'>durch</span> <span class='ocrx_word' id='word_1_377' title='bbox 1118 4511 1161 4561; x_wconf 84' lang='lat' dir='ltr'>das</span> <span class='ocrx_word' id='word_1_378' title='bbox 1179 4512 1263 4561; x_wconf 83' lang='lat' dir='ltr'>Cesetz</span> <span class='ocrx_word' id='word_1_379' title='bbox 1282 4509 1329 4559; x_wconf 89' lang='lat' dir='ltr'>und</span> 
     </span>
     <span class='ocr_line' id='line_1_41' title="bbox 97 4593 1165 4660; baseline 0.002 -17"><span class='ocrx_word' id='word_1_380' title='bbox 97 4608 104 4643; x_wconf 80' lang='lat' dir='ltr'>e</span> <span class='ocrx_word' id='word_1_381' title='bbox 122 4594 258 4659; x_wconf 80' lang='lat' dir='ltr'>Propheteu</span> <span class='ocrx_word' id='word_1_382' title='bbox 278 4595 325 4644; x_wconf 92' lang='lat' dir='ltr'>und</span> <span class='ocrx_word' id='word_1_383' title='bbox 344 4595 382 4644; x_wconf 86' lang='lat' dir='ltr'>die</span> <span class='ocrx_word' id='word_1_384' title='bbox 400 4593 573 4657; x_wconf 71' lang='lat' dir='ltr'>Evangelisten.</span> <span class='ocrx_word' id='word_1_385' title='bbox 608 4593 655 4644; x_wconf 84' lang='lat' dir='ltr'>her</span> <span class='ocrx_word' id='word_1_386' title='bbox 673 4594 809 4659; x_wconf 66' lang='lat' dir='ltr'>herahstiess</span> <span class='ocrx_word' id='word_1_387' title='bbox 827 4596 852 4645; x_wconf 87' lang='lat' dir='ltr'>iu</span> <span class='ocrx_word' id='word_1_388' title='bbox 869 4593 916 4646; x_wconf 85' lang='lat' dir='ltr'>deu</span> <span class='ocrx_word' id='word_1_389' title='bbox 933 4595 1033 4660; x_wconf 76' lang='lat' dir='ltr'>lothan,</span> <span class='ocrx_word' id='word_1_390' title='bbox 1048 4594 1165 4647; x_wconf 75' lang='lat' dir='ltr'>u.s.u.“</span> 
     </span>
    </p>
   </div>
   <div class='ocr_carea' id='block_1_10' title="bbox 0 0 1527 4912">
    <p class='ocr_par' dir='ltr' id='par_1_10' title="bbox 0 0 1527 4912">
     <span class='ocr_line' id='line_1_42' title="bbox 0 0 1527 4912; baseline 0 0"><span class='ocrx_word' id='word_1_391' title='bbox 0 0 1527 4912; x_wconf 95' lang='lat' dir='ltr'> </span> 
     </span>
    </p>
   </div>
  </div>
 </body>
</html>
