3044 4912
810 186 858 259 64

197 370 394 463 σύστασιν,
428 370 605 461 σταθμόν
637 369 788 465 ἀνίμων
820 366 1089 458 διαπνεόντων,
1123 367 1181 442 ὅτε
1207 373 1476 464 πραςταχθῶσι

196 492 300 592 παρὰ
325 500 395 567 σοῦ
422 509 497 587 (lob.
511 510 637 584 28‚25),
663 496 742 564 τῶν
768 496 902 587 φυτῶν
927 488 990 563 καὶ
1015 496 1093 563 τῶν
1118 489 1297 586 βοτανῶν
1320 486 1365 561 τὸ
1382 496 1476 585 πλῆ-

196 616 280 696 θος.
289 612 312 709 ¹)
365 609 428 685 καῖ
461 608 506 683 οὐ
537 604 658 702 μόνον
690 606 757 682 τὸν
788 604 932 702 κόσμον
956 604 1264 707 ἐδημιούργησας,
1292 604 1475 681 ἀλλὰκαὶ

196 729 264 806 τάν
289 725 561 823 κοσμοπολίτην
587 726 796 823 ἄνθρωπον
821 729 862 801 ἐν
888 726 991 819 αὐτῷ
1017 724 1202 822 ἐποίησας,
1236 722 1382 819 κόσμου
1407 728 1473 801 κό-

199 874 297 945 σμον
323 846 440 923 αὐτὸν
466 842 673 928 ἀναδείξας.
721 842 824 928 εἶπας
848 844 921 946 γὰρ
947 852 992 941 τῇ
1019 852 1065 940 σῇ
1094 842 1225 943 σοφίᾳ·
1260 840 1475 941 ποιήσωμεν

199 968 408 1063 ἄνθρωπον
432 963 514 1037 κατ’
546 960 671 1037 εέκόνα
696 962 889 1060 ἡμετέραν,
915 963 978 1037 καὶ
1002 963 1095 1037 καθ’
1126 960 1307 1059 ὁμοίωσιν
1323 963 1388 1037 καῖ
1405 964 1474 1062 ἀρ-

193 1085 363 1181 χέτωσαν
394 1086 473 1156 ταῖν
505 1076 655 1176 λχθύων
686 1088 751 1177 τῆς
775 1078 982 1179 θαλάσσης,
1008 1081 1071 1157 καὶ
1096 1086 1175 1157 ταῖν
1200 1084 1380 1157 πετεινῶν
1405 1092 1474 1157 τοῦ
1487 1102 1490 1107 “

197 1204 363 1301 ούρανοῦ
381 1220 465 1293 (Gen.
485 1223 513 1291 1,
530 1221 594 1293 26).
622 1198 691 1273 Διὸ
717 1199 779 1274 καὶ
804 1198 1000 1296 πεποίηκας
1027 1200 1145 1276 αὐτὸν
1169 1203 1210 1274 ἐκ
1230 1204 1356 1298 ψυχῆς
1371 1200 1474 1275 ἀθαε

197 1318 316 1398 νοίτου
347 1318 411 1393 καὶ
445 1315 617 1414 σώματος
650 1316 872 1392 σκεδαστοῦ·
905 1323 970 1415 τῆς
1000 1316 1072 1414 μίν
1103 1322 1144 1394 ἐκ
1175 1324 1243 1393 τοῦ
1273 1318 1325 1415 μὴ
1353 1319 1472 1408 ὄντος,

196 1448 265 1513 τοῦ
291 1436 332 1512 δὲ
359 1440 501 1511 ἐκτῶν
525 1431 718 1532 τεσσάρων
737 1435 944 1531 στοιχείων·
970 1437 1035 1511 καὶ
1052 1435 1218 1519 δέδωκας
1234 1437 1353 1533 αὐτῷ,
1377 1435 1474 1511 κατά

197 1557 268 1652 μέν
293 1555 362 1651 τὴν
385 1551 526 1651 ψυχὴν,
561 1552 631 1649 τὴν
656 1553 805 1655 λογικὴν
831 1552 1051 1655 διάγνωσιν,
1085 1556 1273 1652 εὐσεβείας
1297 1555 1362 1629 καῖ
1387 1556 1475 1631 ἀσε-

196 1674 303 1773 βείας
336 1669 535 1769 διάκρισιν,
569 1670 717 1746 δικαίου
749 1672 813 1746 καῖ
839 1672 972 1748 ἀδίκου
999 1671 1271 1773 παρατήρησιν·
1307 1673 1405 1748 κατὰ
1432 1672 1474 1750 δὲ

196 1792 241 1868 τὸ
268 1795 378 1887 σῶμα
402 1789 472 1884 τὴν
496 1789 710 1866 πένταθλον
734 1789 893 1889 ἐχαρίσω
920 1795 1111 1888 αἴσθησιν,
1138 1792 1287 1888 κοίτην
1305 1794 1476 1891 μεταβα-

197 1910 303 2007 τικὴν
327 1909 484 2004 κίνησιν.
512 1907 560 1982 σύ
584 1908 658 2009 γὰρ
687 1908 750 1983 Θεὲ
777 1907 1048 2008 παντοκράτορ,
1074 1910 1139 1985 διὰ
1156 1916 1327 2008 Χριστοῦ
1352 1909 1475 2011 παρά-

198 2028 324 2105 δεισον
349 2030 390 2103 ἐν
409 2025 519 2119 Ἕδέμ
544 2026 640 2102 κατά
666 2027 850 2113 ἀνατολάς
875 2027 1093 2127 ἐφύτευσας,
1120 2028 1311 2104 παντοίων
1338 2039 1476 2128 φυταῖν

198 2146 398 2244 ἐδωδίμων
432 2132 575 2244 κόσμῳ,
606 2146 669 2221 καὶ
701 2150 743 2223 ἐν
776 2148 880 2244 αὐτῷ
914 2146 963 2229 αῖς
996 2144 1045 2222 ἀν
1077 2150 1119 2223 ἐν
1151 2146 1253 2245 ἑστίᾳ
1286 2154 1476 2223 πολυτελεῖ

199 2265 382 2369 ελςήγαγες
408 2261 541 2339 αὐτόν·
568 2263 642 2361 κάν
666 2273 721 2363 τῷ
746 2272 865 2340 ποιεῖν
890 2260 1010 2361 νόμον
1035 2263 1200 2349 δέδωκας
1226 2266 1331 2363 αὐτῷ
1353 2268 1474 2366 ἐμφυ-

197 2414 278 2473 τον,
312 2383 410 2465 ὅπως
444 2386 595 2456 οἴκοθεν
628 2382 691 2456 καῖ
724 2383 812 2480 παρ’
843 2383 981 2456 ἑαυτοῦ
1010 2384 1086 2478 ἐχοι
1118 2382 1166 2457 τὰ
1192 2385 1386 2480 σπέρματα
1410 2396 1476 2481 τῆς

198 2501 441 2602 θεογνωσίας.
494 2500 699 2600 ελςαγαγδιν
732 2498 772 2573 δέ
807 2505 856 2582 ελς
880 2499 949 2574 τὸν
972 2512 1037 2597 τῆς
1061 2507 1206 2600 τρυφῆς
1231 2500 1473 2599 παράδεισον,

199 2618 354 2695 πάντων
393 2615 463 2711 μέν
502 2618 642 2713 ἀνῆκας
682 2616 788 2714 αὐτῷ
822 2617 891 2713 τὴν
923 2618 1095 2703 ἐξουσίαν
1127 2622 1218 2716 πρὸς
1250 2618 1473 2718 μετάληψιν,

200 2738 282 2820 ἐνὸς
313 2734 354 2811 δέ
386 2731 506 2832 μόνου
538 2734 607 2832 τὴν
639 2741 769 2837 γεῦσιν
802 2736 957 2820 ἀπεῖπας
990 2739 1045 2811 ἐπ’
1084 2738 1203 2813 ἐλπίδι
1235 2736 1472 2837 κρειττόνων,

198 2857 263 2930 ἵνα
288 2853 355 2928 ἐάν
381 2850 525 2951 φυλάξῃ
551 2853 620 2950 τὴν
645 2854 809 2951 ἐντολὴν,
835 2855 980 2949 μισθὸν
1004 2853 1140 2953 ταύτης
1165 2857 1233 2954 τὴν
1251 2857 1476 2933 ἀθανασίαν

110 3072 114 3079 Ι
199 2972 410 3070 κομίσηται·
440 2969 676 3068 ἀμελήσαντα
702 2972 743 3048 δέ
769 2977 834 3071 τῆς
860 2977 1007 3071 ἐντολῆς
1031 2975 1094 3048 καὶ
1119 2973 1352 3076 γευσάμενον
1378 2977 1474 3074 ἀπη-

199 3092 425 3194 γορευμένον
457 3095 603 3189 καρποῦ
635 3088 758 3188 ἀπάτῃ
792 3092 911 3191 ὄφεως
941 3093 1005 3167 καὶ
1038 3091 1249 3191 συμβουλίᾳ
1282 3095 1473 3196 γυναικὸς,

198 3214 268 3286 τοῦ
300 3208 370 3305 μέν
402 3208 630 3306 παραδείσου
664 3209 817 3293 δικαίως
849 3212 986 3295 ἐξωσας
1019 3210 1149 3299 αὐτὸν,
1187 3210 1397 3314 ἀγαθότητι
1431 3211 1473 3287 δέ

200 3332 251 3412 εἰς
275 3326 320 3405 τό
345 3326 517 3410 παντελές
543 3323 798 3425 ἀπολλύμενον
824 3329 894 3425 οὐχ
920 3329 1123 3427 ὑπερεῖδες·
1153 3328 1222 3405 σόν
1245 3332 1318 3432 γὰρ
1339 3327 1388 3428 ἦν
1406 3330 1473 3428 δη-

199 3444 435 3551 μιούργημα,
468 3445 563 3520 ἀλλά
595 3445 862 3533 καθυποτάξας
896 3448 1000 3544 αὐτῷ
1031 3447 1100 3544 τὴν
1131 3447 1271 3539 κτίσιν,
1306 3446 1473 3534 δέδωκας

201 3568 306 3666 αὐτῷ
331 3566 475 3649 οἰκείοις
499 3563 632 3663 ἱδρῶσι
658 3565 721 3639 καὶ
746 3564 873 3651 πόνοις
897 3565 1060 3663 πορίζειν
1085 3568 1208 3663 ἐαυτῷ
1228 3567 1298 3663 τὴν
1313 3566 1471 3665 τροφὴν,

200 3686 272 3757 σοῦ
296 3680 419 3757 πάντα
445 3680 605 3781 φύοντος
630 3684 694 3758 καὶ
720 3686 896 3771 αὔξοντος
921 3684 983 3758 καὶ
1000 3683 1259 3768 πεπαίνοντος·
1283 3682 1412 3785 χρόνῳ
1429 3684 1471 3760 δέ

101 3820 109 3859 '-
201 3800 292 3899 πρὸς
309 3799 435 3902 ἀλίγον
454 3800 570 3876 αὐτὸν
585 3801 769 3898 κοιμίσας,
797 3804 895 3901 ὅρκφ
913 3807 964 3886 εἰς
980 3803 1263 3905 παλιγγενεσίαν
1280 3801 1471 3887 ἐκάλεσας·

270 4106 295 4168 1)
313 4108 534 4161 Ριιεελιιίτιίιαωπ
552 4124 634 4161 rerum
651 4118 784 4162 creaturum
802 4110 957 4174 praeconium
976 4110 1040 4174 qnod
1058 4124 1131 4175 supra
1146 4111 1319 4175 scriptumest,
1338 4111 1473 4163 multorum

200 4192 353 4243 Psalmorum
372 4210 400 4244 ιε
418 4196 472 4245 libri
490 4194 540 4244 lobi
560 4196 636 4245 robur
653 4210 681 4247 τε
699 4198 883 4254 firmamentum,
902 4195 1042 4244 affinitatem
1061 4195 1133 4247 habet
1150 4210 1203 4246 cum
1222 4204 1291 4247 cantu
1311 4196 1471 4247 &Francisei

202 4276 335 4341 Seraphiei,
360 4280 401 4343 qui
425 4280 511 4331 dicitur
536 4279 632 4330 εολιιῖε.
669 4278 786 4343 Ροιειιρε
808 4285 955 4329 τεισειιιιιιιι
983 4279 1133 4343 liturgiarum
1151 4288 1271 4341 ιιιαῑατει,
1292 4282 1362 4347 quani
1381 4281 1473 4344 spreti·

201 4362 354 4425 corporibus,
372 4364 467 4413 evolant
485 4370 555 4428 atque
573 4370 701 4416 excurrunt
717 4362 792 4424 λοιιε,
810 4378 956 4431 οιιιιιιωηοο
972 4380 1054 4417 rerum
1071 4372 1205 4417 emtarum
1215 4364 1330 4417 nubitum
1340 4363 1471 4416 exultando

199 4442 356 4509 perlustrant.
