3044 4912
724 240 798 315 206

208 430 307 492 Locus
329 427 475 491 Tabulsto
505 425 639 490 inclusus
668 443 755 487 sacer
783 436 831 488 est
858 442 895 488 ac
921 424 1109 488 venerandus
1142 432 1174 487 et
1194 422 1313 487 clericis
1331 429 1394 485 tan-

123 541 195 604 tum,
218 530 290 592 viris
313 528 518 592 saecularibus
540 547 619 599 raro,
642 526 818 590 mulieribus
832 544 981 607 nusquam
996 524 1227 608 penetrabilis¹)
1249 517 1394 608 (solym

122 635 225 716 βῆμα,
247 625 286 694 τὸ
309 622 481 712 ispuneios,
512 624 553 692 τὸ
574 628 672 693 θεῖον
692 617 836 707 ἔδνων).
878 628 918 690 Et
946 630 1056 692 iterum
1077 626 1230 708 tripartita
1253 622 1390 706 eouspin'·

124 742 173 795 tur
199 731 362 794 sanctuarii
391 731 479 793 ratio.
523 730 613 793 Absis
640 730 738 792 media
763 740 858 810 eaque
881 729 1009 792 maxime
1031 729 1123 793 habel
1150 728 1257 801 altore,
1288 727 1318 789 iu
1337 744 1386 806 prr

123 834 215 896 llissa
237 833 421 896 celebratur:
445 832 528 895 absis
549 830 681 894 borealis
703 832 873 911 appellatur
893 831 1078 894 biaeonieon
1100 850 1127 893 s.
1142 829 1297 900 sacristia,
1318 814 1393 891 abrs

123 935 263 998 australis
296 927 483 1018 Πρόθεσις.
537 933 572 995 ln
603 931 757 995 nonnullis
794 932 934 996 ecclesiis
966 932 1151 996 bieconicon
1183 939 1215 992 et
1246 927 1382 992 Protberlr

123 1055 208 1098 muro
230 1035 277 1098 rel
299 1035 431 1098 tabulato
454 1054 470 1096 a
493 1035 609 1115 reliquo
631 1033 762 1097 Bematis
784 1044 870 1115 parte
892 1044 1072 1114 separantur
1096 1044 1126 1095 at
1153 1031 1237 1095 aditu
1259 1030 1380 1110 adaperto

122 1137 154 1199 in
176 1136 283 1200 eodem
305 1153 391 1198 muro
414 1154 481 1199 cum
504 1137 626 1199 liemste
647 1136 878 1198 communicant.

165 1324 170 1333 Ι
208 1253 308 1316 ditare
330 1254 453 1316 unicum
475 1254 653 1326 (Eusebium
676 1249 852 1336 μονογενὲς
872 1244 1156 1336 θυσιαστήριονγ)
1177 1242 1199 1336 ἦ
1223 1241 1301 1332 ἁγία
1318 1267 1381 1333 rpo-

122 1350 220 1433 πέζα,
243 1355 275 1416 in
298 1373 357 1434 quo
381 1373 440 1415 non
464 1354 523 1415 nisi
546 1355 640 1418 semel
662 1373 718 1435 per
739 1356 818 1417 diem
840 1355 966 1417 offertur
987 1353 1180 1426 sucrificium,
1201 1351 1330 1414 medinm
1347 1356 1379 1411 te

123 1467 175 1519 net
203 1455 297 1517 cellae
319 1455 437 1518 mediae
459 1455 559 1518 locum
581 1456 743 1535 lapideum,
773 1474 920 1537 nusquam
951 1455 1060 1537 parieti
1082 1453 1259 1532 contiguum
1280 1464 1380 1532 semper

124 1558 161 1618 ad
190 1557 336 1618 orientem
364 1563 517 1635 spectans.
561 1559 688 1637 Semper
715 1557 793 1619 iacet
820 1557 851 1618 in
881 1557 966 1619 alteri
988 1575 1060 1619 cmx
1081 1564 1222 1634 argentea
1245 1552 1309 1630 (sed
1327 1550 1379 1613 sius

123 1657 254 1737 imagine
276 1657 440 1734 cincinni:
471 1667 627 1737 praeterea
649 1658 837 1740 conspicitur
859 1658 889 1719 in
913 1657 980 1738 ipso
995 1657 1224 1737 Evangeliorum
1247 1651 1379 1727 libeni·

124 1913 192 1964 echte
211 1912 296 1963 l'erlen
322 1912 454 1975 eingeuebl
480 1911 541 1960 siud.
577 1913 624 1962 lul
648 1912 692 1963 der
717 1913 787 1963 sinen
806 1912 920 1963 Schuller
945 1910 1052 1961 beliudet
1076 1910 1128 1961 sich
1154 1911 1193 1961 cin
1211 1923 1316 1973 grassor,
1337 1903 1381 1956 sak

123 1996 276 2048 nortbroiler
293 1996 424 2056 Edelstein‚
442 2010 488 2046 run
504 1995 619 2047 walchem
638 1999 691 2047 eine
710 1996 792 2058 Mense
805 1995 1039 2047 Edelsteinstrrbleu
1057 1994 1189 2057 ausgehen,
1207 1994 1257 2044 uad
1274 1993 1310 2043 eiu
1324 1987 1380 2040 antl-

122 2091 160 2134 ter
187 2082 278 2135 menso
305 2095 404 2145 grosser
430 2079 553 2131 lidelstein
580 2082 706 2132 scbmdelt
732 2082 784 2131 ibre
802 2082 875 2141 Stirn,
903 2082 963 2130 uber
989 2079 1094 2130 welcber
1115 2077 1168 2128 sich
1187 2079 1242 2128 eino
1259 2077 1380 2127 branam

121 2166 255 2217 brillanten
273 2166 342 2227 zeigt.
377 2165 500 2216 Seitwlrts
523 2164 547 2215 in
566 2166 633 2215 einer
650 2166 714 2216 Ecba
732 2166 775 2215 des
792 2165 872 2215 bildes
891 2165 947 2215 liest
965 2178 1019 2214 man
1038 2164 1081 2213 aul
1096 2163 1174 2213 ciuem
1193 2161 1290 2212 lrlslueu
1305 2158 1380 2210 Silbtr⁴

122 2252 200 2302 sebiid
220 2250 258 2301 dio
277 2251 374 2300 Worte:
392 2240 427 2311 „ri
445 2237 533 2314 μήτηρ
551 2246 620 2298 θεοῦ
637 2242 841 2315 ιῶν’1βέρων“.
877 2248 945 2299 ilund
963 2249 1048 2298 berum
1067 2246 1122 2297 sind
1139 2242 1381 2310 goldbroelatenair·

122 2337 200 2398 hunge
225 2336 268 2386 mit
285 2334 445 2395 anigenabten
465 2332 560 2383 tteinoo
578 2332 788 2398 Engelslbplcben
806 2349 835 2383 ru
853 2334 937 2393 seben,
961 2333 1000 2384 die
1017 2331 1115 2383 zierlicb
1133 2331 1177 2381 rol
1193 2324 1380 2380 l'oraellrnsffi·

123 2422 183 2471 eben
201 2418 291 2483 gemell
309 2419 358 2467 und
377 2419 420 2467 mit
437 2417 560 2466 silbernen
578 2416 678 2480 Fingeln
698 2425 853 2481 rusgestattel
870 2417 953 2468 sind.“

209 2520 232 2578 l)
251 2518 390 2568 observavit
406 2518 598 2577 tomenGoaros‚
618 2527 717 2579 urgente
735 2520 878 2569 necessitato
896 2518 986 2569 aditum
1004 2519 1078 2569 licere
1095 2517 1264 2582 impuberibus
1274 2512 1380 2580 pneliirac

123 2603 265 2654 mulieribus
283 2603 454 2665 quinquoginlo
474 2616 549 2649 annor
567 2603 745 2666 praetervectis.

207 2701 233 2761 2)
257 2701 340 2764 Neque
365 2701 425 2750 boec
448 2704 566 2750 sententio
585 2704 697 2752 evertitur
714 2704 811 2752 sacellis
830 2703 865 2753 rel
885 2701 1106 2769 παρεκκλησίαις,
1129 2702 1250 2753 interdum
1269 2697 1380 2752 mrioribn

122 2785 219 2849 templis
244 2786 371 2834 adiunctis.
407 2785 470 2834 Sana
494 2785 582 2835 babent
606 2786 699 2847 altaria,
723 2789 766 2837 sed
790 2802 920 2852 numquam
945 2803 992 2837 uuo
1011 2788 1144 2852 eodemque
1162 2797 1273 2851 tempore
1290 2783 1381 2835 celebre·

124 2878 162 2918 tur
186 2870 259 2918 llissa
286 2870 309 2918 in
335 2869 393 2918 rede
419 2869 503 2919 maiori
528 2878 552 2919 et
576 2872 599 2920 in
626 2871 730 2921 sacellis.
766 2872 906 2922 dilutius
925 2873 971 2922 lc
989 2873 1087 2936 pili:
1107 2897 1139 2908 -
1157 2899 1190 2909 -
1210 2887 1255 2936 per
1272 2869 1381 2921 ecclesian

124 2952 277 3017 quandoque,
301 2952 430 3017 aliquando
455 2955 478 3003 in
498 2955 642 3006 Perceclesii
666 2957 742 3007 muris
767 2967 831 3007 extra
856 2957 982 3007 ecclesiam
1009 2957 1087 3006 aditus
1106 2964 1149 3006 est.
1186 2958 1231 3007 Ubi
1251 2951 1383 3005 Parcecleair

122 3054 167 3102 per
190 3053 217 3088 se
239 3046 312 3094 slent.
336 3048 431 3102 portam
455 3039 602 3102 peculiarem
619 3041 708 3090 hebent
726 3050 749 3091 cl
768 3043 790 3091 iu
810 3042 934 3092 nonnullis
953 3042 1104 3091 monasteriis
1123 3056 1152 3090 eo
1172 3055 1273 3090 numeru
1290 3046 1351 3096 sunt.
1364 3041 1385 3084 ul

124 3123 175 3173 dies
194 3122 351 3172 hebdomadis
370 3131 481 3187 aequent
518 3123 543 3173 ln
561 3125 591 3173 iis
610 3133 706 3190 prueter
724 3126 775 3176 dies
794 3127 932 3177 bomioieos
951 3135 974 3176 et
991 3124 1123 3175 sollemnes
1133 3127 1279 3175 Sanctorum
1296 3118 1385 3174 celebri·

79 3201 84 3209 ’
124 3215 193 3267 tates,
218 3208 241 3256 in
266 3207 353 3271 quibus
372 3208 483 3256 omuibus
501 3206 624 3259 Monecbis
646 3211 828 3275 praescribitur,
852 3220 877 3262 ut
901 3212 977 3261 sacris
1001 3211 1089 3271 adsim,
1113 3210 1214 3274 reliquis
1233 3210 1317 3260 diebus
1334 3216 1385 3256 unos

124 3290 293 3350 exmonachis,
312 3292 350 3339 cui
369 3290 392 3339 id
411 3305 472 3340 onus
490 3292 606 3342 incumbit
624 3301 647 3343 et
664 3285 976 3361 lpdopudciprocdicitun
994 3294 1096 3356 singulis
1108 3295 1203 3355 diebus,
1221 3288 1386 3356 hocncmpaiu

125 3389 173 3424 unu
192 3373 268 3423 oltero
288 3375 311 3422 in
331 3373 378 3423 aliu
398 3389 494 3424 sucrum
513 3376 628 3437 celebret,
648 3387 673 3428 ut
690 3380 755 3428 [inita
775 3380 924 3430 bebdomada
943 3380 1147 3430 Purecclesiorum
1168 3394 1284 3429 uumerus
1302 3374 1387 3441 expler-

123 3458 188 3508 lur.“
208 3459 287 3508 Gosro
300 3466 360 3508 leste
372 3459 395 3507 in
414 3458 511 3508 sacellis
525 3463 733 3524 peragunturbsec
750 3464 829 3514 officia
846 3466 935 3514 rubra:
954 3466 999 3514 ler.
1010 3464 1033 3513 2.
1051 3465 1197 3527 Angelorum
1215 3462 1295 3514 ler.3.
1314 3461 1388 3511 besue

122 3544 224 3607 Virginis
243 3542 321 3592 leni.
341 3543 366 3592 S.
384 3544 481 3593 loannis
491 3544 610 3608 baptistae
629 3548 672 3597 ter.
684 3547 708 3597 5.
727 3549 897 3612 Apostolorum
917 3550 960 3599 ier.
971 3549 994 3599 6.
1014 3548 1106 3600 Crucis.
1124 3548 1198 3599 Sabb.
1218 3548 1389 3599 uetooeroroo.

205 3644 231 3704 3)
258 3644 307 3694 lte
324 3643 371 3694 l.c.
391 3645 473 3710 aaa:
499 3646 582 3707 „luch
611 3648 633 3696 in
658 3649 704 3697 den
728 3650 867 3701 russiseben
896 3651 998 3700 ilirchcn
1023 3651 1079 3700 dari
1100 3652 1142 3700 aul
1159 3652 1256 3701 leinem
1274 3649 1338 3699 lltsr
1354 3646 1391 3696 dut

122 3728 408 3792 Evangelienbuch
427 3731 517 3792 leuius,
537 3731 640 3782 welches
659 3733 695 3782 oit
713 3735 778 3784 nicht
795 3736 907 3797 reniger,
924 3735 961 3784 als
980 3736 1022 3784 das
1041 3736 1200 3797 'l'abernalel¹
1218 3733 1336 3786 ronGold
1351 3727 1394 3782 nul

123 3813 278 3863 Edelsleiuen
295 3821 387 3864 strotzt.
423 3815 456 3865 So
474 3815 589 3866 schenlte
607 3817 734 3868 Natalia
752 3819 963 3882 Nsriscblrin‚
982 3820 1210 3870 diablutterl'etars
1229 3819 1274 3869 des
1284 3820 1394 3874 crossen

124 3912 154 3946 on
179 3899 217 3948 die
237 3898 449 3962 dependi-Sabor
474 3902 512 3950 ein
531 3901 747 3964 Evangelieobueb,
771 3905 814 3954 des
837 3918 866 3953 so
890 3919 959 3966 gross
984 3905 1032 3955 und
1051 3906 1138 3955 desecn
1158 3905 1246 3954 llaelel
1266 3906 1310 3956 mit
1327 3903 1394 3956 Gold-

125 3981 173 4031 uud
191 3982 346 4032 Edelsteiuon
364 3998 392 4033 so
410 3984 513 4035 beliden
532 3985 571 4045 ist,
590 3986 647 4036 dess
666 4002 693 4036 es
710 3989 775 4038 nicht
792 3990 898 4051 weniger
915 3991 951 4038 uls
969 3989 985 4039 4
1004 3990 1054 4039 Pud
1072 3988 1132 4050 (tto
1151 3988 1240 4049 Piund)
1258 3991 1336 4052 nicet.
1353 3988 1394 4038 lla·

124 4064 169 4116 ber
185 4066 244 4116 wird
263 4082 298 4128 es,
317 4082 385 4118 wenu
404 4069 470 4118 nicht
487 4070 574 4131 gcrorle
593 4073 630 4120 ein
650 4074 809 4123 rissenbalter
821 4074 911 4123 bircou
929 4074 1067 4124 rorhsnden
1086 4076 1126 4135 ist,
1144 4073 1187 4123 der
1205 4074 1245 4124 dio
1264 4073 1394 4137 aserebant

123 4150 195 4200 ellein
214 4152 257 4201 uui
273 4152 340 4202 seins
357 4152 486 4203 Schultern
504 4169 533 4204 au
551 4156 654 4206 nebmen
673 4158 705 4207 im
723 4158 812 4208 Stoude
829 4159 868 4219 ist,
887 4160 959 4208 meist
975 4174 1019 4209 ron
1037 4160 1096 4209 zarai
1113 4158 1269 4209 standballen
1288 4159 1394 4209 llannert

123 4234 147 4284 in
171 4235 210 4284 dio
227 4235 313 4286 llirche
337 4245 458 4300 satrapen.
493 4239 630 4303 lllerdings
654 4242 714 4291 wird
737 4242 817 4293 dieses
836 4244 995 4304 diusculum,
1020 4243 1108 4294 desse·
1133 4244 1245 4295 Eiubrnd
1265 4240 1394 4306 1300000

123 4319 197 4369 llubei
217 4321 326 4382 gelostet
343 4322 392 4382 bat,
410 4336 456 4371 nur
473 4325 571 4374 riermol
589 4326 621 4375 im
638 4326 697 4375 lobr
714 4340 744 4375 an
762 4327 842 4378 bohen
857 4329 983 4392 Fasttegeu
1002 4329 1141 4391 gehennom,
1158 4327 1210 4379 und
1227 4328 1268 4379 die
1286 4342 1342 4379 eum
1358 4341 1394 4391 ps

121 4403 271 4455 nubnlicbcn
289 4405 513 4468 liirobengebrrucb
531 4409 684 4460 bestimmten
702 4408 937 4474 Evangeiieobdcher
953 4415 1007 4464 sind
1027 4413 1120 4465 miuder
1138 4413 1238 4463 lostbar
1256 4414 1307 4463 und
1324 4412 1394 4463 leich-

122 4491 168 4548 ter‚
186 4486 282 4537 obnubi
303 4490 365 4540 rucb
382 4491 418 4542 sis
436 4492 590 4546 biusicbtlicb
608 4495 651 4546 des
670 4496 803 4548 Gericbtes
821 4498 892 4549 einen
908 4499 1035 4565 Vorgleicb
1051 4498 1096 4549 mit
1112 4510 1219 4549 unseren
1236 4511 1344 4560 grosseu
1359 4497 1394 4548 tr·
