3044 4912
745 236 818 310 368

110 418 382 519 μυστηρίων,
419 423 469 504 εἰς
504 420 639 519 ἀῳτσιν
676 419 892 574 ἁμαρτιῶν,
928 417 990 492 καὶ
1026 424 1077 502 ελς
1112 417 1214 516 ζωὴν
1250 415 1405 495 αἰώνιον.

138 521 268 621 Αμήν
301 534 382 616 Καὶ)

236 647 310 715 Τοῦ
337 637 488 715 δείπνου
515 663 584 713 σου
610 646 677 712 τοῦ
703 645 885 767 μυστικοῦ
913 633 1086 762 σήμερον,
1123 636 1180 712 υἱὲ
1209 642 1318 726 Θεοῦ,
1342 666 1406 712 κω-

148 738 273 819 νωνόν
307 769 352 834 με
387 736 599 837 παράλαβε
636 740 681 814 οῦ
715 740 766 836 μὴ
803 739 876 868 γὰρ
903 746 979 824 τοῖς
1004 743 1154 867 ἐχθροῖς
1179 763 1251 814 σου
1279 738 1322 813 τὸ
1345 769 1408 868 μω

148 839 298 938 στόριον
323 846 425 930 εἴπω,
453 840 498 916 οῦ
524 838 668 941 ῳίλημοί
695 864 752 915 σοι
778 839 890 917 διόσω
916 839 1134 937 καθοίπερι
1115 871 1135 915 ο
1155 838 1315 930 Ιοόδας,
1341 841 1403 915 ἀλλ1

148 946 200 1029 ιὸς
224 944 244 1019 ὁ
270 942 402 1040 λῃστὴς
427 941 596 1045 ὁμολογῶ
624 967 698 1017 σοι·
726 939 918 1040 μνήσθητί
943 972 1031 1037 μου,
1057 939 1253 1041 Κῦριε,ἐν
1279 972 1325 1040 τη
1309 944 1407 1040 βα·

149 1046 264 1145 σιλείῳ
289 1071 359 1121 σου
384 1071 416 1144 p.
429 1048 515 1120 224.
547 1057 627 1139 Καί,

230 1176 355 1278 Κύριε,
383 1180 451 1256 οὐκ
476 1177 551 1275 εἶμί
577 1180 688 1268 ἀξιος,
724 1179 787 1253 ἵνα
812 1176 950 1253 ἀπὸ
911 1207 980 1274 την
1004 1177 1177 1277 ῥυπαρὰν
1202 1177 1337 1305 στέγην
1353 1182 1449 1307 της.

148 1289 270 1381 ψυχῆς
294 1310 370 1411 μου
397 1281 576 1376 ελςέλδης·
604 1279 728 1355 ἀλλ’
700 1309 750 1363 ως
774 1278 996 1364 κατεδέξω
980 1309 1022 1354 εν
1048 1280 1228 1408 σπηλαίῳ,
1254 1280 1319 1356 καὶ
1343 1278 1408 1379 φά-

147 1412 215 1480 τνη
227 1380 391 1510 ἀλόγῳν
417 1383 681 1510 66626166666,
716 1381 778 1456 καί
803 1385 845 1456 ἐν
869 1389 914 1478 τῇ
942 1381 1039 1479 οἰκίᾳ
1065 1383 1244 1511 Σίμωνρς
1268 1391 1337 1458 τοῦ
1360 1391 1407 1455 λι-

148 1493 258 1584 προῦ,
292 1483 355 1558 καὶ
387 1482 456 1580 τὴν
491 1481 625 1578 ὁμοίαν
656 1511 731 1579 μου
757 1479 900 1611 πόρνην
925 1483 994 1580 τὴν
1019 1455 1245 1580 ἁμαρτωλὸν
1255 1512 1407 1612 προςερ

145 1587 310 1682 χοιιένην
350 1611 407 1659 σοι
440 1581 749 1680 καταδεξάμενος·
794 1584 905 1668 αὐτὸς
936 1584 1169 1670 καταξίωσον
1203 1584 1268 1660 καὶ
1301 1589 1340 1660 ἐν
1369 1593 1405 1680 τη
1447 1628 1449 1665 Ι

150 1686 274 1814 ῳιίτνη
307 1695 371 1782 τῆς
404 1684 542 1787 ἀλόγου
570 1715 649 1813 μου
675 1694 809 1784 ψυχῆς,
845 1685 910 1761 καὶ
935 1690 975 1761 ε’ν
999 1695 1054 1784 τῷ
1080 1686 1349 1815 ἐρπιλωμὲνῳ
1347 1714 1406 1760 ιιοο

149 1786 294 1963 6666ss
320 1790 495 1915 6966er
520 1796 589 1863 τοῦ
612 1796 759 1886 νεκροῦ,
785 1787 849 1863 καὶ
874 1795 1025 1884 λεπροῦ·
1053 1788 1115 1862 καὶ
1141 1787 1192 1872 ῶς
1219 1789 1289 1863 οῦκ
1314 1760 1404 1885 666-

170 1888 246 1974 όξω
277 1890 320 1965 τὸ
355 1887 475 1988 στόμα
507 1890 550 1964 τὸ
583 1890 751 2017 ῥαιῳρὸν
783 1897 848 1985 τῆς
871 1887 1010 1986 πόρνης
1023 1887 1312 2016 καταφιλοόσης
1334 1888 1405 1971 τοῦς

73 2046 77 2055 ·
149 1899 362 2121 ἀχράντρυς
383 2018 452 2067 σου
478 1989 672 2081 πόδας,
635 1991 733 2066 οότω
760 1990 933 2080 δέσποτα,
970 1991 1036 2066 Θεέ
1056 2019 1144 2119 μου,
1181 1990 1234 2088 μὴ
1259 1988 1403 2088 βδελόξρ

149 2094 211 2169 καὶ
237 2092 299 2190 ἐμὲ
324 2094 392 2168 τὸν
417 2091 655 2191 ἀμαρτωλὸν·
694 2092 825 2167 ἀλλ’“
798 2122 848 2176 ως
873 2092 1022 2219 ἀγαθὸς
1053 2091 1116 2167 καὶ
1142 2089 1403 2215 φιλάνθρωπος

150 2192 312 2371 ἀξίωσῳν
343 2224 389 2290 με
421 2194 605 2271 κοινωνόν
629 2196 807 2297 γενέσθαι
832 2202 901 2270 τοῦ
935 2194 1123 2296 παναγίου
1159 2193 1333 2292 σώματος
1354 2190 1402 2269 καὶ

150 2302 265 2394 αιαατ
288 2327 306 2381 ς
330 2320 410 2372 σου.

229 2415 273 2494 0
301 2414 431 2498 Θεὸς
412 2423 520 2511 ημῶν
546 2415 642 2503 ἀνες,
670 2417 774 2514 ἄφες,
794 2410 1045 2590 σογχοίρησόν
1069 2443 1134 2511 μοι
1150 2414 1198 2489 τὰ
1209 2407 1402 2589 παραπτῶ

150 2511 250 2612 ματά
276 2545 363 2610 σου,
391 2515 461 2590 ὅσα
488 2542 544 2590 σοι
551 2516 750 2644 ἥμαρτον,
777 2521 846 2590 εἴτε
873 2520 914 2591 ἐν
938 2513 1139 2642 γνῶσει,’
1113 2522 1182 2591 είτε
1209 2519 1251 2591 ἐν
1272 2512 1402 2644 ἀγνοίᾳ,

150 2623 218 2691 εἴτε
245 2621 286 2691 ἐν
312 2621 421 2717 λόγῳ,
449 2622 517 2690 εἴτε
544 2622 584 2691 ἐν
610 2620 705 2718 ἔργῳ
731 2620 885 2715 ἔπραξα·
921 2615 1044 2693 πάντα
1071 2647 1136 2712 μοι
1148 2615 1402 2742 σογχῶρησρν,

152 2719 201 2800 ιὸς
227 2718 399 2843 ἀγαθὸς
398 2746 460 2792 και
448 2717 762 2816 φιλάνθρωπος·
790 2726 871 2803 ταῖς
896 2718 1164 2818 πρεσβείαις
1120 2748 1185 2815 της
1202 2749 1279 2792 παν
1281 2716 1403 2813 αχράν-

150 2849 217 2892 τσιι
245 2845 312 2892 σου
339 2818 666 2918 καὶάειπαρδὲνοσ
692 2819 1311 2916 μητρὸςἀκατακρίτωςάξίωσόνρ
1312 2850 1340 2893 ιε
1359 2818 1404 2892 δι’·

151 2921 353 3004 ξασθαι
317 2952 358 2992 το
384 2922 509 3015 τίιιιον
534 2922 596 2995 καὶ
623 2924 810 3016 ἄχραντον
837 2921 944 3017 σῶιιιί
972 2948 1053 3011 σου,
1081 2928 1130 3005 είς
1155 2928 1258 2996 ίασιν
1285 2929 1403 3016 ψυχῆς,

151 3021 421 3118 καὶισιόματος.
449 3024 503 3096 ὅτι
532 3032 600 3097 σοῦ
626 3025 770 3097 ἑστιν“
751 3055 772 3119 η
798 3025 981 3118 βασιλεία,
1014 3024 1077 3098 καὶ
1101 3055 1124 3119 η
1111 3022 1324 3112 “διίνα,ιιις,
1357 3050 1402 3095 και

149 3123 172 3220 6
199 3122 289 3208 δόξα
317 3130 366 3207 εἷς
390 3125 477 3302 τοῦς
504 3130 689 3338 αἰῶνας
667 3134 745 3199 τῶν
772 3122 933 3213 ἀλαίνων,
952 3123 1092 3338 ἀμήν.

153 3408 245 3526 ἒῖἑ”
228 3470 329 3519 “1⁰17
355 3353 478 3539 6²66
501 3446 562 3518 766
590 3472 770 3535 σωμαῐθς
810 3461 880 3528 Και
895 3485 981 3528 οοτω
995 3458 1291 3546 μεταλαμβανοισι
1305 3487 1362 3528 τοι
1383 3457 1408 3523 ἓι

150 3559 241 3644 χερσὶ
267 3560 351 3644 μετὰ
379 3558 488 3650 φόβου
516 3560 571 3627 καί
598 3558 708 3648 πάσης
736 3559 932 3652 ἀσφαλείας.
975 3556 1059 3630 Ειτα
1081 3558 1236 3643 ἀναστὰς,
1259 3560 1368 3647 λαμ
1351 3583 1407 3627 ανει

151 3667 225 3739 ταῖς
251 3661 360 3749 χερσὶν
389 3657 596 3786 ἀμῳρτέραις
620 3662 705 3747 μετὰ
730 3660 943 3749 καλόμματος
968 3663 1006 3771 66
1036 3662 1131 3750 ἀγιον
1158 3661 1365 3779 ποτήριον,
1365 3685 1408 3729 και

151 3761 399 3847 μεταλαμβάνει
419 3760 530 3873 τρίτον
552 3761 650 3846 ἐξ’
610 3771 721 3876 αυτοῦ,
744 3750 942 3853 λέγων·Γο
969 3749 1092 3844 τίμιον
1118 3779 1180 3824 και
1200 3781 1223 3823 α
1253 3780 1311 3825 ιον
1328 3749 1408 3842 αἶαν

151 3857 219 3922 τοῦ
252 3851 394 3975 Δωρίου
426 3850 488 3923 καὶ
526 3855 617 3925 Θεοῦ
650 3852 712 3925 καί
745 3860 909 3978 σωτηρος
940 3851 1095 3948 ἡμῶν]
1081 3749 1371 3978 μεταδίδοταί
1358 3875 1409 3939 μοι

152 3973 211 4053 (τῳ
234 3966 328 4047 δεῖνι)
354 3953 443 4090 ἱερεῖ
474 3956 524 4035 εἰς
558 3952 692 4050 ἄφεσίν
718 3982 793 4047 μου
820 3953 1015 4050 ἁμαρτιῶν
1039 3954 1102 4028 καὶ
1128 3960 1178 4038 εἰς
1206 3953 1307 4093 ζωὴν
1333 3948 1413 4028 666-

151 4079 250 4126 61⁰1(
281 4068 337 4135 καί
364 4066 450 4135 οῦτω
478 4064 520 4134 τό
547 4093 583 4135 τε
610 4065 683 4136 ἰ’δια
709 4066 811 4159 χείλη,
841 4070 897 4137 καὶ
924 4077 983 4137 τοῦ
1006 4066 1096 4159 ἱεροῦ
1117 4069 1291 4160 ποτηρίου,
1319 4066 1414 4177 τιῖιὲι

151 4169 242 4252 χερσὶ
268 4165 503 4254 καλόμματι’
483 4166 747 4256 αποσιτογγίσας,
777 4173 872 4238 καλεῖ
897 4170 954 4238 τὸν
977 4167 1141 4295 διρίκονον,
1169 4172 1291 4259 λέγων·
1330 4153 1414 4231 Δία’

152 4282 248 4342 ²⁰²6,
273 4254 459 4351 πρόςδόθδ·
497 4267 605 4339 Καὶ(
588 4296 606 4337 ο
630 4269 826 4350 διοίκονος”
805 4297 942 4385 ερχεται,
969 4272 1025 4340 καί
1045 4280 1222 4363 προςκονεῖ
1243 4271 1346 4356 ἅπαξ,
1369 4270 1416 4341 λε’-

152 4391 231 4452 γων
248 4357 344 4431 Ἰδοὺ
356 4357 605 4481 προςίρχομαι
625 4389 678 4455 τῳ
661 4357 882 4456 ἀθανάτῳ
900 4366 1062 4435 Βασιλεῖ.
1090 4374 1160 4443 Καὶ
1175 4375 1213 4442 τὸ
1234 4359 1416 4444 Πιστεύω,

153 4453 277 4552 Αἰίριε,
305 4461 366 4532 καὶ
393 4459 577 4559 ὁιιολογῶ·
618 4473 712 4541 ὅλοι·
734 4501 789 4542 και
782 4472 939 4561 λέγει
921 4500 939 4543 0
957 4473 1072 4566 ἱερεύς,
1125 4460 1419 4560 Μεταλαμβάνει
