3044 4912
656 222 730 296 659

10 398 157 493 ιυράτῶ.
185 399 389 493 Πρεσβείαις
408 408 468 492 τῆς
488 400 673 492 ὑπεραγίας
685 400 876 494 Δεσποίνης
896 398 989 491 ημῶν
1005 399 1173 473 Θεοτόκου
1186 403 1245 473 καί
1258 400 1331 474 άτι-

10 504 229 595 ῑμορθίνου
250 500 392 593 Μαρίας
411 504 469 572 καί
489 502 624 573 πάντων
645 528 706 575 σου
727 510 793 573 τῶν
812 502 941 593 Ἁγίων.
981 500 1097 594 Ἀμήν.

10 634 73 689 F
75 646 83 669 λ

483 662 553 725 Τοῦ
573 654 700 746 Κυρίου
723 660 907 748 δεηθῶμεν.

10 766 14 773 ’
49 766 54 777 ’
137 772 200 857 Είς
220 775 278 843 τὸν
299 770 393 861 ζυγόν
414 797 485 855 σου,
506 775 680 858 Δέσποτα,
700 774 759 845 τὸν
780 772 954 865 σωτήριον,
976 770 1214 863 πράςάεξαι
1179 802 1236 844 τον
1252 778 1326 846 δοά-

10 872 113 983 ι’ίίτ
132 899 195 945 σου
217 875 286 955 (τὸν
309 877 413 959 δεῖνα)
400 881 491 959 )και
482 873 781 961 καταξίωσον’
740 877 841 947 αυτὸν
863 874 898 947 ἐν
919 881 960 968 τῇ
982 874 1108 970 ποίμνη
1130 884 1331 967 συνταγῆναι

10 939 119 1047 ιτῶν
140 976 301 1046 ἐκλεκτῶν
321 1000 392 1046 σου.
414 972 635 1047 ’Ἐνδυσσν’
594 978 695 1047 αυτὸν
715 976 882 1067 άγιασμσά
898 978 1031 1069 στολὴν,
1054 975 1251 1071 σωφροσύνῃ
1266 1004 1329 1048 πε-

54 1076 195 1203 ρίζωφον
221 1104 281 1169 την
308 1074 417 1168 ὀσφην
439 1076 552 1162 αὐτοῦ,
579 1077 692 1171 πάσης
713 1076 814 1149 αὐτὸν
835 1079 1025 1169 ἐγκρατείας
1046 1074 1263 1161 ἀνάδειξον
1241 1104 1330 1169 αγω-

10 1179 178 1287 νιστήν.
217 1176 270 1249 ’Βν
297 1176 386 1268 αὐτῷ
413 1180 471 1247 καί
498 1178 579 1249 ίν“
560 1187 638 1271 ημῖν
666 1182 816 1272 τὴντῶν
843 1190 1013 1269 πατρικῶν
1035 1205 1096 1250 σου
1115 1177 1330 1269 χαρισμάτων

10 1244 185 1387 ζτιλείαν
220 1281 347 1368 δωρεὰν
379 1280 598 1367 ἐναπομίνειν
625 1278 778 1365 ἀξίωσον.
821 1282 1025 1372 Πρεσβείαις
1059 1308 1120 1407 της
1148 1278 1331 1370 ὑπερορίας

10 1350 273 1489 ῖδωποίνης(
254 1388 347 1472 ημῶν
370 1381 536 1452 Θεοτάκου
559 1410 616 1452 και
607 1379 1020 1473 ἀειπαρθένουΜαρίας
1040 1384 1097 1455 καί
1119 1381 1254 1453 πάντων
1268 1408 1329 1455 σου

39 1490 119 1553 τῶν
144 1480 258 1572 άμίιυν.
298 1480 413 1572 Ἀμήν.

138 1578 225 1654 Είτα
245 1582 394 1675 κουρεάει
415 1581 516 1655 αὗτόν
536 1587 769 1673 σταυροειάῶς,
791 1585 911 1677 λέγων·

55 1678 58 1683 ’
139 1684 203 1767 Εἰς
229 1680 317 1754 τὸ”
296 1711 403 1772 ονομα
430 1694 491 1755 τοῦ
518 1688 657 1778 πατρὸς,
686 1688 824 1755 καὶτοῦ
845 1686 931 1770 υἱοῦ,
952 1687 1009 1756 καί
1030 1691 1090 1757 τοῦ
1111 1683 1329 1777 ἀγίουπνεά-

40 1814 172 1879 ματος,
198 1794 253 1855 νῦν
273 1788 330 1857 καί
352 1786 415 1857 ἀεί.

138 1889 263 1977 Λίγων
284 1889 321 1958 ἐκ
341 1889 453 1978 τρίτου
475 1889 524 1971 τὸ,
551 1886 664 1978 Ἀμήν.
708 1889 779 1957 Καὶ
799 1888 908 1957 ίνάύει
930 1885 1030 1957 αὐτὸν
1048 1896 1172 1973 χιτῶνα
1193 1888 1250 1957 καί
1269 1916 1330 1959 κα-

45 1990 240 2079 μιλσῦχιον,
261 1991 365 2083 μηδὲν
387 1989 559 2079 ἐπίλεγων.
601 1990 672 2059 Καὶ
697 1987 872 2070 ἀπόλυσις.

79 2252 119 2323 C.
165 2244 456 2321 Ἀκολουθία
489 2253 571 2319 τοῦ
604 2253 773 2343 μικροῦ
806 2245 1062 2342 σχήματος,
1095 2245 1197 2341 ἤτοι
1223 2253 1305 2321 τοῦ

573 2362 813 2438 Μανιλίου.

67 2578 71 2587 .
143 2528 245 2597 Μετὰ
271 2527 310 2597 τὸ
337 2534 543 2617 κρουσθῆναι
570 2529 608 2597 τὸ
635 2528 753 2617 μικρὸν
778 2526 835 2598 καί
857 2521 1028 2615 ἀρξασθαι
1055 2528 1133 2609 τοὺς
1162 2525 1329 2621 ἀδελφοὺς

51 2634 124 2699 τῶν
155 2626 258 2717 ῶρῶν,
287 2628 478 2721 είςφέρειὸ
509 2629 742 2721 ίκκλησιάρχης
768 2629 826 2698 τὸν
850 2630 1014 2715 μέλλοντα
1042 2627 1253 2720 ἀπσκαρῆναι
1273 2631 1331 2701 καί

53 2737 154 2801 ποιεῖ
173 2731 381 2819 γονικλισίας
401 2731 595 2820 ἔμπροσθεν
615 2740 681 2801 τῶν
703 2730 805 2820 ἁγίων
823 2738 939 2820 θυρῶν
958 2733 1015 2800 καί
1037 2730 1085 2813 είς
1105 2733 1191 2813 τοὺς.
1209 2733 1329 2823 χορσίις

56 2830 122 2901 ἀνά
148 2831 238 2919 μίαν,
266 2829 339 2902 είτα
366 2839 411 2922 ’τῷ
431 2833 631 2924 Ἡγουμίυφ.
674 2835 749 2902 Καί
770 2832 846 2902 τότε
868 2834 1014 2915 ἐξελθὼν
1042 2834 1077 2902 ἐν
1102 2839 1148 2922 τῷ
1176 2834 1330 2927 νάρθηκι,

56 2932 268 3003 ἀποτίθεται
293 2936 335 3003 τὰ
362 2935 490 3025 συνήθη
513 2933 642 3021 ίμάτια.
685 2936 755 3004 Καὶ
777 2933 961 3023 ἀρξαμένης
981 2942 1040 3022 τῆς
1060 2933 1161 3014 θείας
1181 2937 1330 3024 λειτουρ-

56 3034 143 3125 γίας,
170 3038 305 3105 ίσταται
330 3037 390 3105 ἐπὶ
416 3042 481 3103 τῶν
506 3039 688 3121 βασιλικῶν
714 3039 829 3103 πυλῶν
856 3031 1014 3117 ἀζωστυς,
1043 3032 1249 3115 ἀνυπόδετσς
1273 3036 1331 3104 καί

57 3136 217 3226 ἀσκεπής.

148 3238 370 3324 Ψαλλσμίνων
398 3238 435 3305 δὲ
462 3241 527 3304 τῶν
556 3233 760 3328 ἀντιφώνων,
786 3236 872 3322 μετὰ
891 3238 951 3327 την
972 3233 1111 3319 ε’ίςοάσν,
1139 3234 1272 3324 λέγεται
1291 3234 1330 3306 τὸ

57 3338 231 3411 κοντάτιιον
257 3347 316 3430 τῆς
336 3336 471 3429 ἡμέρας,
502 3337 550 3419 είς
570 3339 609 3407 τὸ
630 3337 736 3420 Δόξα.
778 3336 840 3419 Είς
861 3338 958 3408 δὲτὸ
983 3340 1053 3408 Καί
1074 3346 1141 3421 νῦν,
1162 3336 1332 3431 ψάλλεται

57 3440 254 3532 τροπάριον.

474 3542 541 3609 Τὸν
562 3539 670 3632 τάφον
691 3564 762 3622 σου,
784 3540 910 3631 Σωτήρ.

141 3641 305 3732 ’Λγκάλας
331 3644 503 3733 πατρικὰς,
533 3641 700 3725 διανοῖξαί
725 3667 785 3728 μοι
811 3651 973 3711 σπεῦσον·
1001 3638 1139 3722 ἀσώτως
1165 3642 1224 3711 τὸν
1252 3642 1332 3729 ίμὸν

58 3745 276 3837 κατηνάλωσα
296 3743 379 3831 βίον.
415 3744 476 3826 Είς
496 3746 643 3812 πλοῦτον
665 3741 888 3834 ἀάαπάνητον,
911 3741 1047 3834 ἀφορῶν
1068 3751 1134 3811 τῶν
1156 3742 1333 3833 οἰκτιρμῶν

57 3871 132 3931 σου,
147 3849 273 3937 Σωτὴρ,
296 3854 352 3915 νῶν
372 3845 606 3930 πτωχεύουσαν
626 3846 672 3933 μὴ
695 3845 855 3937 ὑπερίάης
874 3844 1021 3936 καρδίαν.
1050 3846 1194 3935 Σοίφάρ,
1215 3845 1331 3933 Κύριε,

59 3949 97 4021 b
116 3948 291 4030 κατανάξει
311 3947 499 4038 κραυγάζω·
514 3948 697 4037 Ἥμαρτον,
718 3946 844 4036 Πάτερ,
865 3946 915 4029 είς
935 3947 993 4017 τὸν
1015 3946 1154 4038 σι’·ρανόν
1173 3946 1232 4017 καί
1252 3945 1333 4017 ἐνῶ-

58 4077 143 4121 πισν
164 4075 235 4119 σου.

150 4151 277 4221 Τοάτσυ
306 4151 344 4220 δὲ
372 4152 586 4239 ψαλλομὲνου
607 4151 689 4241 τρίς,
711 4149 877 4238 είςάγεται
897 4151 992 4241 παρὰ
1014 4159 1075 4220 τοῦ
1096 4146 1331 4242 ἐκκλησιάρχου

58 4251 79 4323 ὁ
115 4250 280 4344 ἀδελφὸς,
314 4260 424 4320 ποιῶν
454 4254 538 4322 κατά
573 4259 662 4341 τρεῖς
696 4250 823 4331 τόπους
858 4252 1065 4339 φονικλισίας
1099 4260 1203 4342 τρεῖς,
1235 4253 1333 4341 μέχρι

57 4361 126 4423 τῶν
154 4353 255 4442 ἁγίων
281 4361 404 4442 θυρῶν.
446 4355 519 4424 Καὶ
545 4352 733 4423 ἀναστάντα
759 4354 924 4445 κατηχίζει
950 4352 1050 4425 αὐτὸν
1076 4354 1095 4425 ὁ
1122 4354 1333 4444 Ἡμοάμενος,

59 4479 185 4538 ουτως·
