3044 4912
701 279 771 352 301

109 464 168 527 τῶν
192 464 347 553 πονηρῶν
367 457 558 546 Δαιμόνιον,
584 455 671 539 ἀλλὰ
696 459 985 548 παραλαβέτιυσαν
1014 456 1115 550 αὐτὴν
1130 454 1283 549 ’Ἀγγελοί
1310 486 1371 532 σου

105 560 245 657 ,ηειὸροὶ
263 561 321 629 καὶ
342 559 511 652 φοιτεινοὶ.
546 559 630 643 Δὸς·
639 559 740 644 δόξαν
759 567 808 650 τῶ
829 555 970 647 ὀνόματί
989 584 1050 629 σου
1071 567 1119 652 τῷ
1140 559 1233 651 άγίιμ,
1253 562 1312 653 τεαὶ
1331 570 1373 654 τῇ

109 658 304 755 εῇὲὸυνάμει
324 658 470 751 άνάγαγό
489 685 533 749 με
554 659 604 743 εὶς
622 660 664 731 τὸ
685 657 783 730 θεῖόν
803 684 864 729 σου
877 666 981 751 βῆμα.
1003 658 1055 729 Ἐν
1068 668 1116 753 τῷ
1129 661 1306 753 κρίνεσθαί
1318 690 1370 749 με,

108 760 359 853 montannos
384 756 477 855 μεὶῆ
503 763 589 853 χεὶρ.
600 769 663 832 τοῦ
692 756 849 851 άρχεντος
868 769 929 830 τοῦ
950 759 1090 849 Κόσμον
1110 761 1241 846 τοότου,
1263 762 1312 845 εὶς
1332 764 1371 834 τὸ

105 862 316 939 ,τετασπᾶσεί
333 888 377 950 με
397 861 456 933 τὸν
476 859 673 952 ἁμαρτωλὸν
694 861 743 944 εὶς
761 864 871 951 βυθὸν
885 861 1016 933 Ἀιὸου.
1050 860 1153 935 Ἀλλά
1173 861 1375 956 παράστηθὶ

107 988 168 1051 μοι,
189 965 250 1034 καὶ
267 971 365 1054 γενοῖ
384 989 446 1050 μοι
466 965 576 1052 σωτὴρ
595 964 655 1035 καὶ
675 961 902 1055 άντιλήπτωρ·
926 962 962 1033 αὶ
982 965 1045 1054 γὰρ
1067 967 1255 1052 σωματικαὶ
1271 959 1372 1036 αὗται

108 1173 278 1237 παθεῖοαν
297 1172 370 1247 τοῖς
391 1164 523 1236 πάθεσι
542 1172 603 1234 τοῦ
622 1165 700 1253 βίου
721 1166 831 1263 ψυχήν
843 1194 919 1254 μου,
941 1168 998 1237 καὶ
1011 1168 1166 1258 καθαράν
1180 1165 1290 1258 αι’τὴν,
1314 1168 1373 1238 nm

108 1266 279 1353 μετανοίας
304 1268 362 1337 καὶ
390 1267 658 1358 ἐξομολογόσεως
677 1267 873 1358 πρόςὸοξαι·
901 1266 956 1338 ότι
977 1265 1152 1361 εὐλογητὸς
1172 1265 1205 1339 εὶ
1225 1268 1274 1351 εὶς
1292 1270 1373 1351 τοὶς

110 1367 225 1451 εὶῶνας
245 1375 311 1435 τῶν
333 1367 471 1437 αὶῶνων.
489 1388 493 1393 ·
510 1364 626 1459 Ἀμήν.

184 1475 362 1537 Dominiooe
384 1476 475 1536 multo
498 1474 610 1539 habent
623 1475 755 1558 proprio,
779 1495 855 1558 quno
870 1477 906 1538 ad
922 1477 955 1539 S.
969 1476 1127 1539 Trinitatis
1141 1476 1286 1540 honorem
1302 1494 1372 1558 opo·

111 1586 191 1639 ειεει.
228 1575 488 1639 Communicamus
510 1576 615 1639 lectori
633 1577 779 1659 Tropnnin
799 1569 966 1662 τριαὸικά.

173 1668 293 1755 ’Ἀξιον
314 1670 404 1742 ionio
424 1668 470 1752 ῶς
491 1668 628 1764 άληθῶς
647 1675 707 1763 την
728 1671 814 1762 ὖπίρ
831 1674 918 1743 Θεὸν
939 1669 1050 1759 όμνεῖν
1055 1669 1216 1797 Τριάὸα,
1231 1664 1372 1762 άναρχον

110 1775 232 1898 ποτέρα
262 1773 321 1843 καὶ
347 1774 564 1863 παντουργὸν,
591 1773 833 1866 συνανάναρχον
859 1774 968 1862 λόγον,
1000 1775 1068 1864 πρὸ
1098 1771 1229 1845 αὶῶνων
1255 1774 1292 1843 ἐκ
1312 1779 1373 1843 τοῦ

112 1877 283 1964 πειρὸςα
262 1872 451 1965 άῤῥοόστως
480 1875 641 1959 τεχθέντα
671 1877 729 1946 καὶ
759 1877 799 1945 τὸ
831 1874 926 1964 όγιον
953 1882 1085 1962 πνεῦμα
1110 1876 1149 1945 τὸ
1178 1874 1216 1945 ἐκ
1242 1872 1373 1965 πατρὸς

112 1973 247 2067 ὸχρόνιις
268 1974 537 2064 ἐκπορευόμενον.

176 2074 338 2161 ’Ἀξιονὸ
338 2078 410 2146 στὶν
438 2075 485 2159 ῶς
511 2074 665 2191 άληθῶς,
678 2084 740 2146 τοῦ
760 2075 910 2160 ὸοξάζειν
932 2100 970 2145 σε
990 2076 1049 2144 τὸν
1072 2075 1158 2145 Θεὸν
1177 2072 1306 2164 Λόγον,
1334 2069 1372 2143 ὸν

114 2177 237 2269 φρίσσει
268 2179 325 2247 καὶ
356 2178 471 2303 τρόμοι
503 2179 546 2246 τά
572 2166 762 2267 Χερόυβὶμ,
795 2179 852 2248 καὶ
880 2174 1175 2267 ὸοξολογοῦσιν“
1141 2204 1178 2247 αι
1202 2174 1373 2263 Δυνάμεις

114 2287 167 2348 τῶν
191 2277 359 2370 Οόρανῶν,
387 2281 446 2348 τὸν
471 2278 696 2361 ἐξαναστάντα
725 2278 902 2372 τριήμερον
927 2278 965 2349 όκ
988 2276 1111 2371 τάφου,
1138 2279 1287 2367 Χριστὸν
1314 2279 1373 2347 τὸν

116 2378 270 2473 ζοσὸότην
291 2380 390 2473 φόβην
411 2379 611 2468 ὸοξάσιυμεν.

183 2481 394 2572 Ὕμνήσιομεν
419 2481 544 2563 πάντες
574 2489 786 2572 θεοπρεπῶς,
815 2478 960 2572 ᾄσμασιν
982 2479 1125 2562 ἐνθέοις,
1153 2480 1212 2551 τὸν
1232 2478 1372 2569 Πατέρα

117 2583 235 2654 καὶτὸν
257 2582 343 2666 Υὶὸν,
364 2583 421 2652 καὶ
441 2590 580 2670 Πνεῦμα
601 2584 640 2652 τὸ
661 2590 759 2653 θεῖον
776 2583 1047 2674 Τριςυπόστατον
1066 2580 1197 2673 κράτος,
1217 2583 1278 2672 τὴν
1290 2579 1372 2669 μίαν

105 2684 284 2754 ι-Βεσιλείαν
304 2686 362 2755 καὶ
381 2683 581 2775 Κυριότητα.

177 2782 244 2855 Ἣν
272 2783 411 2873 υμνοῶσι
432 2784 556 2866 πάντες
578 2783 612 2854 οῖ
632 2794 785 2911 γηγενεῖς,
813 2815 870 2856 και
860 2784 1181 2875 ὸυξολογοῶσινς
1147 2812 1183 2855 αι
1203 2752 1373 2871 Δυνάμεις

120 2892 170 2955 τῶν
186 2885 352 2977 Οὸρανῶν,
374 2914 434 2978 την
454 2885 522 2956 ὕπὸ
547 2895 614 2956 τῶν
629 2887 764 2957 πάντων
778 2896 908 2958 πιστῶν
922 2888 1205 2979 προςκυνουμένην
1224 2883 1372 2955 Μονάὸα

120 2987 173 3056 κατ’
196 2988 312 3059 οόσίαν
331 3016 391 3079 την
411 2988 682 3077 τριςυπόστατον.

189 3094 258 3181 Ίῖην
280 3088 483 3212 Κυριαρχίαν
509 3097 575 3157 τῶν
596 3091 778 3180 Χερουβὶμ,
806 3089 865 3157 καὶ
889 3089 949 3177 τὴν
976 3087 1143 3177 ,Θεαρχίαν
1170 3084 1372 3174 ἆσυγκρίτως

120 3196 172 3260 τόν
188 3195 352 3282 Σεραφὶμ,
374 3218 433 3281 την
455 3190 654 3280 άὸιαιρότως
677 3190 864 3280 Τριάὸαόν
886 3188 1035 3272 Μονάὸι,
1056 3191 1116 3279 τὴν
1136 3184 1240 3269 όντως
1263 3193 1372 3278 Θεαρ-

117 3288 177 3372 zion
196 3319 235 3364 σε
227 3292 487 3381 μόγαλόνομεν.
1286 3334 1290 3347 =

186 3396 325 3483 Πατέρα
345 3396 402 3464 τὸν
424 3391 564 3482 άναρχον
577 3420 634 3463 και
625 3393 746 3474 Θεὸν,
768 3389 968 3483 συνάναρχον
981 3390 1107 3481 Λόγον,
1130 3392 1251 3483 σὺντρι
1233 3374 1373 3459 ”Πνεό-

117 3516 185 3577 μοτι
204 3503 391 3585 προςκυνῶ·
412 3493 594 3619 ρὶχῶριοτον
615 3494 695 3581 μίαν
717 3493 891 3586 ἑνουμένην
913 3491 1038 3575 οὐσίαν,
1060 3492 1374 3583 τριςάριθμσνΜο-

116 3594 227 3667 ’donst'
208 3623 324 3684 υμνοις
343 3596 543 3687 τιμήσομεν.

110 3758 115 3770 ,
191 3702 261 3779 Τὰς
275 3696 510 3785 άκτιυοβόλοες
523 3723 584 3767 σου
599 3695 783 3785 ἀστραπάς,
804 3658 942 3788 λάμψον
960 3721 1021 3783 μοι
1037 3695 1102 3765 Θεό
1115 3720 1192 3782 μου,
1213 3689 1372 3783 τριςυπό-
1471 3782 1475 3789 Ι

117 3820 204 3870 ετατε
223 3802 425 3890 παντουργέ·
447 3801 504 3869 καὶ
525 3794 614 3868 οικόν
634 3824 677 3885 με
699 3801 807 3881 δεῖξον
828 3823 889 3889 σης
903 3796 1083 3888 άπροςίτου
1098 3794 1206 3888 δόξης,
1228 3793 1373 3889 φαιδρὸν

113 3902 165 3979 καὶ
180 3903 384 4030 ηνωτοφόρον
402 3929 461 3972 και
451 3899 714 3971 ἀναλλοίωτον.

181 3999 247 4075 Ὃν
282 4005 419 4130 φρίσσει
446 4004 504 4073 καὶ
535 4003 650 4127 τρέμει
682 4003 724 4070 τά
750 4000 941 4091 Χερουβὶμ,
973 4001 1029 4070 καὶ
1062 4002 1278 4087 ὸοξολογοῦσι
1308 4003 1374 4065 τῶν

112 4096 320 4194 Ἀγγέλιον“
286 4133 322 4175 αι
342 4106 507 4196 στρατιαὶ,
529 4104 587 4171 τὸν
607 4103 644 4173 όκ
664 4112 723 4192 τῆς
743 4100 966 4192 Παρθένου’
946 4100 1126 4194 αφράστως
1146 4098 1373 4209 σαρκωθόντα,

112 4208 305 4297 Χριστὸν
271 4234 329 4278 τον
343 4207 522 4298 Ζωοὸότην
543 4203 641 4296 φόβῳ
664 4203 864 4292 ὸοξάοιομεν.
