3044 4912
669 234 743 309 623

660 409 756 485 Εἶτα.

146 513 318 611 Ἐλέησον
341 515 439 612 ἡμᾶς
465 516 485 594 5
516 515 602 602 Θεὸς
626 519 722 593 κατὰ
747 518 791 594 τό
814 519 922 622 μέγα.

145 616 223 690 Ἔτι
241 612 407 713 δεόμεθα
424 617 516 717 ὑπὲρ
535 619 667 710 ἐλέους,
689 619 795 718 ζωῆς,
816 619 972 717 ελρήνης,
992 617 1131 723 ὑγείας,
1150 623 1343 722 σωτηρίας.

151 716 257 815 Ὑπὲρ
282 728 351 795 τοῦ
377 724 670 823 συγχωρηθῆναι
697 724 801 822 αὐτῷ
826 731 904 798 πᾶν
928 724 1183 821 πλημμέλημα.

97 920 109 949 x
145 818 235 1007 ⁰33}
256 820 419 918 ἐλεήμων
444 822 507 897 καὶ
533 821 802 923 φιλάνθρωπος
828 824 848 901 5
879 823 967 908 θεὸς
992 821 1169 923 ὑπάρχεις
1193 827 1257 902 καὶ
1284 826 1343 905 σοὶ

97 948 141 1019 ην
193 952 213 996 ο
235 950 293 997 αν.

594 1054 705 1147 Καλή
729 1053 816 1147 εάχή.

469 1234 545 1303 Τοῦ
570 1226 714 1326 Κυρίου
740 1225 950 1326 δεηθῶμεν.

152 1377 320 1474 Ἄναρχε,
348 1376 537 1475 ἀδιάδοχε,
565 1378 646 1480 ἅγιε
672 1377 804 1482 ἁγίων,
838 1378 905 1455 τὸν
938 1388 1121 1482 μονογενῆ
1157 1403 1225 1456 σου
1258 1379 1344 1457 υἱὸν

97 1479 331 1564 ξαποστείλας
356 1477 518 1576 ίιόμενον
543 1489 670 1556 πᾶσαν
696 1478 811 1558 νόσον
835 1480 900 1555 καὶ
916 1489 1043 1556 πᾶσαν
1059 1480 1249 1579 μαλακίαν
1265 1490 1344 1559 τῶν

97 1588 213 1676 ιυχῶν
237 1580 403 1656 καὶτῶν
430 1577 617 1677 σωμάτων
641 1581 763 1678 ἡμῶν,
799 1579 1046 1681 κατάπεμψον
1069 1582 1112 1658 τὸ
1139 1579 1248 1712 ἅγιόν
1274 1608 1344 1661 σου

97 1691 222 1778 νεῦμα
241 1683 311 1779 ,καὶ
338 1682 361 1756 ἀ
386 1681 496 1759 ίασον
520 1682 563 1757 τὸ
589 1685 713 1760 ἔλαιον
737 1692 848 1760 τοῦτο
873 1684 936 1759 καί
958 1683 1114 1781 ποίησον
1131 1685 1225 1760 αυτδ
1239 1714 1344 1784 χριο-

97 1784 175 1884 ιένῳ
198 1792 252 1881 τῷ
270 1793 326 1882 σῷ
345 1711 468 1883 (θεόλῳ
486 1781 607 1883 τούτῳ
625 1790 675 1870 είς
690 1785 832 1861 τελείαν
849 1783 1108 1881 ἀπολύτρωσιν
1124 1795 1203 1862 τῶν
1220 1786 1344 1887 ἆμαρ-

97 1894 167 1962 ιιῦν
192 1886 322 1975 αὐτοῦ,
351 1891 401 1971 είς
425 1886 616 1984 βασιλείας
641 1886 817 1983 οὐρανῶν
842 1887 1103 1985 κληρονομίαν.

155 1997 278 2073 Ἰστέον
300 2000 354 2072 ότι
374 2002 462 2083 τινὲς
480 2002 542 2088 μὲν
562 2001 621 2091 τήν
642 1998 737 2094 εὐχήν
757 2000 888 2095 ταύτην,
916 2000 980 2084 ἕως
1001 1994 1067 2072 ὧδε
1086 2000 1189 2090 μόνον
1210 2000 1344 2090 λέγουσι

99 2101 468 2195 ετὰτήςέκφιονήσειος·
491 2088 559 2164 σὸν
575 2085 648 2192 γάρ
667 2094 743 2165 ἐστι
765 2088 809 2164 τὸ
834 2093 954 2166 ἐλεεῖν.
988 2103 1085 2184 Τινὲς
1096 2104 1133 2172 δὲ
1145 2102 1208 2184 ἕως
1217 2103 1344 2185 τέλους.

161 2207 224 2282 Σῦ
248 2208 321 2310 γάρ
348 2207 379 2283 εί
405 2207 425 2282 5
447 2206 534 2291 Θεὸς
560 2207 579 2283 5
605 2209 720 2311 μέγας
742 2205 808 2283 καὶ
827 2206 1064 2304 θαυμαστὸς,
1091 2206 1111 2282 5
1137 2207 1345 2306 φυλάσσων

97 2307 143 2404 ὴν
170 2307 358 2407 διαθήκην
384 2336 452 2386 σου
478 2309 610 2385 καὶτὸ
636 2306 732 2395 ἔλεός
757 2335 826 2385 σου
852 2315 927 2392 τοῖς
953 2305 1126 2411 ἀγαπιῦσί
1152 2334 1210 2383 σε·
1239 2308 1259 2383 5
1285 2307 1344 2385 δι-

97 2409 167 2495 ὀῦς
201 2409 386 2511 λύτρωσιν
418 2410 616 2508 ἁμαρτιῶν
649 2410 713 2488 διά
745 2419 814 2488 τοῦ
840 2410 950 2512 ἀγίου
977 2436 1045 2486 σου
1070 2409 1204 2494 παιδὸς
1222 2411 1344 2507 Ἰησοῦ

97 2515 257 2608 ἴριστοῦ,
284 2512 304 2587 5
331 2511 586 2614 ἀναγεννήσας
609 2512 707 2609 ἡμᾶς
728 2512 802 2588 ἀπό
826 2521 891 2609 τῆς
907 2511 1104 2610 ἁμαρτίας,
1132 2510 1345 2611 όφωτίζαιν

98 2613 164 2698 οὺς
188 2613 352 2712 τυφλοὺς
375 2615 438 2690 καὶ
466 2615 649 2713 ἀνορθῶν
673 2615 760 2698 τοῦς
785 2615 1112 2718 κατερραγμίνους,
1138 2613 1158 2688 5
1185 2615 1344 2716 ἀγαπιῦν

98 2716 163 2799 οὺς
197 2715 376 2804 δικαίους,
412 2717 477 2792 καὶ
510 2717 597 2802 τοῦς
623 2715 866 2815 ἁμαρτωλοὺς
891 2721 1016 2806 ἐλεῶν,
1054 2714 1344 2801 ὅάνακαινίσας

98 2825 175 2910 μᾶς
200 2821 238 2892 ἐκ
266 2814 419 2902 σκότους
444 2819 507 2894 καί
534 2826 639 2902 σκιᾶς
663 2816 850 2907 θανάτου,
877 2818 995 2947 λέγων
1020 2825 1096 2903 τοῖς
1114 2821 1156 2892 ἐν
1176 2815 1342 2914 δεσμοῖς·

97 2920 252 3009 ξέλθετε,
279 2920 342 2994 καὶ
361 2926 437 3005 τοῖς
454 2924 496 2996 ἐν
513 2929 568 2995 τιῦ
586 2918 722 2995 σκότει·
751 2919 1069 2994 ἀνακαλυπτεσθε.
1089 2921 1253 3016 Ἔλαμψε
1260 2919 1343 3046 γάρ

97 3050 118 3097 ν
153 3027 234 3104 ταῖς
266 3021 437 3114 καρδίαις
461 3022 570 3118 ἡμῶν
595 3020 638 3095 τὸ
664 3028 746 3119 φῶς
770 3029 834 3117 τῆς
857 3017 1031 3121 γναίσεως
1055 3026 1123 3094 τοῦ
1148 3047 1343 3115 προςωπου

97 3147 159 3212 ου,
188 3123 255 3223 ἀφ’
287 3119 332 3199 οὗ
357 3122 407 3198 δι’
437 3122 535 3219 ἡμᾶς
560 3122 618 3197 ἐπὶ
643 3131 708 3219 τῆς
732 3129 800 3224 γῆς
825 3122 972 3219 ὤφθης,
998 3118 1062 3195 καὶ
1086 3124 1164 3206 τοῖς
1188 3116 1344 3217 ἀνθραί-

97 3253 158 3308 τοις
184 3221 501 3322 συνανεστράφης,
527 3231 605 3308 τοῖς
630 3223 842 3320 δεξαμένοις
868 3246 907 3297 σε
933 3220 1075 3306 ἔδωκας
1098 3219 1270 3307 ἐξουσίαν
1285 3222 1343 3296 τί-

100 3357 148 3401 να
178 3332 270 3402 Θεοῦ
295 3328 471 3428 γενίσθαι
498 3324 561 3400 διά
587 3334 725 3421 λυτροῦ
750 3322 1029 3427 παλιγγενεσίας
1053 3322 1122 3421 τὴν
1146 3321 1345 3399 υἱοθεσίαν

98 3434 167 3523 μῖν
189 3427 439 3524 χαρισάμενος
463 3428 526 3503 καὶ
553 3426 755 3524 ἀμετόχους
779 3426 877 3525 ἡμᾶς
904 3427 1076 3524 ἐποίησας
1091 3429 1131 3499 ἐκ
1147 3433 1212 3520 τῆς
1229 3453 1343 3499 κατα-

97 3531 299 3614 ὐναστείας
331 3540 399 3606 τοῦ
432 3525 624 3628 διαβόλου.
669 3529 766 3604 Ἐπεί
799 3530 867 3605 οὐκ
902 3525 1106 3624 εῦδόκησας
1138 3528 1179 3600 ἐν
1214 3527 1345 3620 αἵματι

97 3632 368 3730 ἀθαρίζεσθαι,
404 3632 483 3706 ἀλλ’
513 3635 554 3707 ἐν
588 3631 698 3729 ἐλαίῳ
732 3629 827 3734 ἁγίῳ
860 3630 1002 3714 ἔδωκας
1034 3627 1101 3703 τὸν
1132 3622 1251 3702 τόπον
1276 3635 1344 3703 τοῦ

97 3743 243 3829 Ιταυροῦ
271 3757 353 3823 σου,
380 3739 430 3818 είς
453 3734 497 3809 τὸ
521 3733 699 3835 γενέσθαι
719 3733 817 3830 ἡμᾶς
834 3738 1003 3831 Χριστοῦ
1020 3729 1207 3827 ποίμνιον,
1232 3729 1345 3824 βασί-

98 3864 175 3911 ειον
200 3834 413 3935 ἱεράτευμα,
447 3837 560 3918 ἔθνος
585 3835 694 3938 ἀγιον
718 3835 933 3933 καθαρίσας
956 3833 1055 3930 ἡμᾶς
1080 3835 1120 3907 ἐν
1144 3829 1256 3906 ὕδατι
1280 3830 1345 3906 καὶ

97 3934 235 4041 ἐγιάσοις
260 3941 301 4013 ἐν
325 3947 379 4037 τῷ
407 3937 501 4041 ἁγίῳ
528 3960 597 4012 σου
623 3933 805 4028 πνεύματι
816 3938 857 4034 1)·
885 3935 1009 4024 αὐτὸς,
1036 3934 1195 4010 δέσποτα
1217 3929 1345 4031 Κύριε,

97 4040 143 4124 ’ὸς
165 4037 279 4139 χάριν
305 4046 354 4124 είς
378 4041 446 4138 τὴν
472 4038 670 4115 διακονίαν
696 4064 764 4113 σου
789 4034 943 4133 ταύτην,
970 4038 1021 4120 ὡς
1045 4036 1187 4118 ἔδωκας
1208 4038 1346 4108 Μωσεῖ

99 4150 131 4239 qi
165 4141 372 4239 θεράποντί
404 4169 485 4231 σου,
517 4142 581 4218 καὶ
608 4142 790 4237 Σαμουὴλ
823 4148 877 4237 τῷ
909 4138 1133 4240 ἠγαπημένῳ
1166 4163 1247 4225 σου,
1280 4132 1344 4243 καὶ

163 4415 189 4479 1)
213 4417 402 4493 Gigia-inomni
425 4416 532 4487 ληῐειιιοι
548 4417 598 4466 Deo
620 4430 668 4467 ιιοο
687 4416 822 4489 offeramur
840 4414 957 4476 sunguine
974 4411 1171 4471 circumcisionis,
1189 4411 1232 4460 sed
1250 4410 1345 4462 Ιειειιο

97 4488 366 4577 εριίεωιλίιὲὲῦιισςδ
384 4488 520 4577 eiifflfl
537 4503 684 4565 inunctione,
703 4515 750 4566 qui
768 4492 888 4563 inanitur
906 4497 969 4551 icini
985 4511 1055 4562 reges
1074 4506 1097 4548 ιι
1114 4496 1261 4548 sacerdotes.
