3044 4912
711 248 785 322 310
913 258 924 303 ¹

121 437 331 518 subiungimus
359 435 449 498 haar:
477 426 628 518 Ἐλέησον
654 425 742 519 ἡμᾶς
762 423 878 517 Κύριε,
900 423 1036 514 ἐλέησον
1063 421 1167 515 ἡμᾶς·
1195 421 1357 516 πάσηςηάρ

121 527 350 622 ἀπολογίας’
330 538 543 621 ἀποροῦντες,
564 528 687 620 ταύτην
700 553 756 599 σοι
769 529 829 619 τὴν
844 522 968 597 ικεσίαν
983 523 1028 607 ὥς
1041 523 1212 618 Δεσπότη,
1235 523 1268 596 ολ
1281 523 1360 614 ἆμαρ

121 636 224 704 τωλοί
245 632 487 724 προςφέρομεν,
509 627 685 721 ἐλέησον“
665 637 763 721 ημᾶς.

206 732 312 826 Κύριε
333 728 501 823 ἐλέησονε
481 739 584 822 ημᾶς·
607 731 666 801 έπί
680 731 736 801 σοί
750 730 811 820 γάρ
826 726 1055 815 πεποίθαμεν,
1076 716 1325 819 μῇῆρμισθῇς
1308 731 1364 818 ημῖν

119 835 265 963 σφόδρα,
285 835 371 926 μηδὲ
390 840 543 924 μνησθῇς
563 839 630 900 τῶν
651 830 796 920 ἀνομιῶν
815 827 926 955 riunir-
951 825 1022 898 ἀλλ’
1044 826 1239 956 ἀπιδληφον
1256 829 1313 898 καί
1327 833 1367 897 νῦν

123 934 169 1019 ὥς
190 931 422 1023 εύδπλαγχνος,
441 959 499 1003 και
489 930 686 1023 λύτρωσαι
712 930 801 1023 ἡμᾶς
821 932 858 1002 έιι
877 938 944 1000 τῶν
965 928 1136 1018 ἐχθρῶν
1115 938 1221 1021 ημῶν.
1262 930 1353 999 Σύ
1319 955 1369 1055 γαρ

123 1032 154 1108 εί
176 1033 301 1117 Θεὸςι
282 1043 385 1126 ημῶν,
406 1035 463 1104 καί
483 1031 580 1124 ἡμεῖς
601 1033 682 1116 λαός
702 1055 777 1103 σου·
812 1030 936 1114 πάντες
956 1029 1036 1121 ἔργα
1054 1039 1174 1123 χειρῶν
1195 1055 1257 1102 σου
1277 1030 1329 1102 καί
1344 1031 1372 1098 τί

122 1133 228 1225 ύνομά
250 1162 310 1206 σου
331 1133 593 1227 έπικεκλῇμεθα.

204 1235 242 1306 Ὁ
265 1237 516 1321 δξαποστέλλων
536 1238 576 1306 τὸ
599 1242 681 1329 φῶς,
702 1234 760 1305 καί
779 1233 970 1325 πορεύεται,
992 1229 1216 1304 δάνατίλλων
1227 1232 1288 1303 τὸν
1299 1229 1377 1324 ἥλιον

122 1339 183 1410 ἀπὶ
205 1336 355 1418 δικαίους
373 1338 431 1407 καί
445 1335 589 1419 ἀδίκους,
610 1333 777 1427 πονηρούς
789 1363 827 1406 τε
839 1335 897 1406 καὶ
911 1331 1079 1424 ἀγαθούς·
1102 1330 1121 1403 6
1135 1341 1246 1405 ποιῶν
1260 1329 1378 1424 ὄρθρον,

122 1440 180 1509 καὶ
202 1437 356 1531 φωτίζων
376 1445 490 1508 πᾶσαν
510 1439 570 1527 τὴν
585 1435 796 1529 Οίκουμένην,
817 1435 966 1528 φώτωον
985 1435 1043 1506 καί
1063 1432 1157 1525 ἡμῶν
1177 1437 1239 1518 τὰς
1259 1435 1380 1526 καρδίας

123 1545 287 1610 Δέσποτα
307 1546 374 1607 τιῦν
395 1536 561 1608 ἀπάντων.
589 1536 741 1628 Χάρισαι
761 1536 841 1628 ἡμῖν
855 1532 897 1607 Ιἐν
917 1545 958 1629 τῇ
978 1535 1132 1629 παρούσῃ
1153 1535 1265 1631 ἡμέρη
1284 1534 1381 1625 εύορε-

125 1646 215 1709 οτεῖν
236 1664 301 1722 σοι,
324 1638 558 1732 διαφυλάττων
579 1636 668 1729 ἡμᾶς
689 1636 759 1708 ἀπὸ
773 1636 885 1731 πάσης
899 1635 1075 1729 ἁμαρτίας,
1093 1639 1153 1708 καί
1165 1636 1281 1730 πάσης
1292 1660 1381 1728 Ιπονη

127 1747 189 1830 ρᾶς
209 1738 372 1828 πράξεως,
393 1738 552 1832 ῥυόμενος
571 1739 660 1832 ἡμᾶς
682 1737 751 1812 ἀπὸ
772 1740 900 1822 παντὸς
918 1741 1040 1828 βέλους
1059 1739 1248 1827 πετομένου
1262 1737 1381 1831 ἡμέρας,

124 1842 182 1910 καί
202 1839 313 1933 πάσης
334 1840 558 1933 ἀντικειμένης
579 1840 759 1929 δυνάμεως.
786 1839 990 1933 Πρεσβείαις
1009 1848 1070 1932 τῆς
1088 1840 1321 1967 παναχράντου
1329 1845 1380 1910 Aa·

125 1939 266 2033 σποίνης
285 1940 378 2034 ἡμῶν
395 1943 573 2028 Θεοτάκου,
593 1951 659 2013 τιῦν
681 1939 790 2014 ἀύλων
810 1968 871 2014 σου
884 1948 1101 2032 Λειτουργων
1119 1970 1177 2013 και
1167 1940 1380 2034 ἐπουρανίων

125 2042 320 2130 Δυνάμεων,
346 2045 403 2114 καί
430 2044 565 2115 πάντων
593 2053 659 2114 τῶν
676 2043 807 2135 Ἁγίων,
833 2051 900 2114 τῶν
920 2040 980 2115 ἀπ’
1003 2042 1125 2126 αίῶνύς
1145 2069 1203 2115 σοι
1223 2043 1419 2139 εὐαρεστη-

126 2141 266 2216 σάντων.
307 2147 374 2216 Σδν
401 2146 463 2236 γάρ
491 2147 563 2218 ίστι
592 2147 632 2216 τὸ
659 2148 763 2218 ἐλεεῖν
790 2147 848 2218 καί
874 2143 1038 2232 σώζειν
1017 2153 1115 2236 ημᾶς,
1143 2143 1313 2229 δΘεδς(
1294 2150 1376 2236 ημῖν,
1409 2144 1419 2299 i

124 2246 182 2315 καί
209 2246 266 2318 σοί
292 2249 351 2339 τὴν
380 2245 529 2332 δύξᾱν’
508 2253 764 2337 αναπέμπομεν,
790 2255 837 2338 τῷ
856 2249 980 2336 Πατρί,
1005 2248 1066 2319 καί
1088 2254 1136 2339 τῷ
1161 2246 1243 2375 Υλρῦ,
1269 2247 1323 2318 καί
1342 2249 1419 2343 tait

123 2340 225 2464 Ἅμίφ
246 2348 429 2437 Πνεύματι,
452 2355 508 2419 νῦν
528 2350 586 2419 καί
606 2347 661 2420 ἀεί
680 2377 738 2422 και
759 2347 808 2432 είς
828 2350 907 2433 τοὺς
928 2347 1051 2431 αλιῦνας
1070 2357 1137 2418 τῶν
1157 2348 1299 2421 αἰώνων.

213 2459 244 2519 2.
266 2457 364 2519 Hora
386 2457 518 2520 Tertia
540 2457 596 2519 hos
617 2458 752 2540 psalmos
774 2456 834 2520 sibi
855 2456 1023 2538 peculiares
1045 2444 1375 2528 hahet:1³s.17:rir·

128 2547 271 2620 άκουσον
297 2550 402 2641 Κύριε
431 2549 641 2642 δικαιοσύνης
666 2579 743 2640 μου.
784 2559 836 2621 Ρε.
852 2562 908 2623 25:
941 2554 1028 2642 πρὸς
1054 2553 1092 2621 σί
1118 2546 1273 2641 Κύριε’
1252 2579 1313 2643 ῇρα
1333 2547 1375 2638 τὴν

128 2649 239 2742 ψυχήν
258 2677 335 2737 μου.
363 2658 414 2719 Ρε.
429 2664 485 2721 51:
510 2653 645 2743 ἐλέησόν
665 2680 708 2739 με
729 2652 747 2722 6
772 2652 867 2735 Θεύς.
909 2661 947 2721 Et
969 2660 1109 2739 quoniam
1132 2660 1222 2722 tertia
1243 2655 1374 2736 horaSpi·

129 2755 207 2818 ritus
230 2758 357 2820 Sanctus
379 2759 411 2820 in
434 2760 588 2839 apostolos
611 2761 776 2835 descendit,
804 2762 920 2824 cantica
943 2770 973 2823 et
994 2762 1177 2840 antiphonae
1200 2761 1288 2824 huius
1307 2754 1373 2838 spiri·

131 2856 200 2918 talis
223 2858 374 2921 unctionis
396 2859 580 2922 mentionem
596 2861 735 2923 iniiciunt
749 2862 794 2924 rei
810 2863 935 2941 gratiam
950 2863 1054 2926 Sancti
1069 2862 1203 2942 Spiritus
1218 2865 1374 2943 exposcunt:

131 2951 287 3043 Κύριε(
269 2980 289 3024 ο
309 2956 349 3025 τὸ
369 2953 534 3045 πανάγιόν
555 2981 615 3025 σου
629 2958 807 3044 Πνεῦμα
790 2983 825 3026 εν
845 2966 886 3049 τῇ
905 2956 998 3049 τρίτη
1004 2957 1093 3083 ὥρᾳ
1097 2965 1170 3038 τοῖς
1181 2954 1376 3029 Ἀποστύλονέ

132 3079 193 3123 σου
215 3057 451 3147 καταπέμψας,
474 3066 573 3126 τοῦτο
596 3056 706 3147 ἀγαθέ
726 3059 771 3147 μὴ
795 3057 1050 3151 ἀντανέλῇςαφ
1074 3057 1178 3149 ἡμῶν,
1201 3057 1272 3128 ἀλλ
1294 3049 1377 3147 ίμσῖ·

132 3181 224 3227 νισον
245 3156 324 3248 ἡμῖν
345 3185 417 3240 τοις
438 3160 610 3246 δεομένοις
630 3185 702 3230 σου.

218 3256 465 3350 Εὐλογητὸς
434 3287 464 3329 ει
485 3259 658 3349 Χριστέ(
641 3287 659 3329 ο
685 3259 815 3342 Θεὸς(
795 3270 897 3351 ημῶν,
927 3259 1166 3352 δπανσύφους
1186 3263 1266 3344 τούς
1282 3258 1378 3332 Ἁλιεῖς

134 3353 319 3442 ἀναδείξας,
346 3363 574 3454 καταπέμψας
596 3360 711 3443 αὐτοῖς
730 3364 770 3432 τὸ
790 3371 930 3450 Πνεῦμα
950 3365 989 3431 τὸ
1003 3362 1130 3452 ‘Myron
1151 3365 1210 3434 καί
1231 3361 1274 3434 δι’
1296 3359 1380 3434 σίτῶ1

133 3459 194 3548 τὴν
219 3459 420 3552 Οίκοομένην
441 3462 652 3554 σαγηνεύσας,
675 3461 899 3556 φιλάνθρωπε
921 3463 1004 3546 δόξα
1025 3489 1092 3535 σοι.

223 3568 375 3647 Ταχεῖαν,
390 3564 447 3633 καί
460 3567 632 3656 σταθηράν
647 3565 742 3636 δίδου
756 3565 978 3657 παραμυθίαν
991 3572 1064 3647 τοῖς
1078 3565 1212 3648 δούλοις
1220 3591 1282 3637 σου
1291 3565 1385 3656 Ἰησοῦ,

135 3658 172 3733 ἐν
199 3670 247 3754 τῷ
274 3662 455 3756 άκηδιάσαι
481 3667 524 3736 τὰ
544 3667 719 3755 πνεύματα
739 3665 841 3757 ἡμῶν,
862 3669 908 3757 μη
930 3668 1069 3758 χωρίζου
1091 3675 1156 3736 τῶν
1177 3676 1295 3760 ψυχῶν
1312 3664 1385 3756 ἡμῶν

136 3764 172 3833 ἐν
192 3764 347 3857 θλίψεσι,
368 3769 413 3859 μῇ
436 3767 602 3857 μακρύνυυ
623 3776 689 3837 τῶν
702 3777 830 3860 φρενῶν
843 3765 936 3859 ἡμῶν
951 3770 987 3840 έν
1000 3767 1246 3860 περιστάσεσιν,
1270 3767 1335 3838 ἀλλ’
1349 3760 1389 3835 ἀεί

137 3863 225 3954 ἡμᾶς
251 3867 470 3960 πρόφθασον.
502 3865 656 3958 ’Έγμσον
682 3868 770 3960 ἡμῖν,
799 3869 929 3960 έγγισον
957 3869 976 3940 6
1005 3878 1193 3956 πανταχοῦ·
1222 3870 1329 3960 άίςπερ
1347 3861 1391 3937 κοί

138 3973 211 4048 τοῖς
233 3965 455 4053 Ἀποστύλσις
481 3996 541 4041 σου
568 3970 713 4041 πάντοτε
740 3980 849 4063 συνῇς,
878 3970 966 4042 ούτω
991 3975 1050 4043 καί
1075 3979 1148 4055 τοῖς
1173 3974 1214 4045 σὲ
1240 3977 1393 4044 ποθοῦσα

139 4066 263 4138 ἕνωσον
284 4072 404 4142 σαυτὸν
423 4071 623 4164 Οίκτίρμων·
644 4076 700 4142 ίνα
721 4075 920 4164 συνημμέναι
942 4099 998 4144 σοι
1019 4073 1180 4164 ὑμνῶμεν,
1202 4076 1261 4147 καί
1275 4075 1396 4159 δοξολο

139 4196 248 4261 μωμεν
268 4173 306 4240 τὸ
327 4172 492 4264 πανάγιόν
513 4198 574 4245 σου
594 4181 745 4262 Πνεῦμα.

225 4273 445 4362 Μεσώριον
466 4284 537 4366 τῆς
557 4273 696 4367 τρίτης
717 4304 828 4406 ιρρας
851 4285 904 4348 Ρε.
920 4287 979 4350 30:
1002 4277 1142 4405 ὖψῶρω
1152 4304 1191 4348 σε
1212 4277 1329 4368 Κύριε.
1358 4281 1399 4342 Ps

143 4382 199 4444 32:
221 4374 382 4465 μακάριοι
402 4368 447 4444 ὧν
469 4375 647 4469 ἀφέθησαν
670 4376 707 4448 αλ
728 4376 876 4467 ἀνομίαι.
919 4388 969 4449 Ρε.
985 4391 1041 4452 61.
1072 4379 1265 4462 εῑςάκουσον
1285 4378 1305 4451 6
1328 4376 1401 4454 Θεὸς

141 4482 201 4566 τῇς
229 4474 371 4568 δεήσεως
395 4503 472 4566 μου.
515 4485 662 4569 Troparia
689 4486 727 4550 δε
748 4486 808 4564 dia,
836 4488 874 4554 δο
895 4489 1087 4572 martyribus,
1107 4488 1146 4555 δο
1165 4488 1261 4554 Baata
1282 4485 1402 4567 Virgine·
