3044 4912
793 237 866 310 180

269 424 437 498 Sacerdos
459 423 686 520 prosequitur.
741 421 922 497 Sursum
948 421 1039 495 sint
1063 429 1232 494 mentes
1259 429 1442 495 restrae.

268 526 491 623 Respondent.
545 525 653 597 Sunt
686 525 735 596 ad
770 535 809 596 tc
846 524 958 601 Deus
994 522 1221 614 Abraham,
1257 521 1399 617 Isaac,
1437 533 1480 599 ut

192 629 331 703 lsrael
357 627 443 699 llex
470 626 678 721 gloriose.

273 730 451 803 Sacerdos.
505 728 678 800 Oblatio
706 726 791 799 Deo
820 728 1010 798 omnium
1037 725 1210 798 domino
1239 724 1441 799 assertus.

271 831 493 927 Respondent.
545 829 728 924 Dignum
756 838 797 900 et
823 829 982 900 iustum
1010 839 1084 900 est.

272 932 452 1004 Diaconos.
507 929 849 1003 Pannobisaum.
910 991 913 998 .

317 1167 485 1240 Sacerdos
511 1164 649 1262 imponit
675 1167 847 1238 iucensam
873 1177 906 1238 et
933 1164 1015 1237 dicit
1040 1164 1126 1237 hanc
1155 1162 1361 1236 Orationem.

272 1336 469 1427 Domine,
505 1333 685 1406 Domine
723 1334 771 1407 da
807 1334 910 1407 milri
937 1344 1127 1430 apertam
1152 1332 1307 1407 laniem
1336 1357 1474 1406 curam

196 1451 255 1531 tc,
290 1448 335 1510 ut
368 1461 458 1511 cum
484 1435 649 1508 fiducia
677 1460 783 1532 quac
810 1460 827 1507 a
856 1446 895 1508 te
922 1437 998 1528 sit,
1025 1435 1310 1533 perficiamus
1339 1436 1473 1507 sacri·

195 1540 347 1613 licium
382 1537 461 1609 hoc
494 1538 766 1610 tremcndum¹
796 1550 837 1609 et
864 1538 1071 1630 divinum,
1110 1536 1404 1610 conscientiis
1430 1537 1473 1609 alr

198 1642 310 1715 orani
337 1639 536 1736 nequitia
565 1648 606 1710 et
631 1639 921 1712 amaritudine
947 1641 1079 1736 puris.
1134 1637 1307 1711 Semina
1335 1640 1377 1711 in
1405 1663 1473 1711 ao·

161 1736 263 1817 'tis
296 1742 475 1814 Domine
511 1741 822 1834 dilectionem,
866 1764 1012 1838 paoem
1047 1751 1088 1813 et
1121 1740 1398 1813 concordiam
1431 1741 1473 1815 ad

197 1843 402 1935 invicem,
431 1854 471 1914 et
497 1866 597 1936 erga
624 1799 925 1941 quoscumque.

274 1961 320 2033 Et
347 1972 479 2032 erectus
506 1962 587 2032 dicit
614 1971 772 2034 secreto.
807 1961 987 2056 Dignum
1021 1971 1086 2031 est
1119 1959 1260 2053 gloria
1287 1960 1338 2033 ab
1365 1963 1475 2034 omni

200 2088 291 2156 ore,
326 2073 366 2135 et
400 2062 700 2157 confessione,
737 2062 785 2135 alr
812 2062 1009 2137 omnibus
1035 2062 1221 2159 linguis,
1256 2072 1299 2134 et
1325 2061 1477 2136 adora·

198 2166 318 2240 tione
351 2175 477 2263 atque
511 2166 782 2239 exaltatione
819 2166 868 2239 ab
903 2163 1101 2238 omnihus
1129 2163 1371 2257 creaturis,
1407 2189 1478 2237 no·

197 2292 290 2341 men
316 2268 579 2341 adorandum
606 2266 1084 2362 etgloriosamPatris,
1112 2265 1294 2357 attilii,
1324 2266 1478 2365 atSpi·

179 2369 312 2442 nitus
339 2370 499 2441 saneti:
527 2369 598 2465 qui
627 2369 791 2442 crearit
816 2369 1010 2441 mundum
1038 2391 1113 2464 per
1139 2368 1322 2462 gratiam
1342 2392 1480 2462 suam,

200 2469 1483 2566 ctlrabitatoreseiusperclementiamsuam,quisalrarit

192 2572 397 2661 ¹homines
423 2594 496 2666 per
522 2572 870 2644 misericordiam
898 2595 1030 2662 suam,
1059 2582 1100 2642 et
1124 2571 1356 2665 praestitit
1384 2595 1481 2669 gra·

201 2674 302 2746 tiam
338 2696 528 2766 magnam
563 2696 662 2767 erga
696 2675 913 2745 mortales.
966 2673 1232 2745 Maiestatem
1259 2684 1373 2745 tuam
1400 2675 1483 2748 Do·

201 2979 317 3029 beneflcio
336 2986 384 3039 tua,
403 2993 464 3042 quun
484 2977 605 3026 contulisti
624 2977 702 3036 nobis,
721 2985 769 3026 tam
788 2992 815 3025 ea
834 2991 895 3040 quae
915 2978 1013 3035 seimus,
1033 2990 1103 3039 quarn
1115 2991 1176 3039 quas
1186 2978 1334 3039 ignoramus,
1354 2981 1484 3031 manifesta

202 3073 226 3114 at
244 3071 344 3113 secreta.
381 3064 474 3113 Gratias
493 3077 589 3126 quaque
607 3063 700 3124 agimus
718 3062 759 3110 tibi
778 3069 879 3125 propter
897 3062 943 3110 troc
961 3062 1129 3120 ministerium,
1148 3061 1306 3124 deprecantes
1325 3071 1348 3110 te
1367 3066 1484 3113 utsusci-

203 3150 257 3213 pias
277 3148 336 3197 ΙΙΙΙΙΙΙ
354 3162 381 3195 ea
401 3147 511 3195 manibus
531 3148 635 3196 nostris:
660 3147 714 3210 quis
733 3148 795 3196 caim
815 3146 918 3196 sufficiat
937 3145 966 3195 ad
985 3145 1118 3194 enarranda
1138 3146 1252 3195 miracula
1271 3148 1401 3209 potestatis
1420 3156 1484 3206 tusa,

203 3240 227 3281 st
250 3231 344 3280 auditas
368 3231 440 3279 iaciat
464 3245 549 3279 amnes
574 3231 658 3279 laudes
678 3227 754 3279 tuas?
779 3231 833 3294 quia
859 3231 951 3280 etiamsi
970 3238 1094 3280 creaturae
1113 3245 1198 3280 omnes
1217 3246 1245 3280 os
1263 3245 1336 3280 uuum
1357 3244 1441 3282 essent
1458 3244 1482 3284 et

203 3328 250 3365 atta
269 3315 357 3375 lingua,
377 3329 424 3362 uon
442 3315 582 3363 sufficerent
600 3314 701 3363 Domine
719 3315 749 3363 ad
767 3315 913 3378 loquendum
933 3315 963 3364 ds
981 3316 1106 3364 maiestate
1124 3324 1172 3364 tua.
1208 3315 1299 3364 Canon.
1319 3317 1380 3375 Quia
1397 3332 1481 3367 coram

203 3400 319 3450 'l'rinitato
346 3406 385 3448 tua
414 3399 523 3458 Domina,
552 3400 687 3447 corrsistunt
713 3400 801 3449 millies
825 3400 900 3458 mille,
928 3408 951 3449 et
974 3400 1055 3449 decies
1074 3400 1169 3458 millies,
1197 3400 1279 3448 decem
1300 3401 1366 3449 mille
1384 3403 1484 3463 angeli:

203 3499 337 3548 amnesque
360 3482 432 3531 simul
451 3484 541 3546 pariter
559 3483 666 3532 solantes
686 3485 834 3534 incessanter
852 3494 875 3533 et
893 3493 1019 3548 perpetuo,
1044 3500 1100 3535 racc
1118 3484 1165 3533 alta
1184 3492 1207 3533 et
1221 3485 1366 3533 indesinenti
1386 3486 1483 3535 laudem

191 3579 301 3628 vastruat,
325 3567 433 3627 iubilant,
459 3566 592 3615 clamantes
617 3582 678 3616 unus
697 3567 725 3617 ad
745 3568 847 3617 alterum
866 3569 975 3618 dicentes
994 3577 1017 3617 st
1034 3569 1225 3632 respondentes:
1248 3569 1360 3628 Sanctus,
1379 3571 1484 3621 Sanctus

178 3660 249 3713 'stu
284 3653 404 3703 Sacerdos
423 3651 543 3714 protunda
562 3651 661 3700 inclinat
678 3667 704 3700 ss
723 3652 825 3701 dicendo
843 3654 905 3703 hane
923 3654 1070 3703 Orationem.
1106 3654 1217 3712 Sanctus,
1241 3654 1353 3715 Sanetus,
1378 3655 1483 3704 Sanctus

197 3724 320 3791 &miuus
339 3737 418 3795 tortis,
437 3736 489 3783 eius
509 3735 574 3798 pleni
593 3742 649 3785 sunt
662 3737 722 3785 coeli
742 3745 765 3784 et
783 3745 853 3786 terra,
865 3764 897 3775 -·
916 3738 983 3787 ilaue
991 3737 1095 3786 Nestorii
1114 3737 1208 3786 haeresi
1226 3741 1415 3791 contaminatam
1427 3755 1483 3789 essa

204 3821 275 3872 decet
292 3820 506 3870 llenaldutius
526 3820 541 3868 Ι
552 3836 571 3869 c.
593 3819 690 3882 pzoat
715 3821 741 3869 ΙΙΙ
768 3821 861 3870 duabus
885 3821 969 3885 primis
993 3821 1106 3882 Litargiis
1131 3822 1189 3871 nihil
1214 3825 1335 3886 reperitur
1359 3825 1426 3888 qaod
1451 3825 1482 3874 ad

203 3904 360 3956 Sertorianae
378 3904 487 3953 haeresis
504 3905 702 3966 significationem
721 3907 846 3968 pertineat,
865 3905 958 3970 quadra
976 3906 1005 3954 ad
1025 3906 1186 3955 Ortlrodoxam
1205 3910 1347 3958 senteutiam
1367 3909 1422 3969 leri,
1438 3924 1486 3958 aee

128 3954 193 4075 ,4Ι
205 3998 287 4041 coacta
306 3989 502 4052 interpretatione
520 4004 567 4038 non
588 3989 658 4037 facilc
676 3989 812 4038 reducatur.
839 3991 889 4039 dt
884 4005 907 4038 ΙΙΙ
926 3990 970 4037 ista
990 4004 1050 4052 quac
1068 3990 1104 4038 rel
1123 3991 1168 4040 hoc
1187 3991 1240 4040 solo
1259 3992 1349 4042 iudicio
1367 3993 1423 4042 aliis
1441 4008 1484 4042 ro·

148 4086 159 4109 ἱ
205 4074 298 4125 cantior
315 4074 502 4133 demonstratur,
527 4088 574 4122 nou
594 4074 696 4123 obscura
715 4073 929 4137 deprehenduntur
947 4075 1036 4123 erroris
1056 4075 1150 4125 indicio
1187 4077 1255 4134 Quod
1274 4076 1362 4126 dicitur
1380 4077 1424 4126 ssei
1442 4078 1484 4125 Fi·

205 4159 253 4209 lias
272 4160 417 4209 assumsisse
435 4158 556 4207 hominem
577 4160 709 4221 portentum
728 4173 755 4207 es
774 4160 852 4208 anima
870 4159 991 4218 rationali,
1009 4159 1157 4221 intelligente
1171 4168 1195 4209 et
1212 4160 1357 4210 immortali.
1383 4169 1407 4210 et
1425 4176 1482 4210 cor

205 4257 265 4307 pore
289 4242 384 4291 mortali
409 4243 541 4299 hominurn,
566 4250 657 4292 rectum
677 4251 722 4303 est,
746 4243 860 4306 Symbola
879 4242 943 4305 qaod
961 4243 1082 4293 Athanasii
1100 4245 1169 4307 vulgo
1187 4244 1282 4303 dicitur,
1308 4253 1361 4293 eta
1383 4246 1486 4295 Graecis

194 4312 342 4389 'Latinisque
360 4327 476 4390 recipitur
495 4328 628 4377 cantarana.
665 4329 788 4376 Perfectus
799 4328 870 4385 Deus,
889 4329 1011 4389 perlectus
1028 4329 1101 4377 tremo
1120 4344 1147 4378 ex
1164 4329 1243 4377 anima
1262 4329 1374 4379 rationali
1393 4337 1419 4379 et
1436 4330 1486 4379 lrn·

132 4416 138 4425 '
205 4424 275 4461 mana
293 4425 364 4459 carue
383 4411 525 4459 subsistens.
562 4413 627 4469 Quae
646 4421 779 4475 sequuntur
796 4412 852 4460 lieet
870 4413 974 4475 quodam
993 4413 1141 4476 intelligendi
1160 4415 1231 4463 modo
1251 4429 1305 4463 rora
1324 4414 1380 4476 sint,
1400 4428 1487 4464 exors

202 4490 403 4551 limtoriaao'sum
421 4494 515 4557 prolata
533 4504 606 4563 totam
625 4497 723 4547 illorum
741 4497 852 4546 haeresin
871 4495 1071 4560 complectuntur.
1453 4493 1475 4531 θ
