3044 4912
816 216 874 289 το
923 164 937 179 ’

212 400 337 484 δωκας
360 400 425 476 καὶ
448 399 518 498 τὴν
541 398 662 476 κτίσιν
687 397 826 485 ἔδειξας
851 397 920 474 σὸν
945 399 1056 501 ἔργον
1080 395 1189 488 εἶναι,
1214 397 1285 496 τὴν
1308 395 1351 474 δὲ
1373 396 1490 475 πολύ-

212 522 306 594 θεον
331 515 476 618 πλάνην
501 515 693 617 ἐξιύρισας·
720 516 788 594 τὸν
806 514 954 613 Ἀαριδν
979 515 1042 590 καὶ
1066 516 1155 602 τοὺς
1178 519 1218 602 ἐξ
1241 517 1361 593 αὐτοῦ
1386 517 1487 615 ἱερα-

211 645 293 734 τικῇ
325 646 414 735 τιμῇ
449 633 640 725 ίδόξασας,
670 633 865 733 Ἐβραίους
901 630 1139 733 ἁμαρτόντας
1175 632 1366 724 ἐκόλασας,
1408 636 1486 710 ἐπι-

213 757 440 855 στρέφοντας
479 753 605 841 ἐδέξω·
641 752 730 837 τοὺς
753 752 983 856 Λλγυτττίους
1007 748 1225 855 δεκαπλήγιρ
1250 747 1484 853 ἐτιμωρήσα·

211 872 413 951 θάλασσαν
445 870 579 948 διελὼν
604 869 832 969 Ἰσραηλίτας
866 869 1105 970 διεβίβασας·
1139 869 1370 974 Αἰγυπτίους
1409 873 1485 945 λαι-

212 989 419 1077 διῶξαντας
441 987 697 1090 ὑποβρυχίους
720 985 929 1074 άπιόλεσας·
959 985 1057 1089 ξύλῳ
1083 988 1216 1087 πικρόν
1240 987 1347 1088 ύδωρ
1379 984 1483 1092 ἐγλύ-

211 1138 344 1195 κανας·
379 1113 420 1186 ἐκ
450 1111 585 1209 πέτρας
617 1104 829 1205 άκροτόμου
854 1105 960 1206 ὕδωρ
986 1107 1153 1204 άνίχεας·
1187 1091 1227 1194 ίξ
1250 1107 1419 1205 ούρανοῦ
1441 1106 1483 1183 τλ

211 1225 339 1325 μάννα
364 1221 475 1312 ὗσας·
501 1225 647 1326 τροφὴν
672 1229 711 1310 ἐξ
736 1224 844 1323 ἀέρος
868 1222 1171 1329 ὂρτυγομίχτραν·
1208 1234 1347 1303 στῦλον
1370 1225 1484 1323 πυρός

211 1345 281 1443 τὴν
306 1342 425 1421 νύκτα
449 1344 541 1443 πρὸς
566 1342 775 1444 φωτισμὸν,
800 1342 865 1419 καὶ
891 1341 1028 1420 στύλον
1052 1343 1204 1442 νεφέλης
1226 1342 1372 1442 ἡμέραν
1397 1343 1484 1445 πρὸς

214 1461 398 1561 σκιασμόν
429 1458 611 1547 θάλπους.
662 1460 731 1537 τόν
748 1461 895 1558 Ἰησοῦν
932 1460 1141 1564 στρατηγόν
1164 1460 1364 1549 ἀναδείξας
1395 1461 1484 1540 ἑπτά

213 1584 309 1677 ἔθνη
340 1580 574 1656 Χαναναίων
605 1578 656 1655 δι’
694 1579 813 1655 αὐτοῦ
844 1582 1033 1670 καθεῖλες,
1058 1576 1255 1679 Ἰορδάνην
1286 1579 1483 1680 διὲρρηξας,

214 1699 302 1783 τούς
332 1696 522 1796 ποταμοὺς
538 1697 674 1790 Ἠθάμ
708 1697 893 1797 ἐξέρανας,
927 1698 1028 1796 τείχη
1052 1698 1274 1798 κατίρῤιψας
1298 1698 1392 1776 ἄνευ
1416 1728 1485 1799 μη-

211 1813 441 1915 χανημάτων
474 1815 538 1891 καὶ
566 1815 690 1914 χειρὸς
721 1816 979 1915 ἀνθρωπίνης.
1031 1815 1123 1917 ὑπὲρ
1156 1814 1338 1894 ἁπάντων
1370 1842 1432 1894 σοι
1460 1816 1484 1919 ἦ

213 1933 325 2026 δόξα,
365 1934 527 2011 δέσποτα
566 1932 836 2035 παντοκράτορ.
878 1934 929 2011 ’σὲ
968 1943 1240 2033 προςκυνοδσιν
1275 1933 1486 2036 ἀνάριθμα

214 2053 385 2154 στρατιαὶ
402 2052 582 2156 ἄγγε’λων,
608 2053 862 2159 ἀρχαγγέλων,
887 2050 1057 2151 θρόνων,
1082 2051 1325 2153 κυριοιήτων,
1344 2056 1486 2157 ἀρχῶν,

212 2176 403 2263 ἐξουσιῶν,
429 2168 645 2269 δυνάμεων,
685 2181 872 2271 στρατιῶν
898 2171 1080 2248 αἰωνίων·
1114 2170 1162 2246 τά
1186 2173 1400 2273 Χερουβὶμ,
1424 2174 1488 2252 καλ

211 2291 260 2367 τὰ
285 2292 512 2394 ἑξαπτέρυγα
529 2290 720 2390 Σεραφὶμ,
746 2297 828 2375 ταῖς
852 2289 923 2388 μὲν
947 2289 1037 2366 δυσὶ
1052 2289 1385 2369 κατακαλύπτοντα
1401 2293 1487 2381 τοὺς

213 2407 345 2499 πόδας,
378 2414 459 2492 ταῖς
490 2406 530 2483 δὲ
564 2406 653 2483 δυσὶ
684 2408 751 2492 τάς
783 2409 958 2509 κεφαλάς,
991 2414 1074 2493 ταῖς
1107 2407 1149 2485 δὲ
1181 2407 1270 2485 δυσὶ
1302 2410 1488 2509 πετόμενα

213 2549 266 2623 (Ις,
286 2550 315 2618 6,
331 2548 377 2622 2),
413 2524 475 2600 καὶ
508 2524 661 2626 λε’γοντα
688 2525 768 2621 ἅμα
790 2525 925 2622 χιλίαις
946 2524 1110 2623 χιλιάσιν
1135 2527 1390 2632 άρχαγγίλων,
1421 2530 1488 2607 καλ

213 2644 364 2741 μυρίαις
384 2640 562 2739 μυριάσιν
579 2643 747 2745 ἀγγέλων
766 2663 851 2736 (Dan.
869 2669 897 2737 7,
917 2669 982 2743 10),
1009 2645 1305 2732 άκοιταπαύστως
1322 2648 1388 2724 καὶ
1403 2649 1487 2724 άσι-

213 2759 334 2864 γήτως
363 2757 543 2859 βοάσαις·
577 2761 640 2836 καὶ
671 2770 745 2846 πᾶς
770 2761 790 2836 ό
816 2761 904 2847 λαὸς
929 2763 1008 2859 ἅμα
1034 2761 1188 2839 ελπάτω·
1224 2765 1341 2868 ἅγιος,
1368 2766 1485 2870 ἅγιος,

215 2878 319 2983 ἅγιος
343 2876 469 2977 κύριος
495 2876 692 2977 Σαβαιύθ·
728 2878 865 2977 πλήρης
890 2880 910 2956 ὃ
938 2882 1097 2981 οὐρανὸς
1120 2883 1184 2958 καὶ
1207 2883 1231 2980 ἡ
1257 2892 1305 2986 γῆ
1330 2892 1397 2983 τῆς
1421 2882 1486 2961 δό-

168 3044 173 3051 ·
214 3002 277 3096 ξης
302 2997 437 3073 αὐτοῦ·
463 2997 657 3100 εὐλογητὸς
682 3004 732 3082 είς
756 2999 843 3083 τοὺς
868 3005 1018 3085 αἰῶνας.
1060 2999 1203 3100 άμήνά)

300 3290 324 3350 1)
342 3289 594 3354 Chryuostomus
613 3289 701 3340 Homil.
720 3289 742 3339 2.
763 3292 786 3340 in
804 3291 899 3341 ποτε
922 3284 992 3357 ὑπὲρ
1010 3288 1055 3353 τῆς
1072 3288 1233 3356 οἰκουμένης
1249 3289 1297 3341 καλ
1313 3290 1369 3343 τῶν
1385 3290 1488 3344 κοινῶν

212 3367 431 3442 εὐχαριστοῦμεν
448 3369 574 3439 ἀγαθῶν.
610 3374 700 3424 Ηοτυίί.
719 3375 737 3424 Ι.
755 3376 786 3425 δε
804 3377 868 3427 verb.
887 3376 979 3427 Ιειίεεε
1003 3364 1062 3424 άνω
1079 3368 1112 3423 τά
1128 3375 1263 3444 Σεραφλμ
1280 3372 1330 3426 τόν
1346 3369 1487 3444 τριςάχιον

211 3450 303 3525 ὕμνον
325 3454 441 3521 ἀναβοᾷ,
464 3448 537 3506 κάτω
561 3451 609 3507 τόν
633 3450 718 3507 αὐτὸν
742 3459 797 3508 τῶν
820 3451 982 3523 ἀνθρώπων
1004 3455 1164 3526 ἀντιπέμπει
1186 3454 1307 3524 πληθός,
1330 3456 1408 3526 κοινὴ
1431 3459 1486 3513 τῶν

213 3532 388 3607 ὶαουρανίων
405 3540 452 3590 καλ
469 3540 523 3590 τῶν
541 3538 672 3608 ἐπιγείων
689 3544 879 3608 συγκροτεῖται
902 3537 918 3606 ἡ
943 3536 1105 3609 πανήγυρις.
1142 3545 1209 3595 Hom.
1229 3546 1245 3597 9
1264 3548 1288 3598 in
1306 3546 1419 3598 Coloss.:
1446 3547 1488 3604 τίς

213 3621 228 3678 ό
251 3622 341 3696 όμνος
362 3625 417 3675 τῶν
440 3617 509 3689 άνοι,
535 3627 563 3675 τί
582 3625 654 3692 λέχει
679 3618 711 3674 τά
730 3626 884 3694 Χερουβλμ,
907 3627 1002 3677 ἴσασιν
1019 3626 1046 3678 οἱ
1063 3627 1157 3679 πιστολ
1174 3630 1201 3678 τί
1216 3626 1313 3695 ἔλεγον
1328 3627 1355 3680 οῖ
1373 3620 1487 3697 ι’ίγγελοι

214 3706 306 3762 κάτω·
324 3702 401 3769 Δόξα
419 3707 450 3761 ἓν
467 3703 594 3774 ὑψίστοις
609 3707 676 3774 θεῷ.
702 3705 757 3759 Διά
775 3710 852 3762 τοῦτο
869 3704 940 3779 μετά
957 3705 1005 3768 τάς
1022 3711 1190 3779 ψαλμῳδίας
1206 3707 1299 3778 ὕμνοι,
1315 3709 1363 3765 άτε
1382 3708 1488 3767 τελειό-

212 3790 292 3864 τερόν
309 3811 335 3844 τι
352 3794 480 3861 πρᾶγμα.
517 3796 625 3860 cyrill.
645 3796 741 3847 Calech.
755 3796 821 3859 λίςεῑ.
833 3797 873 3847 V.:
890 3822 923 3832 -
940 3788 1011 3862 μετά
1028 3795 1111 3846 ταῦτα
1128 3790 1346 3865 μνημονεύομεν
1363 3795 1488 3868 ούρανοῦ

214 3878 261 3928 καλ
283 3878 333 3945 γῆς
355 3878 402 3929 καὶ
419 3869 568 3940 θαλάσσης,
586 3870 663 3940 ἡλίου
680 3876 728 3927 καὶ
745 3869 866 3942 σελήνης,
890 3870 999 3945 άστρων
1016 3879 1063 3929 καλ
1080 3875 1171 3944 πάσης
1189 3880 1233 3944 τῆς
1247 3884 1359 3940 κτίσεως
1375 3880 1489 3951 λογικῆς

214 3962 303 4013 τεκαὶ
319 3955 434 4030 ἀλόγου,
451 3955 552 4028 ὁρατῆς
567 3976 594 4012 τε
608 3961 656 4013 καλ
672 3955 801 4027 ἀοράτου,
818 3957 953 4030 ἀγγέλων,
971 3959 1161 4031 άρχαγγίλων,
1179 3959 1337 4035 δυνάμεων,
1354 3959 1489 4032 κυριττό-

211 4060 282 4110 Ιτων,
305 4042 407 4112 ἀρχῶν,
432 4042 572 4111 ἐξουσιῶν,
594 4039 715 4113 θρόνων,
739 4046 794 4094 τῶν
811 4047 956 4117 Χερουβὶμ
974 4047 1028 4097 τῶν
1046 4041 1075 4099 τό
1093 4042 1242 4117 πρόςωπον
1259 4044 1381 4117 δυνάμει
1398 4051 1488 4104 καλυ-

212 4124 346 4194 πτόντιυν,
376 4128 500 4196 λέγοντες
516 4123 545 4181 τό
563 4128 611 4181 τοῦ
626 4127 731 4196 Anam·
747 4127 907 4199 μεγαλύναε
925 4127 973 4182 τὸν
989 4126 1085 4201 κύριον
1101 4126 1152 4183 οὖν
1169 4130 1241 4198 ἐμοί.
1268 4130 1489 4206 μνημονεύομεν

213 4211 332 4277 καὶτῶν
349 4214 493 4280 Χερουβὶμ
511 4207 528 4264 ἃ
546 4212 578 4266 ἐν
595 4208 733 4281 πνεύματι
749 4209 821 4286 ἁγίῳ
840 4208 974 4267 ἐθεάσατο
986 4212 1104 4274 Ἠσαίας
1121 4215 1310 4285 παρεστηκότα
1328 4213 1419 4286 κύκλῳ
1437 4220 1490 4273 τού

213 4297 319 4364 θρόνου
343 4297 391 4348 τοῦ
414 4299 481 4351 θεοῦ
503 4326 537 4335 -
556 4328 587 4337 -
610 4297 658 4349 καλ
679 4298 809 4365 λέγοντα·
834 4291 920 4366 ἅγιος,
944 4293 1031 4367 ἅγιος,
1055 4296 1132 4369 άγως
1153 4296 1247 4371 κύριος
1262 4297 1394 4369 Σεβαοίθ.
1429 4302 1488 4359 Διὶ

214 4380 292 4432 τοῦτο
315 4376 368 4448 γάρ
392 4376 440 4445 τὴν
464 4380 675 4446 παραδοθεῖσαν
696 4375 765 4450 ἡμῖν
788 4380 819 4434 ἐκ
842 4383 896 4434 τῶν
918 4384 1049 4453 Σεραφλμ
1068 4385 1218 4453 θεολογίαν
1235 4381 1337 4452 ταύτην
1353 4388 1486 4459 λέγομεν,

212 4459 288 4521 ὅπως
304 4466 430 4516 κοινωνοὶ
447 4462 491 4529 τῆς
508 4460 650 4537 ύμνωδίας
664 4469 721 4526 τοῖς
736 4459 808 4539 ὑπὲρ
824 4469 953 4539 κοσμίοις
970 4461 1119 4541 γενοίμεθα
1136 4474 1286 4541 στρατιαῖς.
