3044 4912
698 181 770 257 ttt

107 379 251 434 eternum
274 369 517 451 praestandam.“
562 371 600 431 bt
619 387 691 431 vero
712 386 837 447 magnus
861 367 913 431 itte
934 366 1119 449 liturgiarum
1141 388 1311 457 consensus
1326 383 1375 435 ut·

109 491 154 535 ue
194 482 360 535 concentus
394 469 575 533 arctioribus
604 469 800 533 ecclesiarum
828 470 1017 537 orientalium
1046 472 1157 535 finibus
1186 473 1374 536 continetur:

108 573 175 634 deo
198 573 277 634 baud
301 572 429 651 grauior,
452 571 570 651 opinor,
604 582 651 633 est
673 572 752 634 iuter
773 569 928 633 orientalia
953 573 1052 635 officia
1076 592 1110 636 ac
1133 576 1224 638 tatina
1248 574 1375 639 dirersi-

107 693 153 746 as,
178 693 270 755 quum
292 692 368 754 quoe
392 674 421 735 io
445 674 503 733 boc
525 681 629 733 nostro
652 674 751 753 capite
772 673 948 753 perstringit
966 674 1071 736 aciem.
1099 676 1374 749 Crederem-dieo,

107 794 189 857 [uam
215 794 292 856 quae
302 775 494 837 Crassorum
511 774 769 836 itomauiaantiom
784 775 804 850 ¹)
827 774 873 837 rel
888 775 1089 838 Rornanorum
1106 777 1141 839 ad
1159 796 1284 857 graecos
1300 778 1375 841 ritus

107 878 334 957 impensiorum
369 875 551 949 (Catharini,
578 874 670 936 Bruui
694 895 720 937 e.
738 881 779 952 a.)
808 875 1064 956 disputationibus
1093 878 1248 941 obscururi
1277 877 1377 960 possit

107 980 145 1043 'ei
173 977 378 1040 exterminari.
421 976 494 1038 Nam
523 976 577 1038 toti
607 977 753 1039 ecclesiae
775 978 955 1041 occidentali
980 988 1039 1040 tam
1062 989 1176 1042 certum
1200 994 1256 1053 est,
1287 996 1378 1061 quam

107 1081 181 1162 prod
205 1080 416 1150 certissimum,
439 1079 487 1140 bis
515 1077 654 1140 uocibus:
688 1072 786 1142 τοῦτό
808 1074 881 1142 ἐστι
900 1075 940 1142 τὸ
962 1073 1059 1160 σῶμά
1079 1101 1155 1162 μου,
1183 1074 1283 1145 τοῦτό
1304 1076 1378 1146 ἐστι

106 1177 139 1247 τὸ
169 1169 256 1261 αἷμά
281 1201 347 1261 μου
374 1180 455 1242 effici
485 1180 746 1242 consecrationem
768 1199 824 1242 nec
846 1181 974 1261 amptius
998 1182 1069 1262 quid
1092 1183 1270 1246 desiderari.
1312 1182 1378 1245 linc

106 1282 230 1346 brionis
254 1282 379 1362 prolata,
402 1281 535 1343 Romana
557 1280 633 1344 tides
654 1281 753 1363 ipsum
770 1281 921 1344 Christum
937 1283 1105 1356 Dominum,
1128 1284 1184 1346 sub
1206 1285 1309 1365 speeie
1323 1301 1378 1365 pa·

106 1384 151 1448 ris
180 1383 293 1446 etvini
314 1382 442 1446 relatum
466 1383 497 1443 in
521 1400 570 1444 ara
594 1382 745 1462 conspicit
767 1392 798 1445 et
818 1383 894 1446 nibil
917 1384 997 1446 atiud
1022 1395 1105 1448 curat
1128 1384 1377 1450 caerimoniarum

106 1486 344 1566 gravissimarum
359 1493 390 1546 et
404 1483 767 1562 magnificentissimorum
788 1485 947 1547 multitudo
957 1518 1000 1533 -
1014 1486 1193 1561 incensatio,
1217 1504 1378 1567 campana·

106 1607 173 1650 rum
196 1587 310 1667 pulsus,
333 1584 460 1648 elevatio
483 1585 661 1647 sacramenti
683 1586 876 1659 (Graecorum
887 1579 967 1670 ἁγία
977 1581 1131 1673 ὕφανσις),
1154 1588 1321 1669 genuflexio
1336 1619 1379 1635 -

106 1690 159 1752 uisi
184 1700 216 1750 ut
238 1688 378 1750 omnibus
401 1688 609 1749 manifestetur
630 1687 854 1749 sanctissimum
877 1690 1085 1754 sanctissimae
1107 1692 1218 1753 missae
1241 1690 1332 1753 decus
1347 1696 1380 1751 et

106 1810 189 1872 sper.
233 1790 317 1870 Apud
347 1789 478 1851 Graecos
507 1807 591 1849 sacra
621 1788 802 1850 caerimonia
832 1801 958 1870 propter
985 1791 1135 1853 cancellos
1165 1791 1378 1871 superpositos

105 1905 133 1953 rt
161 1909 264 1953 sacras
296 1894 376 1952 iores
406 1890 560 1952 obseratas
588 1889 691 1969 populi
715 1890 811 1952 ocutis
834 1910 893 1952 non
917 1901 1014 1971 patet:
1043 1911 1100 1955 uec
1122 1893 1255 1954 elevatur
1275 1909 1378 1953 sacra·

105 2003 237 2056 mentum
266 2011 365 2072 neque
393 1991 472 2053 uliud
502 1991 572 2071 quiid
601 1993 763 2070 peragitur.
792 1992 871 2071 quod
894 1993 1046 2071 Litnrgiaa
1069 2011 1215 2055 summam
1238 2003 1269 2053 et
1289 2000 1379 2071 caput

105 2094 239 2156 indicare
267 2093 375 2174 possit.
429 2093 598 2161 Enimvero,
638 2093 663 2155 si
694 2094 814 2154 modum
843 2094 974 2155 excessit
1001 2094 1146 2157 Ricardns
1174 2094 1294 2164 Simon,
1325 2092 1380 2172 qui,

105 2195 237 2258 Graecos
266 2195 352 2256 rerba
383 2194 493 2257 Cbristi
521 2195 557 2254 ad
589 2194 848 2256 consecrationem
878 2196 955 2257 baud
978 2197 1148 2258 necessaria
1172 2196 1282 2259 babere
1305 2211 1377 2255 con-

105 2296 242 2366 tenderit
264 2295 340 2356 baec
356 2293 463 2356 inricta
487 2295 635 2356 sententia
651 2304 708 2366 est,
731 2295 863 2358 Graecos
878 2298 1136 2360 consecrationem
1151 2297 1250 2358 uerbis
1266 2294 1377 2359 Christi

105 2398 297 2476 incipere,
327 2396 521 2475 perticere
550 2395 646 2458 sancti
670 2396 801 2476 Spiritus
824 2397 1013 2461 invocatione
1035 2410 1177 2479 precante
1200 2397 1378 2460 sacerdote:

105 2491 282 2584 ποίησον
308 2493 366 2560 τὸν
391 2493 453 2576 μὲν
480 2485 581 2576 ἷίρτσν
601 2499 720 2560 τοῦτον
740 2491 850 2578 τίμιον
871 2501 967 2579 σῶμα
988 2501 1048 2564 τοῦ
1069 2502 1218 2583 Χριστοῦ
1240 2515 1319 2561 σου·
1348 2507 1379 2559 et

105 2593 494 2682 ροτῑοοιμεταβαλών
520 2601 568 2682 τῷ
596 2593 760 2679 πνεύματι
783 2592 876 2684 ἁγίῳ.
914 2602 959 2663 Ci.
982 2621 1011 2683 p.
1027 2605 1079 2666 69.
1123 2602 1200 2664 Nic.
1226 2600 1378 2678 Buigari

105 2701 125 2763 Ι.
138 2720 167 2764 c.
190 2721 221 2780 p.
239 2705 299 2764 154
315 2720 378 2781 sq.:
407 2696 476 2763 Διὰ
503 2696 564 2784 τὴν
584 2694 800 2785 λπιφοίτησιν
820 2705 881 2765 τσῦ
903 2697 1087 2786 Παναγίοο,
1114 2698 1172 2768 καὶ
1192 2699 1379 2782 τελεταρχι·

104 2804 164 2866 κοῦ
185 2795 391 2882 disciputus,
413 2795 530 2882 ἔχομεν
551 2793 622 2864 ἀπὸ
643 2797 700 2865 τὸν
719 2795 937 2886 Ἀμφιλόχισν
958 2800 998 2867 τὰ
1019 2801 1058 2868 τὸ
1081 2797 1222 2885 ἔβλεπεν
1243 2796 1380 2888 ὀφθαλν

104 2905 275 2988 μσφανῶς,
304 2897 384 2965 ὅταν
412 2895 603 2984 ἐλειτούργα
631 2896 649 2966 ὁ
676 2899 780 2986 μέγας
800 2900 989 2981 Βασίλοισς,
1021 2907 1223 2985 καταβαῖνον
1251 2901 1311 2969 ἐπὶ
1337 2899 1383 2968 τὰ

104 3005 219 3086 Δῶρα.
240 2999 312 3067 Καὶ
331 3000 417 3067 κατὰ
436 3000 495 3066 τὸν
516 3002 702 3088 πολυμαθῆ
721 2999 863 3084 Μόσχον
883 3009 971 3091 Κεφ.
987 2999 1045 3087 ρκ’.
1067 2998 1086 3070 ὁ
1108 3001 1274 3089 θεοσεβὴς
1294 3000 1382 3069 ἐκεῖ·

104 3125 164 3181 νος
182 3097 386 3179 Ἐπίσκοπος
412 3099 575 3179 δλδωντας
595 3101 700 3182 τέλος,
728 3102 784 3169 καὶ
803 3102 865 3187 μὲν
887 3102 1179 3183 ἐξακολουθοῦντας
1199 3101 1259 3191 τὴν
1276 3097 1382 3189 Ἱερὰν

104 3200 341 3288 Λειτουργλον.
364 3201 555 3289 ἐρωτηθεὶς,
577 3199 668 3288 cieri
693 3200 802 3286 αἰτίας
825 3201 879 3271 ὅτι
900 3199 960 3272 οὐκ
976 3197 1066 3272 εἶδον
1082 3200 1274 3293 (ἀπεκρίθη)
1296 3202 1381 3271 κατὰ

104 3305 144 3372 τὸ
173 3300 317 3392 σύνηθες
347 3303 407 3389 τὴν
439 3300 537 3389 ἱγίαν
570 3311 629 3370 τοῦ
655 3301 767 3391 ‘Ayr'oo
794 3302 992 3390 Πνεύματσς
1025 3303 1251 3396 ἐπιφοίτησιν.
1287 3298 1381 3387 ’Έτζι

104 3412 194 3494 Κοφ.
216 3403 274 3486 κζ.
304 3399 425 3482 ’Ἄλλος
452 3403 728 3494 πνενματσφόρος
747 3406 867 3495 Πατὴρ
895 3404 984 3496 κάθη
1008 3408 1126 3497 φορὰν,
1149 3403 1238 3475 ὀποῦ
1260 3403 1382 3492 irrede-

195 3599 218 3657 1)
243 3598 272 3648 Ut
290 3598 373 3647 Graeci
399 3598 422 3645 in
447 3596 549 3646 concilio
569 3596 708 3646 florentino
729 3595 808 3647 1439:
835 3597 931 3657 ‚‚Fateri
956 3612 1000 3648 nos
1025 3597 1137 3656 diximus,
1161 3611 1205 3660 per
1223 3597 1283 3646 brec
1301 3605 1380 3646 trans·

106 3682 263 3734 substautisri
287 3695 383 3730 sacrum
408 3694 504 3744 penem,
529 3689 552 3730 et
576 3682 626 3730 [ieri
652 3695 741 3746 corpus
760 3681 856 3731 Christi.
892 3681 940 3731 Sed
958 3690 1052 3745 postea.
1071 3680 1273 3744 quemadmodum
1293 3688 1316 3728 et
1334 3680 1380 3743 ipsi

107 3767 201 3817 dicitis:
227 3764 285 3814 iube
310 3765 369 3813 baec
393 3765 495 3828 perferri
520 3779 564 3829 per
583 3781 667 3814 manos
685 3765 762 3816 suncti
780 3765 858 3835 angoti
877 3767 909 3815 tui
924 3765 947 3815 in
966 3764 1069 3815 sobiime
1087 3766 1162 3815 attare
1181 3774 1261 3814 tuum:
1285 3764 1317 3813 its
1336 3779 1381 3814 uos

107 3864 205 3917 qnoque
223 3864 321 3899 oramus
340 3849 455 3908 dicentes,
474 3856 499 3898 ut
510 3850 614 3914 Spiritus
633 3859 730 3900 sanctus
748 3849 879 3900 descendat
896 3864 970 3913 super
987 3863 1040 3908 nus,
1059 3857 1083 3899 et
1100 3849 1189 3898 eructat
1206 3849 1229 3898 in
1248 3847 1318 3897 nobis
1336 3863 1382 3911 pa·

105 3948 163 3987 uem
182 3936 246 3985 bunc
263 3935 398 3998 pretiosum
417 3948 506 3997 corpus
525 3934 613 3985 Christi
634 3935 682 3996 tui;
701 3943 725 3984 et
742 3934 806 3998 quod
824 3935 847 3984 in
867 3933 941 3984 calice
959 3934 1005 3982 isto
1024 3943 1069 3993 est,
1088 3933 1220 3998 pretiosum
1239 3932 1384 3994 sauguinem

106 4019 198 4072 Christi
216 4019 259 4078 tui,
276 4026 467 4080 transmutetqoo
485 4019 537 4081 ipsa
556 4019 646 4083 Spiritu
664 4028 747 4070 sancto
766 4032 820 4077 soc,
844 4026 869 4068 ut
888 4019 945 4068 dant
962 4018 1195 4068 communicantibus
1214 4017 1237 4067 in
1255 4017 1383 4081 purgatio·

105 4117 164 4154 uena
188 4103 291 4161 animae,
318 4103 340 4151 iu
366 4103 533 4152 remissionem
554 4113 716 4167 peccatorum,
741 4112 765 4153 et
782 4117 830 4152 uon
849 4104 907 4154 daut
925 4104 947 4152 in
967 4103 1080 4155 iodicium
1099 4111 1139 4153 aut
1156 4101 1382 4152 condemnetioneur

104 4189 245 4239 ποταναὶ*
282 4185 423 4236 bitere:
448 4187 552 4251 Spiritus
576 4196 673 4240 sanctus
700 4202 747 4237 non
767 4188 897 4250 invocatur,
922 4197 947 4238 ut
965 4186 1067 4237 illabens
1085 4187 1173 4237 eissciat
1190 4201 1233 4236 seu
1252 4193 1384 4236 commutet

104 4286 195 4338 panem
215 4273 239 4321 in
258 4285 347 4334 corpus
365 4279 389 4320 et
406 4272 484 4320 riuum
504 4272 527 4320 in
546 4273 687 4334 sanguinem
706 4271 837 4321 salvatoris
856 4273 946 4334 nostri;
971 4272 1014 4321 scd
1033 4278 1059 4321 ut
1076 4272 1118 4322 iiis
1136 4286 1224 4336 corpus
1243 4278 1266 4321 ct
1283 4271 1381 4333 sangui·

103 4370 163 4408 nem
182 4370 238 4406 essa
255 4357 332 4419 ipsius
349 4354 445 4405 Domini
464 4357 539 4406 nostri
557 4357 676 4416 ostendet,
700 4365 724 4407 et
747 4356 826 4416 iaciat,
852 4364 877 4406 ut
895 4356 942 4405 siut
960 4356 1149 4421 percipientibus
1168 4371 1195 4406 ea
1214 4357 1237 4406 iu
1256 4352 1385 4406 remissio·

103 4455 163 4491 uem
181 4449 335 4505 peccatorum
355 4448 378 4490 ct
395 4441 464 4489 ritem
484 4448 614 4490 aeternam.
