3044 4912
719 236 796 311 tao

121 419 323 497 ἐπίσκοπον
340 415 394 494 d
421 426 629 519 συντηρεῖν,
657 415 890 547 συντήρησον
913 416 1004 514 ἡμῖν
1030 415 1167 502 αὐτούς
1192 420 1289 495 ἔτεσι
1313 428 1403 495 ποί.-

123 530 200 608 tote
239 527 448 652 εἰρηνικῶς,
488 525 725 605 ἐκτελοῦντες
756 520 824 617 τὴν
858 519 930 595 ὑπὸ
960 528 1029 595 σοῦ
1061 523 1403 647 ἐμπεπιστευμίνην

123 623 238 729 ἁγίαν
272 621 562 724 ἀρχιερωσύνην,
595 622 691 698 κατὰ
723 622 766 697 τὸ
800 621 908 725 ἅγιον
932 651 995 697 και
984 619 1209 746 μακάριόν
1235 649 1306 701 σου
1331 628 1400 701 θέ-

124 735 243 824 λημα,
277 727 583 853 όρθοτομοῦντας
613 724 681 802 τόν
713 721 824 849 λόγον
857 732 922 821 τῆς
952 721 1144 820 ἀληθείας,
1179 726 1252 802 σὺν
1283 735 1400 805 πᾶσιν

125 825 376 956 όρθοδόξοιςέ
377 824 579 917 πισκόποις,
605 825 877 924 πρεσβυτέροις,
896 823 1084 910 διακόνοις
1102 824 1397 924 [ὑποδιακόνοις]

123 926 400 1058 ἇναγνοίσταρς,
421 926 605 1057 ψοίλταις
603 958 642 1003 τε
667 928 731 1005 καί
757 934 906 1017 λαϊκοῖς,
936 928 1009 1006 σὺν
1032 928 1146 1003 παντὶ
1171 937 1238 1057 τῷ
1252 928 1398 1029 πληριό-

122 1061 215 1130 ματι
246 1036 310 1130 τῆς
335 1030 443 1160 ἁγίας
467 1031 530 1106 καὶ
555 1027 672 1128 μόνης
696 1034 898 1126 καθολικῆς
922 1029 1124 1127 ἐκκλησίας,
1160 1027 1311 1161 εἰρήνην
1337 1030 1398 1107 καί

122 1131 267 1264 ὑγιείαν
292 1133 355 1208 καὶ
380 1133 568 1232 σωτηριαν
593 1133 719 1216 αὐτοῖς
740 1129 1015 1259 χαριζόμενος.
1025 1131 1100 1215 Τὰς
1125 1130 1229 1208 δὲ’
1191 1132 1305 1228 ευχδις
1331 1133 1398 1209 66-

123 1245 213 1326 τῶν,
241 1235 286 1320 ἃς
311 1243 481 1311 ποιοῦσιν
506 1234 598 1333 ὑπὲρ
623 1234 745 1332 ἡμῶν,
777 1234 840 1309 καὶ
865 1233 969 1330 ἡμεῖς
993 1232 1085 1332 ὑπερ
1113 1235 1254 1363 ριύτῶν,
1270 1231 1398 1362 πρός

123 1336 239 1427 δεξαι,
265 1334 381 1434 κύριε,
406 1337 518 1422 είς
481 1367 523 1412 το
550 1337 675 1465 οίγιον,
707 1364 770 1410 και
794 1335 1030 1435 ἐπουράνιον,
1065 1335 1128 1413 καὶ
1153 1332 1305 1439 λογικόν
1330 1363 1398 1413 σου

123 1436 407 1565 θυσιαστήριον
461 1436 598 1515 Πάντα
634 1437 675 1514 δε
707 1437 850 1537 εχθρὸν
881 1447 946 1536 τῆς
979 1437 1088 1540 ἁγίας
1113 1463 1182 1513 σου
1208 1437 1398 1535 ἐκκλησίας

122 1535 390 1625 καθυπόταξον
421 1538 494 1616 ὑπὸ
526 1540 614 1625 τοὺς
645 1537 765 1625 πόδας
798 1541 926 1616 αὐτῶν
957 1543 999 1617 εν
1030 1549 1147 1637 τάχει,
1176 1537 1306 1665 χοίριτι
1336 1539 1398 1616 καὶ

124 1647 326 1780 οίκτιρμοῖς
354 1642 419 1718 καὶ
452 1641 722 1773 φιλανθρωπίη
752 1651 821 1717 τοῦ
844 1650 1072 1770 μονογενοῦς
1097 1668 1166 1718 σου
1191 1642 1290 1717 υἱοῦ.
1328 1651 1399 1726 '132-

122 1755 254 1847 φώνως.
301 1743 352 1817 δι’
383 1737 440 1834 οὗ,
466 1773 529 1819 και
517 1743 644 1843 μεθ’
676 1738 722 1819 οὗ
753 1742 812 1818 σοὶ
844 1774 866 1840 η
852 1742 985 1830 ’δόξα
1010 1773 1074 1820 και
1061 1744 1140 1819 τό
1166 1741 1302 1840 κρότος
1327 1743 1397 1819 σὺν

123 1853 178 1972 ηῴ
203 1844 388 1974 παναγίῳ,
414 1875 478 1920 και
466 1845 647 1948 ἀγαθῷ,
672 1875 736 1922 και
723 1844 921 1944 ζωοποιῷ
940 1871 1009 1922 σου
1024 1843 1219 1943 πνεύματι,
1246 1854 1321 1922 νῦν
1336 1874 1397 1920 και

122 1945 180 2020 ἀεὶ
205 1977 268 2022 και
293 1953 343 2031 εις
367 1947 454 2032 τοὺς
478 1953 617 2032 αἰῶνας
641 1956 720 2023 τῶν
745 1945 906 2023 azolum.

680 2077 719 2147 ‘0
747 2076 839 2162 λαός.

194 2163 322 2264 Ἀμήν.

671 2263 709 2339 Ὁ
731 2262 847 2354 ίερεός.

199 2355 259 2428 IV.
296 2350 435 2451 Είρήνη
461 2362 586 2428 πᾶσιν.

680 2449 718 2519 Ὁ
746 2450 837 2533 λαός.

200 2554 274 2628 Καὶ
304 2563 358 2651 τῷ
391 2551 575 2650 πνεύματί
608 2580 688 2629 σου.

643 2684 680 2753 Ὁ
703 2686 866 2767 διάκονος.
917 2712 920 2716 ·

193 2786 273 2861 Ἐπὶ
298 2788 501 2888 προςευχὴν
527 2787 702 2887 στάθητε.

678 2920 716 2990 Ὁ
745 2920 835 3004 λαός.

197 3010 311 3109 Κύριε
335 3008 492 3106 ἐλέησον.
540 3022 620 3114 τρίς,

121 3225 191 3296 ὑπὲρ
209 3227 313 3288 παντὸς
329 3230 378 3281 τοῦ
392 3229 463 3281 λαοῦ
480 3244 531 3282 σου
548 3229 595 3280 καὶ
612 3225 691 3298 ripaeis
706 3224 777 3299 ὑπὲρ
795 3226 886 3283 αὐτῶν
903 3247 934 3281 π.
952 3228 1000 3281 ἐπὶ
1016 3226 1046 3283 τὸ
1064 3221 1197 3295 οὐράνιον
1214 3228 1261 3278 καὶ
1279 3224 1395 3295 εὐλογη-

121 3317 210 3385 pem
231 3331 282 3366 σου
305 3318 333 3366 6.
357 3314 396 3372 είς
417 3309 508 3382 ὀσμὴν
529 3312 654 3371 εὐωδίας.
690 3308 787 3365 Πάντα
810 3314 865 3385 μὲν
890 3311 993 3384 ἐχθρὸν
1016 3308 1101 3366 αὺτοῦ
1123 3309 1224 3383 ὁρατὸν
1241 3310 1257 3377 ἢ
1275 3305 1395 3380 ἀόρατον

122 3394 277 3469 σόντριψον
299 3399 345 3450 καὶ
368 3402 434 3449 καθ.
452 3426 485 3438 ·-
502 3391 591 3465 τάχει·
615 3394 709 3450 Αὑτὸν
732 3398 763 3451 δὲ
787 3397 819 3450 ἐν
843 3400 874 3471 τῇ
891 3394 958 3467 ἁγίᾳ
975 3414 1026 3451 σου
1044 3397 1172 3464 ἐκκλησίᾳ
1190 3397 1221 3449 ἐν
1238 3392 1333 3467 εἰρήνη
1350 3396 1395 3447 καί

122 3477 282 3555 δικαιοσύνη
296 3480 478 3551 διαφόίαξον.

207 3572 265 3637 Cap.
281 3572 320 3623 JV.
356 3571 569 3621 ilenaldotiua
587 3571 655 3621 Tom.
667 3572 684 3623 1.
703 3587 727 3636 ρ.
738 3570 803 3621 33⁵:
828 3572 864 3621 lbi
888 3571 978 3637 aliquid
998 3571 1082 3620 deesse
1101 3570 1188 3619 notarit
1206 3570 1300 3634 primus
1319 3570 1396 3619 editor

123 3664 147 3707 ει
169 3658 288 3722 interpres
307 3658 411 3706 loannes
435 3671 447 3704 a
467 3664 549 3705 sancto
568 3656 671 3706 Andrea.
706 3657 754 3706 Sed
772 3658 876 3706 sortasse
895 3656 981 3706 desunt
999 3656 1069 3718 plura
1087 3670 1158 3720 quam
1178 3657 1229 3718 ipsc
1248 3656 1395 3706 existimarit.

125 3735 218 3797 Οὕτως
233 3738 281 3789 καὶ
299 3737 347 3806 ἐφ’
368 3733 440 3808 ἡμᾶς
452 3734 514 3795 τούς
531 3730 741 3806 περιεστηκότας
759 3732 874 3795 δούλους
896 3752 947 3788 σου
965 3736 997 3789 ἐν
1015 3737 1045 3807 τῇ
1061 3730 1158 3802 εὶςόδῳ
1176 3738 1222 3802 τῆς
1238 3736 1397 3807 ἱερουργίας

121 3816 168 3880 τὰς
185 3825 241 3881 τοῖς
258 3818 427 3887 ἐπισκόποις,
453 3826 482 3874 ad
501 3825 561 3875 baec
578 3826 648 3874 verba
666 3826 800 3874 annotavit:
828 3825 901 3875 Decet
918 3825 1008 3889 aliquid
1027 3826 1050 3874 in
1070 3833 1179 3876 contextu
1199 3826 1300 3885 Graeco,
1326 3824 1397 3888 quala

122 3916 158 3957 est
181 3901 328 3975 πρόςδεξαι
352 3898 457 3970 δεήσεις
479 3910 576 3974 suscipe
600 3911 722 3959 orationes
740 3911 924 3974 Episcoporum,
949 3918 995 3960 etc.
1013 3918 1053 3960 aut
1071 3914 1150 3974 potius
1168 3904 1322 3971 ἐπιβλέψας
1340 3904 1397 3956 δε)-

121 3985 258 4056 ροόμενος
274 3985 306 4040 τό
323 3987 463 4057 ἀναγκαῖα
480 3994 544 4056 τοῖς,
563 4002 608 4045 etc.
642 3994 705 4044 Nihil
725 3995 812 4055 minna,
829 4002 855 4043 ut
871 3994 971 4045 ridetur·
1007 3995 1088 4044 Oratio
1107 4004 1144 4045 est
1160 3993 1336 4049 Absolutionis.
1354 4008 1396 4055 ge-

121 4077 211 4127 neralis
228 4077 321 4127 scilicet
337 4078 412 4138 illine,
431 4093 491 4143 qnae
509 4080 556 4128 ritu
566 4078 724 4128 Alexandrino
743 4081 805 4129 inter
823 4080 914 4143 primns
931 4081 1125 4145 praeparatoriae
1144 4080 1206 4128 solet
1224 4080 1330 4140 recitari,
1349 4093 1398 4128 non

122 4163 195 4212 modo
213 4177 287 4226 super
304 4164 495 4223 circumstantes,
518 4163 561 4213 sed
579 4178 654 4226 super
671 4165 826 4214 Sacerdotem
844 4164 1014 4224 celebrantem,
1039 4166 1068 4215 ab
1087 4180 1115 4215 eo
1134 4166 1174 4229 qui
1191 4164 1288 4227 dignior
1305 4172 1352 4225 est,
1376 4163 1398 4213 si

122 4248 175 4311 qnia
193 4248 313 4310 Liturgiae
337 4247 440 4297 intersit.
476 4249 568 4297 Senaus
592 4249 662 4310 igitur
680 4248 796 4312 abruptus
815 4258 861 4311 est,
885 4250 930 4298 nisi
950 4249 1064 4313 periodon
1082 4250 1162 4314 aliqua
1180 4258 1334 4313 supponatur
1353 4249 1398 4299 de-

121 4343 184 4392 aare,
212 4346 272 4396 quac
296 4331 325 4382 ad
343 4332 519 4382 absolutionem
539 4332 604 4382 illam
623 4335 749 4397 pertineat.
787 4333 894 4399 Cumque
912 4335 935 4384 in
955 4335 1060 4396 liturgia
1078 4333 1159 4383 basilii
1177 4342 1294 4398 sequatur
1313 4335 1397 4384 Oratio

121 4411 207 4475 nuato,
232 4419 299 4467 cuiue
323 4417 412 4465 mentio
436 4424 473 4466 eat
490 4418 514 4467 in
531 4419 608 4471 verbis
627 4419 675 4467 illie
693 4433 754 4482 quaa
772 4419 883 4469 lacunam
900 4421 1008 4484 proxime
1027 4427 1167 4483 sequuntur,
1192 4419 1254 4468 duae
1273 4420 1399 4470 orationes

121 4496 147 4549 ia
164 4511 238 4555 nnana
253 4500 373 4565 ridentur,
390 4509 432 4553 aut
448 4500 603 4555 librariorum
620 4502 776 4568 negligentia,
793 4513 835 4557 aut
853 4505 943 4558 codicia
960 4504 1112 4557 mutilatione
1130 4503 1258 4557 coalniaac.
