3044 4912
640 324 642 329 .
722 252 796 326 284

123 444 204 506 circa
233 460 344 505 annum
375 443 437 506 900
466 439 513 502 rel
535 440 598 504 800
625 440 840 522 conscriptum.
884 438 976 501 'lacet
1004 438 1054 500 illa
1083 437 1258 500 membrana
1287 455 1378 502 noman
1433 496 1436 505 .

123 544 328 624 chrysostomi
351 542 381 603 in
404 541 500 622 prima
525 540 635 602 Missae
657 550 759 622 perte:
782 549 998 604 commemorat
1019 539 1144 602 simulac
1167 540 1297 619 attigerit
1323 559 1378 603 ana·
1433 532 1436 597 ἶ

123 646 261 728 phoram.
303 635 390 727 Εάχῇ
425 644 485 726 τῇς
511 639 739 727 προςκομιδῇς
763 643 825 706 τοῦ
852 634 947 726 ἁγίου
973 633 1125 704 Ἰωάννου
1153 634 1379 726 Χροσοστάμοι

122 741 208 828 μετὰ
227 740 268 809 τὸ
290 736 502 829 ἀπωσθῆναι
521 738 565 806 τά
587 737 666 827 άγια
687 740 780 827 δῶρα
802 739 837 807 ἐν
856 745 898 831 τῇ
916 736 1065 828 τραπέζῃ
1078 735 1136 805 καὶ
1149 739 1325 828 πληρῶσαι
1337 737 1381 806 τὸν

123 843 205 913 λαὸν
225 842 283 911 τὸν
301 840 460 929 μυστικὸν
479 839 595 927 tineos·
618 838 724 927 Kalpas
745 837 764 908 ὁ
786 840 870 922 θεὸς
890 839 910 910 ὁ
932 836 1168 926 παντοκράτωρ
1190 839 1260 906 κτλ.
1301 843 1383 905 Porro

123 949 154 1011 in
176 959 306 1012 mentem
328 947 430 1010 veniat
450 964 578 1009 necesse
600 955 647 1008 est
667 947 774 1026 ingens
796 949 934 1010 codicum
956 946 1085 1009 varietas
1108 943 1139 1006 in
1161 944 1282 1026 prima
1304 944 1384 1006 cilicii
1434 986 1436 991 -

123 1060 216 1131 parte,
244 1049 282 1112 ab
311 1048 451 1111 omnibus
479 1047 694 1130 interpretibus
716 1047 757 1110 ita
779 1048 948 1130 desperata,
976 1057 1009 1109 ut
1039 1057 1113 1127 quot
1134 1046 1325 1127 exemplaria,
1350 1054 1387 1108 tot

100 1133 243 1213 'codices
266 1168 334 1212 esse
356 1149 515 1231 conquesti
538 1149 613 1211 sint:
637 1150 690 1212 sed
715 1149 784 1212 inde
807 1150 844 1212 ab
861 1150 1014 1212 oratione:
1036 1140 1143 1230 Kalpas
1164 1139 1183 1210 ὁ
1204 1143 1290 1223 θεὸς
1310 1168 1388 1210 παν.

120 1245 289 1336 τοκράτωρ
312 1252 404 1314 multo
427 1254 525 1313 minus
548 1251 723 1331 discrepant
744 1251 799 1327 (nti
823 1249 1020 1330 inlliptychis
1043 1259 1074 1311 et
1094 1248 1247 1326 rubricis),
1270 1266 1388 1311 concor·

122 1353 195 1415 dant
215 1353 246 1414 in
270 1353 467 1431 gravioribus.
513 1352 550 1413 Ut
570 1351 653 1413 brevi
684 1352 791 1424 dicam,
815 1370 922 1430 magna
944 1349 1157 1431 probabilitate
1180 1368 1302 1412 omnem
1323 1368 1389 1412 cnu-

123 1454 284 1517 ctationem
306 1463 337 1515 et
358 1453 575 1515 dubitationem
598 1452 722 1515 discutit
743 1453 906 1514 sententia:
929 1453 1073 1515 loannem
1086 1452 1342 1531 chrysostomum,
1362 1450 1390 1511 in

26 1577 29 1581 ’
119 1555 265 1618 οιιιιίΙίοαι
287 1554 401 1615 vocatis
423 1553 543 1632 liturgia
559 1554 829 1634 hierosolymitana
846 1564 876 1617 et
889 1554 1075 1617 Antiocheae
1098 1552 1311 1633 composuisse
1325 1551 1391 1612 mis·

123 1672 186 1717 sam
215 1655 429 1735 anaphoricam
457 1664 487 1717 et
510 1674 574 1717 cam
597 1674 655 1736 qua
678 1656 816 1718 hodierni
842 1656 947 1718 Graeci
970 1663 1102 1718 utuntur.
1146 1655 1184 1716 Et
1205 1655 1283 1716 haec
1306 1652 1392 1731 Chry·

122 1756 248 1818 sostomi
271 1757 431 1837 hnaphora
453 1757 575 1819 omnino
598 1757 719 1819 brevior
741 1768 786 1819 est
809 1776 896 1838 qnam
918 1756 1080 1819 Basiliana.
1111 1755 1240 1834 Reliqua
1263 1752 1393 1835 sequiori

123 1860 240 1920 demum
263 1866 399 1939 tempore
422 1866 502 1920 certa
524 1867 555 1921 et
575 1858 752 1920 immutabili
775 1858 841 1937 lege
863 1859 999 1921 devincta
1021 1867 1101 1930 sunt,
1124 1855 1317 1919 balsamonis
1332 1855 1394 1936 opi·

123 1979 180 2023 nor
207 1968 312 2035 aetate,
342 1979 377 2022 ea
404 1960 520 2023 ratione
547 1969 581 2021 ut
600 1979 696 2040 paene
725 1969 787 2022 tota
809 1961 901 2022 hlissa
930 1959 1169 2041 proanaphorica
1196 1957 1394 2038 transscripta

122 2061 163 2124 sit
184 2081 220 2123 ex
242 2061 335 2123 missa
357 2061 471 2123 Basilii.
514 2062 577 2123 lam
599 2071 702 2144 aperta
724 2069 755 2124 et
776 2061 855 2123 clara
878 2070 957 2136 sunt,
980 2079 1057 2142 quae
1078 2060 1190 2142 spretis
1212 2058 1394 2136 argumentis

122 2163 247 2238 nostris,
269 2162 317 2224 rix
339 2162 473 2226 tenebris
496 2163 560 2225 suis
582 2171 711 2243 possunt
732 2163 856 2225 extrahi.

206 2265 287 2327 lnlra
323 2264 441 2345 positae
474 2272 545 2326 sunt
570 2264 681 2326 Missae
708 2264 811 2326 anilii
841 2273 870 2327 et
899 2263 1120 2344 chrysostomi,
1156 2280 1233 2343 quae
1262 2260 1394 2340 legitimo

121 2384 179 2429 usu
208 2365 355 2429 ecclesiae
382 2365 547 2428 hodiernae
569 2365 816 2429 commendantur
835 2373 1009 2446 comparata
1031 2364 1186 2427 tamenin
1208 2360 1395 2442 gravissimis

122 2468 271 2548 capitibus
301 2466 439 2528 codicum
466 2468 617 2529 varietate.
661 2467 721 2529 Sed
750 2467 885 2529 addenda
913 2469 971 2530 erit
992 2467 1081 2529 tertia
1102 2458 1123 2551 ἦ
1144 2467 1211 2528 τῶν
1233 2483 1397 2550 προηγια-

121 2564 250 2649 σμὲνων
265 2559 462 2649 λειτουργία,
479 2568 564 2628 cuius
579 2578 730 2630 auctorem
747 2568 861 2630 laniunt
872 2567 1008 2650 plerique
1024 2567 1200 2647 Gregorinm
1217 2566 1395 2628 Pontificem

122 2669 297 2740 Romanum,
328 2667 376 2729 cui
398 2660 566 2750 Διάλογος
594 2668 631 2729 ob
654 2669 790 2747 dialogos
814 2669 1003 2751 conscriptos
1026 2688 1192 2750 cognomen
1215 2668 1282 2729 luit.
1328 2667 1396 2729 Ete-

122 2770 184 2831 nim
208 2788 275 2831 cum
297 2768 401 2831 ieiunii
424 2780 558 2849 tempora
581 2771 710 2832 moerori
732 2771 922 2850 potissimum
943 2773 1040 2835 dicata
1056 2770 1274 2853 expiandisqne
1291 2769 1396 2831 intimo

123 2871 214 2933 animi
238 2871 342 2932 dolore
365 2871 541 2934 criminibus
564 2874 625 2934 sint
646 2872 800 2947 instituta3
833 2874 1023 2936 sacrificandi
1045 2893 1115 2936 vero
1138 2872 1240 2935 munia
1258 2871 1395 2932 lestiram

124 2971 325 3035 celebritatem
355 2981 386 3034 et
412 2971 578 3053 spiritualis
601 2974 733 3037 laetitiae
756 2975 987 3037 sollemnitatem
1010 2977 1107 3037 lerant
1128 2993 1230 3037 secum
1254 2984 1285 3035 et
1308 2973 1395 3036 indu·

122 3086 205 3136 cant:
234 3094 272 3136 nc
301 3073 441 3136 sacrificii
475 3073 613 3137 alacritas
636 3077 787 3138 moestitia
811 3077 978 3139 turbaretur
1000 3085 1050 3139 aut
1073 3076 1321 3156 quadragesimae
1344 3094 1396 3135 ne·

122 3177 272 3239 cassarius
294 3177 392 3237 luctus
414 3176 554 3239 sacrificii
577 3177 761 3239 iucunditate
783 3178 946 3253 tolleretur,
962 3178 1151 3241 Laodicenae
1173 3175 1279 3257 synodi
1293 3185 1395 3256 patres

122 3279 189 3339 can.
212 3279 253 3341 49
276 3285 457 3339 statuemnt:
489 3269 527 3340 οὐ
550 3275 602 3340 δεῖ
622 3280 662 3364 τῇ
682 3281 929 3366 τεσσαρακοστῇ
951 3271 1051 3365 άρτον
1072 3272 1275 3364 προςφὲρειν
1298 3269 1330 3339 οἶ
1349 3271 1394 3360 μὴ

122 3372 156 3442 ἐν
184 3370 342 3461 σαββάτῳ
369 3373 426 3440 καὶ
452 3382 589 3464 κυριακῇ
614 3374 716 3461 μόνον
744 3392 775 3444 et
797 3382 867 3444 Can.
889 3387 928 3445 51
959 3374 997 3445 οὗ
1021 3379 1073 3444 δεῖ
1094 3376 1128 3444 ἐν
1149 3380 1399 3464 τεσσαρακοστῇ

121 3475 294 3562 γενέθλιον
315 3474 491 3556 ἐπιτελεῖν,
514 3472 599 3543 ἀλλὰ
620 3483 685 3544 τῶν
707 3474 808 3565 ἁγίων
828 3476 1002 3567 μαρτύρων
1017 3475 1134 3564 μνείαν
1147 3483 1261 3545 ποιεῖν
1276 3476 1313 3542 ἐν
1327 3480 1399 3553 τοῖς

49 3655 52 3660 .
120 3574 304 3662 σαββάτοις
324 3576 381 3644 καὶ
393 3583 610 3665 γυριακαῖς.’)
643 3584 817 3646 lntermisso
840 3605 909 3646 vero
931 3585 1023 3647 totius
1045 3584 1251 3646 hebdomadae
1266 3583 1398 3644 decursu

122 3682 223 3745 divino
252 3683 442 3745 sacrificandi
471 3703 594 3746 munere
623 3704 661 3746 ne
690 3686 757 3762 iuge
785 3686 965 3749 sacrificium
995 3707 1010 3748 e
1040 3686 1141 3749 medio
1170 3686 1322 3748 sublatum
1346 3693 1398 3745 aut

122 3783 263 3846 coelestis
286 3784 370 3845 cibus
394 3784 540 3847 lamelicis
565 3786 673 3848 animis
697 3796 820 3867 negatus
842 3789 994 3852 videretur
1016 3808 1032 3851 a
1055 3787 1277 3869 dictaeSynodi
1301 3785 1397 3868 patri·

121 3881 177 3945 bus
205 3885 251 3946 vel
281 3885 319 3947 ab
340 3885 407 3946 aliis
431 3886 564 3948 Orientis
585 3888 746 3969 Episcopis
770 3891 938 3952 consultum
961 3901 1016 3965 est,
1046 3900 1078 3953 ut
1100 3889 1155 3954 sub
1178 3890 1344 3970 vesperam
1366 3897 1398 3950 et

122 3983 152 4045 in
175 3985 242 4065 ipso
265 3988 501 4066 vespertinarum
524 4009 647 4069 precum
670 3991 781 4063 allicio,
810 4011 868 4072 qno
892 3992 1037 4054 ieiunium
1059 3992 1176 4056 solvere
1199 3991 1279 4064 licet,
1309 3991 1397 4053 litur-

120 4084 186 4163 giae
219 4086 410 4149 simulacrum
438 4088 483 4150 rel
512 4091 576 4153 eius
604 4092 709 4154 saltern
731 4094 893 4173 spectanda
917 4113 987 4175 pars
1010 4093 1201 4158 exhiberetur
1222 4105 1253 4154 et
1274 4093 1397 4155 divinus

120 4188 207 4266 panis
230 4188 261 4249 in
284 4190 412 4251 ecclesia
435 4203 668 4271 proponeretur:
696 4203 724 4255 et
748 4196 879 4258 ollicinm
902 4196 985 4270 illud,
1009 4217 1068 4278 quo
1091 4197 1151 4259 iam
1173 4206 1262 4259 antea
1284 4214 1397 4258 conse·

123 4338 431 4354 *⁶*—

207 4425 230 4482 l)
257 4427 348 4476 Similia
374 4428 485 4479 observat
502 4432 561 4481 ritas
579 4433 759 4482 Ambrosianus.
794 4433 937 4486 Sanctorum
956 4437 1016 4486 testa
1034 4437 1096 4485 intra
1115 4435 1332 4498 Quadrcyesimam
1352 4449 1400 4486 oc·

120 4509 239 4558 currentia
258 4513 434 4575 praetermittit,
452 4516 556 4581 itemque
575 4518 663 4568 missae
681 4519 825 4570 sacrillcinm
845 4522 957 4571 omnibus
975 4521 1041 4572 ieriis
1058 4522 1140 4573 sextis.
