3044 4912
728 283 803 359 424
851 314 854 319 ·

132 468 265 647 δεήτὴν
299 465 476 570 γενέσθαι
507 464 577 562 τήν
609 465 799 543 θυσίαν”
777 475 900 563 ημῶν,
932 495 996 541 και
983 461 1384 564 εὖπρόςδεκιονένιί

130 600 172 649 τιι
195 599 219 647 ν
245 594 325 646 σου.

216 684 405 772 Εδχομένσυ
431 688 492 752 τοῦ
521 681 646 771 ίερέως,
675 679 694 753 6
722 679 878 764 διάκονος
902 684 993 772 λέγει
1018 683 1061 752 τὰ
1083 681 1234 774 εἰρηνικὰ
1253 679 1286 752 εί
1305 678 1384 761 ίστα,

132 785 196 870 ἔξω
217 792 278 857 τοῦ
300 783 407 917 ἁγίου,
416 781 576 873 βήματος.

204 890 283 965 ’Ἐτι
307 888 370 964 καὶ
395 890 458 963 ἔτι.
1429 889 1435 951 ἱ

208 992 440 1088 Ἆντιλαβσῦ.

218 1100 289 1189 Ἰῆς
313 1090 499 1195 παναγίας
525 1086 725 1219 ἀχροίντου.

213 1206 438 1290 Ὁδιιίκονσς
488 1192 628 1292 Σοφία·

589 1337 801 1432 Ἐκφῶνως(
783 1367 802 1410 ο
826 1338 941 1429 ίερείς.

195 1447 279 1524 Ὅτι
311 1445 437 1544 πρέπει
469 1470 528 1520 σοι
559 1453 663 1521 πᾶσα
695 1443 806 1535 δόξα,
846 1444 932 1541 τιμὴ
965 1442 1028 1519 καὶ
1061 1439 1317 1539 τιροςκύνησις,
1347 1447 1389 1537 τῷ

129 1548 255 1646 πατρὶ,
281 1547 423 1643 καὶτῷ
448 1548 534 1644 οἰῶ,
559 1545 701 1644 καὶτῷ
728 1547 823 1649 ἁγίῳ
849 1542 1044 1642 πνεύματι,
1071 1554 1144 1623 νῦν
1162 1544 1229 1621 καὶ
1246 1545 1318 1632 ἀεὶ,
1339 1541 1390 1617 καί

129 1656 180 1734 εἰς
204 1648 292 1732 τοὺς
318 1653 458 1732 αἰῶνας
481 1655 560 1722 τῶν
586 1645 748 1724 αλαίνισν.

213 1761 385 1851 Ὁκορόι
426 1746 554 1846 Ἀμήν·

294 1895 381 1987 Εδχή
404 1903 533 1966 πιστῶν
555 1891 747 1988 δευτέρα,“
725 1927 765 1989 ην
786 1896 805 1967 6
828 1897 934 1988 ἱερεὺς
954 1897 1044 1987 λέγει
1062 1903 1241 1984 μυστικῶς.

208 2001 251 2077 0
280 2000 438 2085 Θεὸς
420 2029 441 2075 ο
474 2001 925 2100 έπισκεψοίμενοςέν
949 2003 1083 2093 ἐλέει,
1116 2000 1194 2076 καί
1216 2005 1393 2126 οἰκτιρ-

127 2108 233 2200 ιισῖς
264 2102 346 2200 τήν
378 2103 666 2181 ταπείνωσιν
698 2104 847 2201 ἡμῶν,
881 2105 900 2179 6
936 2101 1109 2201 στήσας
1142 2103 1263 2200 ἡμᾶς
1295 2099 1393 2182 τοὺς

127 2203 381 2289 ταπεινοὺς
412 2204 489 2279 καὶ
514 2205 822 2306 ἁμαρτωλοὺς
846 2206 925 2280 καὶ
952 2205 1176 2292 ἀναξίους
1202 2199 1394 2283 δούλους

130 2330 215 2382 σου
240 2303 534 2381 κατενώπιον
565 2315 644 2404 τῆς
670 2307 807 2435 ἁγίας
832 2305 969 2405 δόξης
994 2333 1077 2383 σου
1103 2309 1394 2434 λειτουργεῖν

126 2417 188 2506 τῷ
215 2404 333 2510 ἁγίῳ
354 2428 444 2483 σου
470 2408 823 2536 θυσιαστηρίῳ,
851 2409 899 2486 66
923 2407 1168 2506 ἑνίσχυσονς
1146 2416 1248 2502 ημᾶς
1268 2437 1321 2532 τῃ
1298 2405 1394 2480 ’δυ-

125 2508 191 2633 νιίρ
192 2538 236 2582 ιει
269 2517 336 2582 τοῦ
370 2508 484 2635 ἁγίου
512 2535 581 2584 σου
614 2509 824 2605 πνεύματος
856 2517 907 2595 είς
930 2511 999 2639 τήγ
1024 2510 1222 2587 διακονίαν
1247 2504 1394 2603 ταύτην,

126 2611 189 2686 καὶ
223 2609 340 2692 δὸς
319 2616 411 2704 ημῖν
437 2608 602 2739 λόγον’
587 2641 628 2685 εν
662 2613 798 2698 ἀνοίξει
823 2621 891 2689 τοῦ
918 2611 1101 2708 στόματος
1125 2613 1261 2739 ήμῶν,
1283 2616 1335 2692 εἰς
1356 2608 1395 2681 τὸ

127 2712 446 2785 ἐπικαλεῖσθαι
408 2742 477 2806 την
507 2710 620 2808 χάριν
652 2722 720 2787 τοῦ
754 2713 864 2815 ἁγίου
890 2713 1100 2813 πνεύματος
1125 2714 1183 2788 ἐτιί
1209 2721 1289 2787 τῶν
1314 2719 1393 2805 66-

128 2811 271 2888 λόντων
298 2810 550 2909 προτίθεσθαι
576 2811 712 2912 δώρων
739 2818 812 2910 (lac
826 2822 898 2914 24).

209 2925 398 3014 Είχομένου
425 2937 485 2997 τοῦ
512 2927 636 3016 ίερέιος,
666 2928 684 3000 6
714 2929 867 3011 διάκονος
894 2931 983 3019 λέγει
1011 2931 1054 2997 τὰ
1082 2928 1228 3020 εἰρηνικὰ
1256 2927 1320 3011 ἔξω
1342 2932 1393 2994 τοί1

127 3028 221 3119 ἆγίοο
248 3028 407 3119 βήματος,
437 3028 482 3110 ῶς
510 3031 567 3099 καί
588 3029 761 3120 πρότερον.
805 3033 875 3102 Καί
895 3034 980 3119 μετὰ
1001 3033 1044 3101 τὰ
1066 3030 1212 3122 εἰρηνικὰ
1235 3032 1324 3118 λέγει
1345 3030 1392 3097 ἐκ·

127 3131 246 3223 φοίνιος
268 3129 384 3221 ἱερεύς.

200 3236 379 3318 ‘0669‘
357 3236 430 3310 666
462 3244 531 3309 τοῦ
556 3233 715 3334 κράτους
741 3263 810 3365 σρυ
843 3235 1000 3312 πάντοτε
1034 3234 1307 3335 φυλαττόμενοι
1340 3233 1390 3308 σοί

126 3334 287 3420 δόξαν
268 3337 556 3432 ανατιέιιπωιιεν,
589 3349 642 3435 τῶ
669 3339 801 3437 πατρί,
834 3340 975 3436 καὶτῷ
1002 3341 1095 3435 υἱῶ,
1127 3338 1190 3412 καί
1223 3347 1278 3435 τῶ
1304 3337 1389 3438 ἁγίιο

125 3436 321 3532 τινεύιιατι,
339 3446 411 3513 νῦν
430 3439 493 3512 καὶ
510 3439 578 3527 ἀεὶ,
597 3443 659 3513 καί
677 3447 726 3525 εἰς
742 3441 830 3524 τοὺς
856 3413 995 3524 666669
1019 3449 1097 3516 τῶν
1124 3437 1288 3516 αἰώνων.

209 3553 247 3621 ‘0
275 3552 384 3639 χορός.
426 3537 554 3637 :4667-

214 3656 265 3723 T6
286 3652 371 3723 αὐτὰ
391 3578 566 3724 κᾶνίαιίθα
587 3657 643 3724 καὶ
664 3654 798 3745 λέγουσι
817 3658 875 3725 καί
896 3663 1062 3734 ποιοῦσιν,
1085 3654 1114 3736 6,
1130 3682 1166 3723 τε
1189 3654 1297 3745 ἱερεὺς
1309 3648 1386 3724 καὶὸ

128 3755 289 3838 διάκονος,
314 3754 359 3837 ῶς
381 3755 415 3825 ἐν
436 3766 476 3848 τῇ
497 3765 557 3826 τοῦ
580 3756 820 3846 Χροσοστόμοο
844 3757 1041 3849 λειτουργίᾳ.

204 3889 303 3980 Εὐχή,
325 3884 366 3980 ἣν
387 3892 476 3979 λέγει
497 3890 515 3960 6
540 3889 645 3981 ίερεδς
665 3901 841 3980 μυστικῶς,
863 3900 923 3961 τοῦ
942 3899 1136 3980 χερουβικοῦ
1158 3888 1334 3983 ᾀδομένου.

212 3995 344 4079 Οὐδείς
376 3998 474 4080 ἄξιος
508 4006 586 4072 τῶν
619 3997 901 4088 συνδεδεμένων
933 4004 1013 4080 ταῖς
1046 4002 1238 4093 σαρκικοῖς
1264 3999 1386 4070 6666-

125 4095 228 4190 Ιιιίοιις
254 4125 285 4196 p.
302 4101 387 4173 351.

210 4210 396 4282 Κάνταῦθα
417 4212 485 4295 ὅτε
507 4211 612 4302 ἱερεὺς
632 4214 688 4282 καί
709 4211 728 4282 6
752 4211 905 4294 διάκονος
925 4215 967 4282 τὰ
988 4212 1074 4283 αὐτὰ
1093 4216 1150 4283 καί
1166 4220 1319 4294 ποιοῦσι,
1340 4211 1387 4280 καί

124 4312 259 4399 λέγουσι
285 4322 326 4403 τῇ
345 4322 405 4382 τοῦ
426 4313 668 4403 Χροσοστόμοο
691 4313 867 4406 ἱερουργίᾳ.
896 4320 966 4384 Καὶ
987 4320 1235 4386 τελειωθέντων
1256 4322 1321 4382 τῶν
1343 4308 1388 4381 εί-

122 4420 189 4495 χῶν
210 4414 345 4503 καὶτῆς
365 4415 510 4506 μεγάλης
530 4416 669 4498 είςόδου,
692 4415 710 4484 6
734 4415 888 4496 διάκονος
910 4416 1040 4506 ἔρχεται
1061 4419 1096 4488 έν
1117 4424 1165 4507 τῷ
1182 4415 1325 4506 συνήθει
1338 4411 1386 4483 τό·

121 4535 179 4602 66
200 4511 313 4598 λέγων.
722 4534 735 4549 *
