3044 4912
735 242 810 319 462

17 366 20 373 ί
117 466 136 489 -ι
220 348 918 521 Ελταιίςιίγιιαάτάίντῷναᾷ,λίγων·

224 504 469 615 nimam
500 534 552 613 ελς
580 526 650 605 τὸν
681 524 786 605 οἶκόν
810 550 893 617 σου,
929 510 1173 625 προςκυνήσιι
1196 524 1295 679 πρὸς
1312 472 1393 607 νοῦν

73 678 81 699 .-
136 626 262 755 ἅγιόν.
274 654 357 707 σου.
429 642 436 661 ’

129 854 133 863 .
221 762 294 833 Καί
313 758 494 851 elasam
514 762 619 853 ἀντῷ
638 759 733 853 μέσῳ
752 766 814 831 τοῦ
832 764 925 842 ναοῦ,
947 758 1068 849 λέγων·

138 874 141 879 ’
213 864 552 964 Ἕκκλησιάζεται
532 895 552 942 ο
576 864 712 951 δοῦλος
734 894 805 941 του
784 866 935 941 “Θεαῦ.
970 870 1057 949 Εἶτα
1077 868 1227 997 uyusff

215 968 279 1043 Ἕν
290 968 404 1067 μέσην
428 966 620 1065 ἐκκλησίας
643 964 801 1065 ὑμνήσω
825 990 878 1041 σε.
960 1016 963 1021 -

122 1130 131 1183 ¹.
221 1094 308 1177 Βῖτα
328 1092 454 1191 είςάγει
473 1096 555 1170 αὐτὸ
575 1100 644 1191 πρὸ
663 1106 730 1169 τῶν
749 1100 865 1169 πολῶν
884 1102 946 1167 τοῦ
965 1092 1222 1187 θυσιαστηρίου,
1242 1096 1359 1241 λέγων·

163 1200 553 1301 ’Ἕκκλησιάζεται
532 1234 554 1279 ο
579 1202 713 1289 δοῦλος
736 1210 806 1279 τοῦ
833 1206 938 1279 θεοῦ.
972 1204 1044 1285 Καὶ
1054 1211 1255 1303 ἰλςόγιι
1209 1240 1294 1287 αυτο
1280 1208 1395 1299 6⁶⁸6

136 1278 442 1409 ἀυσιαστηριον,’
410 1342 442 1389 ιι
460 1317 524 1404 μὲν
543 1316 594 1410 εἴη
616 1312 724 1410 ἔρρει,
746 1342 778 1399 ει
766 1316 837 1389 '66
857 1318 957 1407 θῆλυ,
979 1314 1044 1397 ἕως
1055 1322 1122 1385 νῦν
1134 1312 1396 1406 ολραίωννουλῦν,

41 1580 48 1587 -
117 1420 354 1599 Ἠγωίγάἀ
334 1518 513 1607 ἆπθλυδισ·
556 1537 629 1607 Καί
653 1536 740 1625 μετὰ
758 1542 866 1607 ταῦτα
885 1533 1022 1626 τίθησιν
1042 1488 1125 1605 αάτά
1145 1534 1245 1629 παρὰ
1264 1535 1325 1618 τὰς
1341 1532 1397 1607 66·
1439 1420 1442 1621 6

137 1664 200 1725 ρας
231 1644 292 1707 τοῦ
322 1608 576 1728 θυσιαστηρίου.
617 1638 689 1708 Καὶ
713 1634 822 1721 οῦτως
843 1632 868 1709 6
897 1632 1061 1723 ἀνάῦοχος
1085 1634 1316 1729 προςκυνησας
1337 1638 1399 1727 τρὶς
1440 1632 1442 1701 ἰ

138 1737 303 1827 λαμβάνει
324 1736 417 1879 αὐτὸ,
438 1738 497 1809 καὶ
517 1738 694 1830 ἀξίρχεται.

176 2044 179 2049 -
271 1993 492 2091 ΙλΕυχη
516 1998 581 2080 ελς
605 1992 657 2069 τὸ
681 2001 874 2093 ποιησαι
898 1990 1267 2093 κατηχουμευον
1332 2082 1338 2101 ⁶

115 2180 141 2255 .‘
222 2175 315 2249 Λῦιι
335 2174 389 2249 6
376 2177 484 2265 ιιροῦς
502 2178 562 2271 την
583 2175 686 2268 ζώνην
705 2182 767 2247 τοῦ
785 2176 966 2265 μέλλοντος
984 2182 1212 2269 φωτωάἤνω,
1245 2204 1305 2249 ναι
1293 2174 1401 2249 ἀνιο-

139 2274 223 2361 δίει,
243 2278 301 2349 καί
320 2276 464 2351 ῦπολῦιι
483 2276 595 2350 αῦεόν.
635 2276 707 2348 Καί
725 2280 856 2371 λονηυιν
877 2274 979 2351 αάτάν
997 2279 1088 2349 κατὰ.
1103 2274 1281 2363 ἀνατολὰς,
1309 2304 1402 2369 μονι-

136 2374 262 2465 ulma
280 2379 384 2464 λυσάζ
364 2380 477 2465 ζωνον,
508 2377 640 2473 «ianm
660 2404 719 2449 και
707 2374 957 2463 madum,
972 2376 1148 2505 ἔχοντα
1109 2404 1172 2463 τας
1182 2380 1400 2473 χεῖραςκάοιι.

139 2480 212 2551 Καί
236 2480 431 2573 ἀμφυσᾷ’
400 2506 450 2562 εις
474 2482 513 2551 τὸ
540 2476 785 2568 πρόςωπον’
743 2488 847 2551 αυτοῦ
866 2482 949 2573 τρὶς,
972 2508 1031 2551 και
1020 2480 1292 2591 σφραγίζιι’
1249 2509 1352 2554 αυτου
1335 2484 1401 2552 ’τί

137 2582 297 2668 μέτωπον
316 2583 374 2651 καί
393 2584 432 2652 τὸ
454 2590 582 2672 στῆθος
604 2583 640 2651 ἐκ
659 2581 784 2671 τρίτου.

225 2718 296 2784 Καὶ
317 2715 493 2807 ἐπιτίθησι
513 2743 573 2805 την
592 2721 687 2804 χεῖρα
708 2717 823 2785 ἐντὶ
787 2744 847 2807 την
867 2717 1014 2808 κεφαλὴν
1037 2715 1148 2802 αἰτοῦ,
1171 2718 1293 2807 λέγων·

217 2835 299 2909 Ἐπὶ
331 2844 385 2934 τεῦ
411 2832 569 2930 ὀνόματί
596 2865 676 2927 σου,
710 2835 891 2936 Κύριε,
873 2870 892 2913 ο
923 2838 1010 2922 θεὸς
1034 2848 1098 2936 τῆς
1123 2840 1317 2936 ἀληθείας,
1347 2840 1401 2916 καὶ

139 2944 207 3011 τοῦ
226 2946 471 3066 μονογενοῦς
506 2965 575 3014 σου
611 2942 709 3029 υἱοῦ,
745 2940 808 3015 καὶ
842 2949 910 3015 τοῦ
947 2940 1059 3069 ἀγίου
1093 2968 1161 3016 σου
1188 2941 1400 3039 πνεύματος,

139 3037 331 3138 ἐπιτίθημι
363 3040 433 3138 τὴν
462 3039 570 3137 χεῖρά
603 3071 678 3137 μου
712 3042 771 3117 ἐπὶ
803 3038 870 3116 τὸν
904 3040 1041 3119 δοῦλόν
1067 3066 1135 3139 σου
1163 3041 1313 3143 (τόνδε),
1347 3044 1401 3119 τάν

69 3182 76 3197 ι
138 3143 419 3227 καταξιωθέντα
446 3151 580 3273 φυγεῖν
605 3144 664 3218 ε’πὶ
688 3145 731 3219 τὸ
758 3143 866 3245 ἅγιον
893 3142 1012 3238 ὄνομά
1038 3170 1119 3233 σου,
1154 3145 1216 3220 καὶ
1243 3145 1319 3221 ὑπὸ
1343 3146 1400 3241 τὴν

141 3243 276 3369 σκέπην
309 3251 387 3318 τῶν
412 3243 606 3376 πτερύγων
633 3271 701 3321 σου
728 3245 1047 3374 διαφυλαχθῆυαι.
1091 3245 1367 3344 Ἀπόστησον’
1348 3276 1390 3321 απ

141 3344 258 3418 αὐτοῦ
284 3373 352 3471 την
376 3346 583 3421 παλαιάν’
566 3348 709 3444 εκείνην
735 3356 891 3443 πλανην,
914 3376 979 3421 και
1005 3348 1191 3444 ἔμπλησον
1212 3348 1331 3424 αὐτὸν
1347 3376 1400 3442 της

139 3449 189 3530 ελς
216 3444 265 3520 σε
282 3447 447 3536 πίστεως,
480 3447 543 3522 καὶ
576 3447 721 3533 ελπίάος
751 3448 814 3523 καὶ
850 3447 1006 3576 ἀγάπης,
1033 3452 1105 3525 λ’να
1129 3479 1247 3577 γνῳ,
1270 3450 1327 3526 ὅτι
1361 3447 1398 3524 σὺ

140 3544 255 3638 μόνος
282 3547 370 3633 Θεὸς
402 3548 593 3646 ἀληθινὸς,
626 3551 688 3624 καί
722 3550 742 3624 6
748 3579 979 3679 μονογενης
1005 3577 1073 3626 σου
1099 3552 1191 3640 υἱὸς,
1228 3549 1398 3682 ὁΚύρως

139 3647 258 3776 ημῶν
265 3651 406 3748 Ἰησοῦς
431 3650 605 3749 Χριστὸς,
631 3652 694 3726 κοιλ
719 3651 761 3725 τὸ
787 3681 896 3753 αγωι
923 3679 991 3727 σου
1017 3662 1176 3746 πνεῦμα.
1204 3655 1280 3739 Δὸς
1306 3656 1396 3747 αὐτοῦ

139 3754 181 3824 ἐν
206 3747 341 3835 πάσαις
367 3759 447 3837 ταῖς
471 3757 635 3836 ἐντολαῖς
661 3779 729 3827 σου
756 3757 1000 3851 πορευθηναι,
1027 3755 1163 3830 καὶτὰ
1189 3752 1329 3851 ἀρεστοί
1350 3780 1396 3829 σοι

141 3851 372 3948 φυλάξαι,’
351 3884 407 3929 οτι
433 3855 500 3931 ἐὰν
525 3852 663 3950 ποιήση
684 3855 781 3929 αάτά
807 3856 1022 3952 ἀνάρωπος,
1051 3852 1196 3953 ζήσεται
1214 3862 1256 3933 ἐν
1273 3858 1395 3937 αὐτοῖς

140 3950 299 4048 Γράψον
331 3954 448 4031 αὐτὸν
481 3986 520 4030 εν
553 3955 676 4053 βίβλῳ
711 3955 807 4053 ζωῆς
831 3983 913 4047 σου,
946 3959 1089 4035 ενωσον
1115 3958 1233 4034 αὐτὸν
1255 3968 1304 4057 τῇ
1328 3954 1397 4032 ποί-

140 4081 216 4181 μνη
241 4063 305 4150 τῆς
330 4056 575 4155 κληρονομίας
601 4084 682 4148 σου,
709 4057 987 4156 δοξασθήτω
949 4089 992 4134 το
1012 4057 1132 4154 ἀνομά
1152 4084 1222 4136 σου
1241 4061 1283 4136 τὸ
1302 4060 1396 4189 ἀγιον

139 4184 183 4228 επ
227 4157 343 4253 αὐτῷ,
380 4160 443 4232 καί
479 4168 547 4234 τοῦ
583 4161 775 4261 ἀγαπητοῦ
812 4184 882 4237 σου
916 4162 1014 4251 υἱοῦ,
1050 4162 1192 4258 Κυρίου
1229 4162 1322 4237 66‘
1302 4166 1396 4259 ηιιῦν

133 4255 255 4383 Ἰησοῦ
280 4264 461 4356 Χριστοῦ,
486 4261 643 4337 καὶτοῦ
669 4261 851 4353 ζωοποιοῦ
878 4290 947 4340 σου
974 4261 1192 4360 πνεύματος.
1219 4266 1396 4340 Ἔστωσαν

141 4358 177 4430 σί
190 4359 405 4489 ὀφθαλμοί
437 4387 506 4437 σου
540 4363 766 4456 ἀτενίζοντες
798 4370 849 4450 ελς
874 4365 991 4441 αὐτὸν
1016 4370 1057 4440 ἐν
1081 4365 1168 4440 ἐλέει
1193 4365 1395 4448 διαπαντὸς,

139 4456 329 4536 καὶτὰ
301 4458 390 4536 ωτά
405 4489 473 4539 σου
499 4473 567 4540 τοῦ
592 4461 740 4543 ἀκούειν
765 4474 830 4565 τῆς
855 4475 982 4566 φωνῆς
1006 4476 1070 4566 τῆς
1095 4464 1254 4564 δεήσεως
1279 4469 1393 4543 αὐτοῦ
