3044 4912
706 259 779 331 555

105 439 288 520 διακόνου
313 440 542 525 ὑπειςελθεῖν
567 440 812 566 λειτουργίαν,
845 437 1043 537 πλήρωσον
1068 438 1187 539 πάσης
1211 440 1378 532 πίστεως,

105 547 169 621 ταὶ
161 541 342 672 ἀγάπης
366 538 652 635 καὶδυνάμεως
675 543 738 617 καὶ
765 541 967 671 ἁγιασμοῦ,
994 551 1039 639 τῇ
1066 542 1290 642 ἐπιφοιτήσει
1311 552 1379 619 τοῦ

105 644 233 775 6y6ov
244 645 309 720 καὶ
336 643 521 735 ζωοποιοῦ
544 667 613 718 σου
638 640 858 739 πνεύματος
899 644 955 721 06
980 645 1053 769 γὰρ
1080 649 1121 720 ίν
1141 654 1191 742 τῇ
1217 646 1380 721 ἐπιθέσει

105 756 186 825 τῶν
218 750 321 841 ἐμῶν
349 753 501 842 χειρῶν,
533 745 614 819 ἀλλ
645 748 687 820 ἐν
662 754 763 843 ντῇ
789 749 966 842 ἐπισκοπῇ
992 753 1070 821 τῶν
1095 747 1285 823 πλουσίων
1311 774 1380 824 σου

105 853 340 976 οἰκτιρμῶν,
351 847 500 922 δίδοται
523 842 633 943 χοίρις
657 852 735 932 τοῖς
752 848 868 931 ἀξίοις
885 873 965 924 σου
983 847 1064 924 Ἰνα
1080 846 1144 922 καί
1161 841 1280 938 οὗτος,
1307 852 1380 925 ποί-

105 974 174 1048 σης
198 949 383 1046 ἁμαρτίας
409 948 510 1032 ἐντὸς
534 944 812 1050 γενόμενος,δν
837 957 883 1046 τῇ
909 948 1100 1048 φοβερᾷ“
1080 949 1199 1047 ημίρρι
1218 959 1282 1046 τῆς
1298 950 1380 1047 κρί-

105 1049 202 1136 σεαίς
227 1077 296 1127 σου
322 1050 522 1177 ἀμέμπτως
547 1074 606 1124 σοι
631 1059 823 1149 παραστῇ,
849 1050 1005 1128 καὶτὸν
1024 1051 1252 1146 μισθὸν“τον
1269 1048 1381 1127 ἀδιοί-
1446 1054 1449 1059 ’

105 1176 272 1283 ψευστον
297 1161 362 1249 τῆς
388 1161 453 1249 σῆς
478 1152 695 1279 ἐπαγγελίας
718 1154 926 1250 κομίσηται.

193 1254 258 1330 Σὺ
281 1255 356 1356 γὰρ
383 1253 413 1328 εἶ
440 1252 460 1328 6
489 1253 620 1336 Θεὸς
599 1261 733 1380 ημῶν,
755 1254 820 1329 καὶ
845 1253 904 1329 σοὶ
913 1253 998 1381 τήν
1022 1250 1184 1339 δόξαν
1164 1253 1380 1350 αναπίμπο-

105 1385 179 1484 pes(
188 1413 201 1446 ,
235 1364 289 1454 τῷ
322 1354 447 1450 πατρὶ,
480 1356 544 1483 κριὶ
575 1364 629 1452 τῷ
662 1356 747 1453 υἱῷ,
780 1355 844 1432 καί
875 1364 930 1454 τῷ
956 1355 1053 1457 ἁγίῳ
1078 1353 1273 1451 πνεύματι,
1307 1364 1381 1432 νῦν

105 1457 171 1534 καί
199 1459 268 1546 ἀεὶ,
292 1457 357 1532 καὶ
382 1462 431 1540 τίς
456 1457 544 1539 τούς
569 1462 709 1540 αἰῶνας
733 1465 813 1532 τῶν
839 1456 1001 1533 αίαίνων.
1037 1454 1165 1553 Ἀμήν.

193 1573 265 1642 Καὶ
288 1573 374 1659 μετὰ
400 1572 439 1639 τὸ
468 1569 554 1660 ἀμήν
580 1571 779 1663 περιτίθησι
801 1570 895 1641 sd‘
869 1571 1013 1661 ωροίριον
1039 1580 1087 1662 τῷ
1113 1571 1381 1663 χειροτονηθέντι
1428 1566 1432 1573 ’

105 1675 192 1745 κατὰ
211 1676 269 1744 τὸν
291 1673 463 1763 ἀριστερὸν
484 1666 574 1759 ὦμον
595 1698 625 1759 p.
641 1681 714 1755 376,
736 1673 850 1762 λέγων,
866 1663 992 1746 Ἀξιθς·
1014 1674 1086 1742 Καὶ
1099 1672 1268 1760 ψάλλοναι
1282 1672 1381 1764 συνή-

106 1784 182 1857 θως
203 1774 322 1864 τρίτον,
344 1777 383 1843 τὸ
405 1764 534 1849 Agaue,
560 1775 654 1863 παρὰ
681 1781 747 1842 τῶν
773 1782 834 1844 τοῦ
849 1774 1028 1900 βήματος,
1055 1775 1113 1844 καὶ
1138 1774 1259 1864 τρίτον,
1286 1775 1382 1861 παρὰ
1479 1805 1483 1814 ·

105 1885 172 1946 τῶν
199 1880 422 2004 6666AE
391 1871 477 1945 Εἶτα
503 1873 701 1945 ἐπιδίδωσιν
729 1873 820 1967 αὐτῷ
840 1874 860 1945 6
882 1873 1051 2000 ἀρχιερεὺς
1073 1874 1168 1963 ίίγιον
1189 1875 1350 1964 ῥιπιδιον,
1358 1882 1379 1958 ¹)

105 1976 249 2102 λέγωνε
232 1977 366 2102 ομρίως.
401 1967 530 2052 Ἀξιθς,
538 1964 561 2060 ²)
583 2004 641 2046 και
632 1974 849 2060 ’ἀσπάζεται
871 1974 981 2046 αὐτόν.
1009 1974 1152 2062 Ὁμοίως
1173 1975 1382 2060 ἀσπάζονται

106 2076 209 2148 αίτὸν
235 2077 359 2160 πάντες
385 2077 420 2148 o6
441 2077 600 2149 διάκονοι.
640 2075 739 2146 ‘066
760 2075 910 2166 ῥιπίδιον
939 2077 1050 2163 λαβὼν
1077 2079 1223 2147 ἵσταται
1234 2078 1270 2147 ἐκ
1290 2080 1381 2145 πλα-

105 2177 182 2268 γίου
202 2187 262 2270 τῆς
283 2178 379 2268 ἁγίας
398 2177 617 2272 τραπέζης,
597 2180 667 2248 απὸ
688 2185 750 2248 τοῦ
772 2180 883 2261 δεξιοῦ
902 2180 1026 2266 μέρους
1045 2207 1103 2249 και
1093 2178 1250 2270 ’ῥιπίζει
1264 2177 1380 2248 ἐπάνω

105 2288 173 2350 τῶν
181 2278 296 2405 δηίων
318 2290 359 2366 (p
375 2290 439 2364 61).
466 2279 576 2351 Καὶ(
559 2308 577 2351 ο
600 2282 712 2371 ἕτερος
734 2279 888 2362 διάκονος
907 2283 1044 2350 ἵσταται
1064 2279 1129 2365 ἔξω
1149 2289 1209 2350 τοῦ
1230 2280 1382 2371 βήματος

106 2382 143 2452 ἐν
170 2389 219 2472 τῷ
246 2382 386 2472 συνήθει
410 2381 581 2473 τίπῳ,ν
544 2383 581 2452 ίν
608 2374 635 2472 ᾧ
662 2380 940 2471 ἀναγινώσκονται
966 2383 1009 2450 τὰ
1036 2381 1183 2513 εἰρηνικὰ
1202 2409 1260 2452 και
1250 2382 1380 2470 ’.λέγει
1466 2388 1470 2394 ’

107 2484 278 2563 Ποίντων
303 2495 381 2561 τῶν
407 2487 526 2588 ἁγίων
551 2486 884 2616 μνημονεύραντες.
919 2489 995 2560 Ἔτι
1020 2488 1084 2561 καὶ
1109 2489 1161 2561 ἔτι
1188 2490 1229 2561 ἐν
1254 2483 1380 2584 εἰρήνη

105 2597 175 2665 τοῦ
201 2589 344 2725 Κυρίου
370 2589 579 2685 δεηθῶμεν.
621 2589 694 2662 Καὶ
719 2588 766 2662 τὰ
793 2586 912 2662 λοιποί
945 2601 1007 2684 Εἰς
1028 2602 1122 2672 δὲ
1087 2599 1381 2692 ςουςῆςμεταλή-

105 2717 201 2796 ψεως
222 2701 337 2792 καιρόν
362 2712 496 2792 πρῶτος
515 2711 581 2772 τῶν
603 2698 750 2772 ἄλλων(
732 2731 751 2773 ο
771 2706 1019 2795 χειροτονηθείς
1037 2705 1169 2791 μετέχει
1189 2730 1254 2773 των
1275 2701 1382 2774 θείων

105 2804 304 2920 μυστηρίων.
325 2806 397 2873 Καὶ
417 2805 564 2919 66yea⁸
527 2832 569 2874 τα
591 2804 814 2874 διακονικὰ’
784 2832 832 2887 εις
851 2807 910 2874 τὸν
929 2805 1037 2875 τόπον
1067 2804 1184 2889 αὐτῶν,
1212 2802 1314 2895 ήγοῦν
1340 2805 1379 2873 τὸ

105 2895 239 2991 Ορθθὶ
264 2893 534 2987 μεταλαβόντες
559 2921 591 2992 p
604 2898 690 2969 360
746 2914 861 2975 Ταῦτα
889 2907 928 2975 66
954 2907 1117 2996 γίνονται,
1147 2906 1228 2976 ὅταν
1249 2907 1381 2997 γίνηται

107 3007 297 3097 λειτουργία
323 3006 451 3090 τελεία,
486 3008 562 3076 ἐπεὶ
589 3009 627 3077 δὲ
654 3008 711 3077 καὶ
738 3006 773 3075 ἐν
799 3014 875 3088 ταῖς
902 3008 1187 3098 προηγιασμέναις
1214 3007 1350 3096 γίνεται.
1357 3012 1380 3089 ³)

105 3107 274 3180 'lore'oe‘'
255 3136 309 3178 οτι
335 3109 420 3195 μετὰ
446 3108 485 3175 τὸ
514 3106 727 3197 ἀποτεθῆναι
747 3109 790 3176 τὰ
810 3109 1062 3224 προηγιαομίνα
1084 3109 1119 3178 ἐν
1139 3116 1179 3200 τῇ
1201 3105 1280 3200 ἆγίηι
1300 3133 1381 3195 τρα-

106 3213 203 3304 πέζη,
226 3211 306 3301 πρὶν
328 3209 435 3279 εἰπεῖν
455 3211 514 3279 τὸν
536 3208 698 3279 διάκονον.
728 3194 994 3293 Πληρωσωμεν
1020 3196 1091 3294 τὴν
1115 3176 1255 3293 δέησιν,
1277 3235 1381 3296 προς-

195 3472 219 3532 1)
237 3471 367 3521 Maronitas
385 3473 482 3520 tradunt
499 3470 635 3535 epistolum,
654 3469 811 3530 thuribulum,
831 3470 954 3521 flabellum
972 3487 1015 3521 seu
1034 3471 1110 3521 velum
1125 3470 1207 3520 culicis
1219 3471 1382 3534 etimpuunnt

107 3557 180 3623 ospiti
198 3566 309 3620 patenam
329 3570 382 3606 oum
402 3571 504 3621 corpore
523 3564 545 3604 et
564 3556 662 3605 ealioeut
682 3570 735 3605 cum
754 3556 870 3618 sanguine
889 3556 986 3606 Christi.
1021 3555 1142 3605 leeobitae
1160 3555 1257 3604 tradunt
1269 3553 1381 3603 ordinato

106 3642 215 3691 bissono
235 3640 358 3690 flabellum
376 3649 400 3690 et
418 3641 574 3700 thuribulum,
591 3639 727 3689 Nestoriaui
746 3640 862 3705 epistolas
880 3639 956 3690 Pauli.

195 3741 221 3800 2)
239 3743 335 3793 Goar:
354 3741 450 3792 Clarum
470 3756 565 3792 omnem
585 3741 750 3806 populumque
767 3742 904 3806 Episcopis‚
923 3741 1070 3806 Presbyteris
1089 3749 1112 3790 et
1129 3740 1381 3805 aliquundolliaeonis

107 3826 250 3878 ordinandis
268 3828 395 3890 probitatis
413 3827 473 3876 ritae
490 3829 650 3890 virtutumque
666 3826 802 3876 reddidisse
815 3827 977 3876 testimonium
990 3827 1059 3891 plura
1071 3826 1224 3890 antiquorum
1235 3826 1381 3889 scriptorum

107 3919 225 3962 enarrant
249 3920 411 3961 monumento.
437 3937 467 3946 -
487 3919 609 3976 -atque
634 3912 675 3972 ita,
699 3925 770 3975 quem
794 3911 902 3962 declarat
924 3912 1031 3976 pontifex
1049 3910 1147 3973 dignum
1165 3904 1241 3975 παρὰ
1260 3907 1315 3958 τῶν
1332 3907 1382 3958 τοῦ

105 3986 241 4061 βήματος,
268 4011 280 4044 a
300 3997 364 4046 elero
382 4011 469 4058 nempe
487 3998 618 4060 suscipitur
636 4003 660 4045 et
676 3986 753 4058 παρὰ
770 3993 825 4043 τῶν
843 3991 965 4057 palude,
993 3995 1062 4059 quasi
1080 3994 1164 4059 pupuli
1183 4009 1239 4044 roos
1258 3995 1381 4059 approba·

108 4090 156 4131 tur.
194 4080 227 4128 Er
252 4081 351 4129 aduerso
375 4095 440 4138 uero,
465 4083 485 4130 ai
509 4083 606 4130 obtento
631 4080 704 4141 gradu
724 4079 815 4128 ordinis
834 4093 977 4143 quemqnam
996 4080 1084 4144 privari
1103 4079 1229 4143 eontigerit
1247 4079 1380 4141 iudignum,

108 4157 230 4220 ἀνάξιον
246 4165 438 4228 pronunciabant
456 4166 547 4216 Graeci.
583 4165 642 4215 Cod.
660 4164 703 4212 Lit.
722 4163 741 4212 l.
759 4180 782 4228 p.
795 4162 845 4213 216
855 4178 879 4214 n.

196 4265 221 4323 3)
240 4266 408 4315 Ordinationes
425 4267 540 4331 Episcopi
558 4274 581 4315 et
599 4266 732 4328 Presbyteri
752 4266 831 4315 lacere
850 4280 897 4314 uon
918 4267 971 4315 lieet
990 4267 1012 4315 iu
1025 4266 1248 4324 Praesauctifleatis‚
1268 4279 1296 4314 eo
1315 4264 1380 4329 quod

107 4361 160 4402 tum
180 4351 323 4399 sacrificium
343 4367 390 4400 non
410 4353 457 4399 fiat.
492 4352 549 4400 ldeo
568 4367 613 4400 uec
629 4351 743 4413 Episcopi
762 4365 806 4399 neo
817 4350 950 4413 Presbyteri
968 4353 1104 4400 consecrari
1122 4357 1232 4414 possunt,
1251 4363 1312 4413 quos
1327 4356 1381 4397 ante

105 4435 254 4486 saerillcium
274 4436 393 4495 ordinant,
418 4443 443 4484 ut
460 4444 543 4498 postea
563 4450 615 4484 curn
635 4436 773 4484 ordinatore
790 4436 932 4485 sacrificent.
969 4436 1053 4486 Verum
1072 4449 1126 4484 cum
1145 4433 1243 4484 Diaconi
1261 4434 1380 4484 ordinatio

105 4520 247 4571 celebretur
259 4528 316 4583 post
328 4521 470 4570 suurilleium
483 4527 607 4582 peractum
621 4520 679 4569 nibil
691 4520 791 4585 impedit
809 4520 937 4584 quominus
955 4520 1095 4572 ordinentur
1113 4520 1138 4571 in
1156 4519 1380 4571 Praesanctificntis.
