3044 4912
660 256 735 331 479

137 441 206 514 Pax
232 441 324 514 robis
354 442 520 515 omnibus.

137 544 342 640 Incognitae,
370 543 709 640 incomprehensibili,
731 544 1000 642 trihppostaticae
1017 548 1140 622 Deitati
1163 547 1335 622 Trinitatis

93 657 208 738 unctae,
236 645 540 737 consubstantialis,
567 646 712 720 vivificae
738 657 774 719 et
798 647 987 722 individuae
1013 650 1058 722 sit
1091 651 1208 746 gloria,
1242 662 1334 749 pote·

94 773 131 821 as
159 759 193 820 et
217 749 325 821 honor
351 771 441 821 uuna
467 758 502 820 et
527 772 659 844 semper
684 760 717 820 et
743 749 778 821 iu
807 750 950 823 saecula.

139 849 306 924 Sacerdos
333 850 424 922 lavat
450 874 580 923 amoos

138 946 319 1026 Diaconos.
371 952 526 1043 Domine,
554 951 706 1024 benedic

137 1054 226 1127 Deio
252 1054 420 1128 Sacerdos
446 1064 596 1127 sanctam
620 1077 766 1127 mensam
793 1053 977 1143 oscalatus,
1004 1055 1214 1130 descendit
1199 1081 1237 1126 aa
1260 1083 1334 1132 me-

93 1159 152 1233 'um
179 1157 354 1231 ecclesiam
379 1165 412 1228 et
439 1155 521 1228 dicit
548 1154 637 1228 elata
662 1178 760 1228 noce.

136 1260 335 1352 Benedicas,
368 1258 566 1351 Domine,
557 1259 600 1330 ris
634 1257 689 1355 qui
716 1256 920 1331 benedicunt
945 1270 977 1331 te
1003 1270 1037 1332 et
1062 1261 1242 1355 sanctifica,
1276 1263 1333 1360 qui

93 1375 197 1438 terant
221 1365 256 1436 iu
283 1375 326 1434 te
379 1361 474 1433 Salva
501 1359 658 1456 populum
685 1370 791 1452 tuum,
818 1360 996 1434 benedicas
1013 1350 1217 1435 haereditati
1245 1375 1333 1457 tuae,

93 1491 220 1540 tuserra
248 1463 408 1538 eeclesiae
436 1473 509 1536 tuae
536 1461 786 1558 plenitudinem.
794 1460 818 1558 ¹)

136 1568 315 1642 sanctifica
350 1589 486 1656 ornnes,
528 1566 584 1661 qui
620 1564 773 1658 deligunt
803 1565 921 1639 domus
955 1574 1031 1639 tuae
1064 1567 1335 1664 pulcritudinem.

93 1671 216 1744 lorifica
249 1671 340 1767 ipsos
375 1668 484 1740 divina
518 1677 573 1739 tua
599 1666 746 1762 potentia
771 1689 880 1763 neque
907 1667 1042 1741 deseras
1068 1693 1142 1762 aas,
1176 1670 1232 1767 qui
1259 1694 1334 1767 spa·
1398 1750 1405 1758 ,

94 1797 173 1847 mus
200 1773 235 1843 in
262 1784 306 1843 te.
348 1769 398 1843 Da
423 1791 537 1865 pacem
564 1769 721 1840 universo
748 1767 833 1860 orbi,
868 1771 1018 1842 ecclesiis
1045 1781 1079 1842 et
1104 1772 1334 1844 sacerdotibus

94 1886 108 1947 t
142 1874 295 1990 piissimo
329 1871 557 1962 Aulocratori,
592 1893 712 1963 magno
746 1871 887 1967 principi
924 1871 1059 1943 Nicolao
1095 1871 1334 1964 Paulowitsclr,

93 1977 211 2049 unium
242 1974 438 2048 Russiarum
464 1973 687 2086 imperatori],
721 1971 762 2044 da
795 1996 911 2087 pacem
945 1974 1102 2047 exercitur
1115 1971 1158 2069 ²)
1174 1984 1208 2045 et
1241 1975 1333 2046 omui

93 2079 183 2176 tpulo
216 2090 285 2149 tuo.
339 2077 444 2149 Omne
479 2076 570 2147 enim
596 2075 708 2146 delum
735 2075 898 2170 optimum
923 2084 957 2146 et
982 2099 1080 2147 omne
1107 2077 1231 2149 donum
1258 2100 1333 2173 per·

93 2192 185 2254 etum
210 2179 429 2251 descendite
456 2189 500 2269 te,
527 2201 546 2249 a
573 2175 668 2248 Patre
693 2176 875 2248 luminum:
905 2177 958 2249 cui
985 2178 1101 2271 glorie,
1127 2188 1274 2275 potestas
1301 2189 1335 2251 et

93 2306 170 2355 >nor
196 2293 231 2354 et
256 2281 443 2405 bepedictio
470 2303 561 2352 uuna
587 2288 621 2348 et
646 2301 790 2372 semper,
817 2278 911 2351 etin
938 2280 1079 2351 saecula.
1124 2281 1241 2352 Amen.
1289 2277 1335 2354 ‘O

93 2388 228 2483 ttoyota
253 2379 339 2463 τοὺς
364 2380 608 2479 εὐλογοῦντας
633 2404 665 2475 p.
678 2380 763 2452 370.

141 2486 281 2559 Glroros.
334 2484 554 2556 Berredictum
591 2482 634 2553 sit
667 2496 790 2553 nomen
815 2481 948 2555 Domini
984 2483 1088 2555 nostri
1123 2505 1213 2555 nunc
1239 2492 1273 2554 ct
1298 2481 1333 2554 irr

93 2588 204 2662 recula.
216 2584 239 2682 3)

140 2689 317 2762 Sacerdos
371 2686 439 2777 Tu,
475 2709 493 2756 o
529 2684 672 2776 Christe,
707 2685 898 2780 redemptor
932 2695 1058 2777 nester,
1093 2710 1128 2758 es
1162 2685 1333 2782 plenitudo

93 2792 148 2887 pis
184 2801 218 2862 et
250 2788 498 2886 prophetarum.
551 2787 615 2872 Qui
643 2787 845 2883 cornpleristi
872 2811 970 2859 omne
997 2800 1173 2883 paternum
1199 2789 1334 2860 manda·

93 2916 145 2986 un,
182 2916 245 2964 nos
281 2915 413 2989 quoque
447 2890 612 2985 compleas
647 2890 774 2985 Spiritu
800 2900 856 2961 tuo
884 2888 1019 2962 Sancto
1075 2887 1125 2960 Τὸ
1151 2885 1334 2984 πλήρωμα

93 2999 132 3067 οὗ
156 2999 279 3086 νόμου
306 3017 338 3090 p.
350 2992 435 3065 371

141 3096 280 3169 Clarus.
333 3093 484 3183 Alleluia,
512 3091 661 3183 Alleluia,
689 3090 838 3162 Alleluia.

140 3198 320 3270 Diaconos.
373 3194 553 3291 Sapientia.

142 3300 320 3372 Sacerdos.
374 3297 440 3369 Pax
466 3293 633 3368 omuibus.

142 3401 280 3474 Claros.
333 3399 376 3471 Et
402 3423 478 3471 cunr
502 3397 624 3493 spiritu
657 3406 724 3468 tuo.

142 3503 321 3575 Diaconos.
374 3501 557 3573 Audiamus
585 3521 658 3569 cum
686 3498 816 3569 timore.

143 3604 320 3677 Sacerdos.
374 3602 454 3674 Pars
480 3600 664 3696 Evangelii,
691 3598 780 3696 quod
807 3596 1005 3693 conscripsit
1022 3594 1164 3669 Sanetus
1184 3595 1336 3666 loannes.

93 3767 380 3784 b—

153 3860 176 3920 1)
193 3860 281 3910 Steelr:
305 3858 352 3908 lter
371 3859 473 3908 Diaaan:
499 3856 586 3918 Segne,
611 3855 679 3903 llerr.
715 3852 815 3902 lliarant
837 3851 922 3901 rimant
939 3865 966 3901 ar
983 3849 1037 3910 (der
1054 3848 1168 3908 Priastarl
1186 3848 1229 3898 das
1247 3847 1336 3910 heiliga

93 3937 219 4006 sarraliam
238 3946 261 3993 in
279 3945 346 3993 seina
364 3943 456 4003 Raude,
474 3942 538 3991 belet
556 3955 585 3989 on
605 3938 652 3988 and
671 3937 739 3987 lenset
755 3937 802 3987 dea
819 3937 892 3986 Alter.
928 3935 979 3985 ttnd
996 3934 1112 3984 nachdem
1131 3949 1158 3983 er
1175 3934 1199 3982 in
1217 3933 1256 3982 dle
1272 3933 1337 3983 llirte

94 4028 213 4080 erllirche
238 4028 465 4091 nerangelommea
489 4025 582 4091 spricht
606 4039 633 4073 er
656 4022 706 4072 lant
731 4022 774 4071 das
798 4020 910 4082 [algendo
928 4020 1017 4070 aeter:
1043 4019 1090 4070 Der
1108 4019 1143 4068 Da
1167 4025 1264 4079 segnsst
1288 4016 1336 4077 die,

93 4109 157 4163 relaba
174 4115 233 4163 nich
258 4128 347 4176 aegaea
371 4114 419 4162 und
444 4111 516 4172 heilig
540 4109 648 4159 machest
665 4107 703 4156 die
722 4107 764 4156 aul
780 4105 838 4155 Diclr
857 4105 1003 4154 lloltenden:
1028 4111 1116 4153 erretta
1133 4102 1193 4152 Dein
1210 4101 1269 4151 von
1286 4100 1338 4150 und

93 4205 143 4256 tgna
158 4200 216 4249 Dein
234 4199 306 4257 Erae,
325 4198 416 4247 erhalla
435 4197 472 4246 dia
491 4193 663 4246 Gesamnuheit
680 4191 768 4240 Deiner
785 4190 887 4251 Atrans,
912 4190 1001 4251 remige
1020 4188 1071 4249 DIe,
1094 4188 1185 4237 welche
1204 4185 1337 4236 witliche
1390 4192 1396 4207 ·

93 4275 116 4326 lo
137 4283 265 4340 Schanlrait
290 4284 377 4332 netues
405 4282 496 4331 llouses
525 4279 648 4328 rerchren.
694 4274 858 4325 Varherrliche
885 4273 920 4323 Du
945 4288 992 4322 uns
1022 4273 1064 4322 mit
1090 4273 1179 4322 Deiner
1204 4270 1336 4334 gottliahen

93 4365 247 4418 retrusa.

154 4453 179 4512 2)
196 4455 281 4504 Seeck:
298 4477 332 4487 -
351 4452 436 4514 denen,
455 4450 544 4500 welche
563 4449 601 4498 die
619 4448 709 4501 Walter
729 4446 768 4495 sur
782 4446 818 4494 sie
836 4445 916 4506 (reges
934 4442 1066 4503 christiani)
1085 4443 1195 4492 nahmen.

154 4537 179 4600 3)
195 4539 281 4591 Staclr:
299 4537 347 4588 Das
365 4538 424 4588 llolk
440 4536 534 4601 spriclrt
550 4532 665 4585 dreimal:
683 4533 715 4583 Ea
734 4531 769 4581 sel
787 4531 832 4581 der
847 4530 923 4580 Nema
940 4544 1033 4580 u.a.rr.
