3044 4912
730 271 802 347 631

127 453 292 549 ἀνομίας
316 454 381 530 καὶ
405 454 473 540 τὰς
498 453 683 586 ἁμαρτίας
705 462 776 532 τοῦ
799 451 938 533 δούλου
961 479 1044 583 σρυ,
1069 457 1260 588 τοῦδε,
1211 490 1266 535 τα
1283 468 1405 589 πλημ-

128 554 325 686 μελήματα
351 556 469 633 αὐτοῦ
494 558 541 632 τά
567 555 717 635 ἑκούσια
741 558 806 634 καὶ
830 557 877 632 τά
905 554 1075 649 ἀκούσια,
1110 559 1158 635 τά
1199 564 1241 635 ἐν
1265 562 1403 664 γνώσει

129 658 197 735 καῖ
228 659 324 735 ἐν’
304 659 462 788 αγνοίᾳ,
484 660 531 735 τά
565 664 607 736 ἐν
611 657 862 790 παραβάσει
882 659 1019 737 καλὸν
1050 671 1222 760 παρακοῇ
1229 719 1242 753 ,
1280 662 1376 738 τὸ
1360 694 1402 740 εν

130 760 241 836 νυκτὶ
272 761 336 836 καὶ
369 761 462 836 ἐν
440 761 572 891 ημέρη,
605 759 629 859 6
661 759 735 838 ὐπὸ
766 758 937 889 κατάραν
967 762 1104 890 ἱερέως,
1136 762 1160 861 6
1201 765 1340 862 πατρὸς
1377 765 1401 865 6

129 862 288 991 ειητέρρς
311 863 466 989 ἐγένετο,
491 864 515 961 6
508 862 803 994 ὐφθαλμὸν“
771 863 954 940 ειστίασεν
972 862 997 960 6
1015 864 1200 994 ὄσφρησιν
1225 864 1401 997 ἐξεθήλυ-

129 992 211 1052 νεν,
231 963 267 1091 6
301 964 382 1062 ἀφῇ
412 964 773 1063 κατεμαλακίσθη
748 996 771 1063 η
830 963 927 1040 εὐσει
959 963 1264 1092 κατεπόρνευσεν,
1296 968 1376 1066 6
1360 998 1401 1046 εν

132 1061 391 1162 οἱρδήποτε’
353 1094 491 1163 κινησει
518 1065 655 1167 σαρκὸς
673 1066 698 1194 6
718 1095 928 1164 πνευματος
943 1076 1011 1144 τοῦ
1027 1093 1096 1144 σου
1079 1065 1400 1200 ’ἀπηλλοτριώθη

131 1164 355 1263 θελήματος,
388 1168 452 1243 καῖ
483 1176 548 1265 τῆς
579 1174 645 1265 σῆς
659 1166 872 1297 ἁγιότητος.
924 1172 974 1243 Ε
971 1199 1009 1243 τε
1033 1168 1199 1268 ἥμαρτεν
1224 1169 1337 1256 αὐτός
1361 1203 1400 1248 τε

128 1268 195 1343 καῖ
219 1268 334 1364 ἡμεῖς,
361 1268 412 1354 ώς
437 1270 585 1400 ἀγαθὸς
607 1269 671 1345 καὶ
697 1270 966 1401 ἀμνησίκακρς
977 1271 1064 1355 Θεὸς
1087 1270 1152 1347 καῖ
1177 1269 1400 1371 φιλοίνθρω·

129 1398 211 1495 πος,
247 1368 502 1498 συγχώρησον,
534 1373 596 1497 μη
618 1374 692 1448 ἐοῖν
716 1372 834 1449 αὐτὸν
858 1373 922 1448 καὶ
945 1372 1042 1469 ἡμᾶς
1068 1378 1119 1457 ελς
1141 1373 1210 1448 τὸν
1234 1379 1401 1472 ῥερυπω-

128 1500 247 1566 μενον
278 1472 367 1570 βίον
398 1480 631 1563 καταπεσεῖν,
663 1473 758 1570 μηδὲ
782 1480 833 1561 ελς
857 1477 924 1559 τοῖς
949 1473 1144 1571 ὀλεθρίους
1169 1474 1326 1560 ὸδοὸς
1306 1505 1400 1552 απο-

127 1576 282 1669 τρέχειν.
335 1575 422 1664 Ναὶ,
448 1574 609 1704 δέσποτα
627 1574 795 1704 Κύριε,ἒ
779 1573 988 1654 ἐπάκουσά
1012 1605 1101 1666 μου,
1126 1585 1196 1652 τοῦ
1221 1577 1400 1675 ἀμαρτω-

128 1683 211 1763 λου,
237 1678 278 1750 ἐ
256 1683 348 1804 616
376 1675 455 1775 ώρηι
479 1675 597 1774 ταύτη
622 1677 715 1773 ὑπερ
742 1687 811 1754 τοῦ
837 1675 975 1754 δούλου
984 1706 1102 1808 Ησου,
1115 1677 1239 1769 τοῦδε,
1265 1679 1399 1779 πάριδε

127 1775 181 1861 ώς
203 1776 468 1906 66666626209·
473 1778 559 1863 Θεὸς
583 1777 630 1852 τά
648 1776 931 1876 παραπτώματα
950 1780 1068 1855 αὐτοῦ
1085 1779 1252 1856 ἅπαντα
1279 1782 1399 1857 ἀπόλ-

126 1882 243 1963 λαξον
278 1879 394 1955 αὐτὸν
426 1888 490 1977 τῆς
522 1879 678 1957 αλωνίου
710 1877 905 1963 κολάσεως.
962 1879 1012 1955 Τὸ
1044 1877 1164 1977 στόμα
1191 1883 1311 1959 αὐτοῦ
1334 1893 1399 1983 τῆς

127 1986 196 2077 σῆς
222 1981 393 2085 αἰνέσεως
418 1980 626 2111 πλήρωσον,
658 1981 706 2057 τὸ
727 1982 830 2079 χείλη
856 1982 974 2058 αὐτοῦ
1000 1983 1150 2067 ἄνοιξον
1175 1982 1266 2079 πρὸς
1291 1984 1399 2071 δοξο-

125 2080 261 2208 λογίαν
292 2093 360 2158 τοῦ
393 2080 576 2180 ὸνόματός
608 2110 690 2175 σου,
721 2083 789 2168 τὰς
812 2089 945 2180 χεῖρας
977 2084 1094 2159 αὐτοῦ
1119 2085 1281 2162 ἔκτεινον
1306 2085 1398 2183 πρὸς

124 2182 306 2312 ἐργασίαν
332 2193 410 2260 τοῖν
436 2188 596 2261 ἐντολῶν
622 2213 704 2275 σου,
737 2184 825 2271 τούς
849 2183 1039 2315 πόδας
993 2192 1111 2261 αυτοῦ
1135 2186 1226 2313 πρὸς
1252 2185 1397 2318 δρόμον

124 2292 196 2412 τρῦ
227 2285 466 2412 εὐαγγελίου
476 2313 545 2362 σου
570 2284 820 2377 κατεύθυνον,
853 2284 976 2363 πάντα
1002 2285 1120 2363 αὐτοῦ
1145 2287 1193 2362 τὸ
1219 2288 1308 2386 μέλη
1332 2289 1398 2365 καὶ

124 2385 197 2483 τὴν
222 2384 396 2465 διάνοιαν
420 2396 466 2486 τῆ
492 2398 540 2486 σῇ
564 2386 1004 2518 κατασῳαλιζόμενος’
952 2418 1088 2518 χαριτι.
1130 2389 1192 2464 Σὸ
1217 2389 1395 2518 γάρεο
1318 2388 1395 2466 είό

129 2489 272 2572 Θεὸς
251 2499 372 2614 ημοῖν,
407 2490 428 2619 6
461 2489 524 2566 διὰ
556 2498 633 2566 τών
661 2489 794 2619 ἁγίων
806 2516 875 2567 σου
902 2486 1119 2566 ἀποστόλων
1144 2493 1397 2621 ἐντειλαμενρς

123 2588 219 2686 ἡμῖν
245 2591 378 2719 λέγων·
407 2591 476 2667 ὅσα
504 2591 552 2666 ἀν
568 2590 753 2724 δησητεέ
755 2593 797 2667 πῖ
820 2599 894 2723 της
907 2600 987 2718 γῆς,
1021 2592 1123 2666 ἔσται
1149 2589 1370 2685 δεδεμένα’
1355 2622 1396 2669 εν

121 2698 204 2776 τοῖς
228 2693 402 2823 οὐρανοῖς
426 2696 490 2768 καὶ
515 2694 584 2771 ὅσα
609 2693 659 2771 ἀν
682 2692 853 2822 λύσητε
837 2693 897 2769 επὶ
919 2701 983 2792 τῆς
984 2702 1078 2823 γῆς,
1096 2695 1200 2767 ἔσται
1216 2694 1396 2792 λελυμένα

123 2796 169 2869 έν
193 2799 270 2878 τοῖς
296 2795 478 2892 οὐρανοῖς.
509 2796 580 2871 Καὶ
604 2794 733 2872 πόλιν·
760 2798 809 2873 ἀν
834 2824 950 2872 τινων
976 2794 1093 2923 ἀφητε
1113 2792 1180 2879 τάς
1197 2794 1395 2895 ἁμαρτίας,

125 2895 302 3022 ἀφίενται
335 2898 477 2982 αὐτοῖς
511 2901 560 2975 ἀν
592 2928 708 2974 τινων
738 2906 908 2996 κρατῆτε,
940 2925 1193 3024 κεκρατηνται.
1245 2898 1375 2972 Καὶ
1346 2927 1396 2983 ως

122 2992 361 3127 ἐπηκουσας’
359 2998 552 3091 Εζεκίουέ
554 3029 577 3076 ν
602 3009 648 3129 τῐγ
673 2999 803 3098 θλίψει
827 3007 892 3095 τῆς
914 3006 1037 3096 ψυχῆς
1059 2998 1176 3072 αὐτοῦ
1194 3001 1234 3072 ἐν
1250 3006 1297 3094 τῇ
1314 2997 1395 3127 6666

123 3105 195 3226 666
220 3097 396 3176 θανᾶτου
422 3101 553 3190 αὐτοῦ,
579 3103 704 3178 καλου
689 3097 947 3199 παρεῖδες
907 3127 977 3194 την
993 3096 1182 3194 δέησιν
1136 3107 1267 3187 αυτοῦ,
1294 3099 1393 3174 οὕτω

121 3200 250 3295 κάμοῦ
275 3210 344 3278 τοῦ
368 3211 545 3330 ταπεινρῦ
569 3203 632 3278 καὶ
658 3202 889 3331 ἀμαρτωλοῦ
900 3228 964 3274 και
952 3197 1136 3284 ἀναξίου
1154 3196 1292 3275 δούλου
1310 3225 1393 3292 σου,

120 3298 375 3430 ἐπάκουσον
359 3332 400 3379 εν
424 3311 472 3401 τῇ
497 3304 576 3403 ὥρᾳ
602 3301 729 3432 ταύτη.
757 3301 820 3378 Σὺ
840 3300 918 3429 γὰρ
944 3299 988 3391 εί,
1013 3297 1127 3399 Κύριε
1145 3301 1268 3398 Ἰησοῦ
1295 3307 1394 3401 Χρι-

125 3401 201 3529 στὸ,
235 3403 255 3479 6
258 3404 652 3534 ἑβδομηκοντάκις“
635 3404 725 3479 επτά
762 3405 912 3502 ἀφιέναι
943 3408 1021 3489 τοῖς
1045 3401 1393 3500 περιπίπτουσινὸν

122 3504 326 3603 ἁμαρτίαις
349 3505 603 3603 zezs6oac,zf
558 3514 677 3633 6166
703 3503 913 3633 ἀγαθότητι
937 3534 1001 3580 και
989 3504 1303 3603 φιλανθρωπίᾳ,
1328 3505 1393 3580 καὶ

121 3618 320 3697 μετανοῶν
354 3611 413 3684 ε’πῖ
445 3617 526 3694 ταῖς
560 3608 705 3692 κακίαις
738 3607 859 3705 ἡμῶν,
894 3606 958 3681 καὶ
987 3604 1134 3733 χαίρων
1159 3605 1217 3679 ἐπὶ
1242 3614 1290 3702 τῇ
1314 3608 1393 3682 ἐπι-

122 3719 272 3839 στροφῇ
288 3718 366 3786 ταῖν
380 3708 718 3839 πεπλανηυένων,”
697 3738 753 3785 οτι
768 3709 853 3805 ώςη
840 3702 1122 3836 ‘6676606666
1118 3730 1201 3797 σου,
1217 3706 1314 3836 0616
1327 3707 1392 3783 καῖ

120 3809 167 3885 τὸ
183 3810 280 3897 έλεός
298 3838 377 3888 σου.
398 3814 472 3887 Καὶ
490 3816 548 3888 σοί
564 3812 635 3909 τὴν
651 3809 804 3939 δόξαν’
783 3810 1062 3905 αναπέμπουεν,
1080 3807 1153 3884 σὺν
1167 3816 1221 3906 τώ
1237 3806 1391 3911 ἀνόρχῳ

121 3937 194 3988 σου
206 3914 344 4041 πατρὶ,
376 3914 519 4013 καὶτῷ
541 3914 724 4044 παναγίῳ
755 3913 819 3988 καὶ
843 3913 991 4042 ἀγαθῷ
1023 3910 1087 3986 καὶ
1106 3909 1289 4039 ζωοπριρῖ
1321 3936 1392 3987 σου

120 4011 319 4112 πνεύματι,
346 4024 419 4092 νῦν
444 4017 506 4091 καὶ
533 4015 602 4106 ἀεὶ,
627 4014 691 4091 καῖ
715 4020 766 4099 ελς
789 4013 877 4098 τούς
903 4019 1044 4098 αλῶνας
1067 4020 1148 4087 τοῖν
1169 4008 1329 4090 αἰώνων.
1340 4014 1363 4112 ¹)

446 4145 681 4234 06660609‘
671 4145 786 4235 ιερεός.
827 4142 1063 4235 Προκείμενον.

205 4248 331 4348 Κύριε,
357 4250 408 4346 μὴ
434 4259 488 4348 τῷ
513 4255 632 4348 Θυμοῖ
658 4276 727 4326 σου
753 4249 906 4377 ελέγξης
919 4278 978 4344 με,
1004 4247 1108 4344 μηδέ.

205 4362 331 4449 Στίχος.
371 4349 541 4449 Ἐλέησόν
565 4383 625 4450 με,
651 4350 816 4450 Κύριε,
804 4350 860 4424 ότι
887 4349 1050 4447 ἀσθενής
1075 4355 1160 4445 είμι.

210 4549 234 4609 1)
251 4546 319 4597 Edita
337 4542 425 4595 λεοειι
442 4558 456 4594 ι
476 4541 565 4595 Rutilio
583 4542 704 4595 εοοὸῖιιι
724 4556 778 4593 me
796 4542 930 4593 orationem
947 4548 1074 4594 ιιειιοιοι.
1171 4621 1186 4658 *

1130 4623 1159 4662 ιι
