3044 4912
744 212 822 323 in

146 428 374 533 θαριύςιιτις
404 429 552 516 παντὸς
567 425 681 506 δόλου
705 428 771 506 καί
794 426 914 526 πάσης
936 424 1178 526 ὑποκρίσεως,
1212 424 1354 515 inoffici¹

147 532 315 633 ἀλλήλοίς
342 538 400 631 τῷ
429 539 495 630 τῆς
526 527 671 631 ελρήνης
694 531 759 608 καὶ
782 536 847 629 τῆς
871 527 1018 633 ἀγάπης
1042 524 1255 625 συνδέσμῳ,
1288 524 1354 623 βοά

148 647 305 737 σύμεναι.
329 639 386 733 τῷ
416 641 481 730 τῆς
506 646 572 732 σῆς
595 632 830 735 θεογνασίας
856 631 1044 734 ἁγιασμῷ,
1076 628 1141 706 διὰ
1166 635 1237 704 τοῦ
1262 654 1354 724 μονα

121 794 126 801 ,
147 745 236 823 νοῦς
261 762 331 813 σου
352 737 450 826 Υίοῦ,
477 734 620 834 Κυρίου
647 733 689 811 (λε’
708 735 772 811 καὶ
787 737 967 833 Σωτῆρος
981 732 1092 829 ἡμῶν
1100 731 1225 829 Ἰησοῦ
1237 735 1354 828 Χρισι

147 841 237 938 μεθ’
268 832 532 940 οὐρεύλογητός
556 836 589 912 ελ
615 836 688 913 οὐν
711 841 767 936 τῷ
790 834 963 938 παναγίῳ
988 835 1051 910 καὶ
1077 834 1219 935 ἀγαθῶ
1242 830 1354 922 καὶζ

148 947 244 1039 ποιῶ
276 965 345 1016 σου
373 937 582 1034 Πνεῦματι,
613 943 689 1016 νῦν
718 938 783 1015 καὶ
813 938 872 1014 ἀεὶ
902 938 966 1012 καὶ
991 942 1041 1021 ελς
1065 935 1153 1021 τούς
1177 939 1321 1018 αἰῶνας
1344 962 1354 1007 ι

150 1041 310 1120 αλοίνίον.
345 1040 473 1138 Ἀμήν.

666 1151 703 1222 ‘O
727 1152 890 1236 διάκονος.

226 1263 298 1337 XX.
326 1265 491 1354 Στῶμεν
515 1265 649 1349 καλῶς,
676 1265 825 1355 στῶμρν
848 1259 1030 1356 εὐλαβῶς,
1057 1262 1206 1350 στῶμεν
1231 1253 1327 1351 μετὰ

118 1364 224 1461 Ιβου
263 1367 357 1438 Θεοῦ
388 1360 451 1436 καὶ
486 1358 729 1446 κατανύξεως.
739 1362 761 1457 ¹)
807 1361 871 1437 Ἕν
904 1357 1028 1458 εἰρήνη
1061 1369 1131 1434 τοῦ
1162 1356 1308 1455 Κυρίου
1340 1355 1354 1433 ί

149 1468 295 1561 θῶμεν.
687 1525 692 1535 .

694 1557 733 1628 ‘0
762 1557 878 1649 ίερείς.

217 1664 302 1742 Ὅτι
322 1662 409 1747 Θεὸς
433 1659 588 1760 ελρήνης,
615 1664 746 1753 ἐλέους,
773 1661 930 1766 ἀγάπης,
958 1667 1173 1760 οἰκτιρμῶν,
1199 1660 1263 1736 καὶ
1289 1669 1355 1759 φιλ

151 1762 324 1863 θρωπίας
355 1762 532 1862 ὑπάρχεις
563 1763 630 1853 σύ,
661 1766 726 1840 καὶ
759 1764 779 1840 ὃ
811 1761 1014 1894 μονογενής
1047 1789 1116 1840 σου
1155 1763 1248 1853 Υἱὸς,
1282 1761 1347 1838 καὶ

152 1865 312 1965 Πνεῦμά
338 1892 407 1943 σου
432 1868 475 1942 τὸ
499 1863 686 1968 πανάγιον
710 1874 783 1943 νῦν
807 1866 871 1942 καὶ
897 1866 963 1942 αεί.

707 2016 746 2084 “O
768 2013 860 2096 λαός.

219 2101 347 2201 Ἀμήν.

688 2198 733 2269 .‘0
756 2197 873 2292 ίερεύς.

227 2303 366 2407 Εἰρήνη
391 2315 516 2382 πᾶσιν.

709 2399 747 2470 ‘0
768 2402 861 2484 λαός.

227 2493 302 2567 Καὶ
333 2499 388 2590 τῷ
413 2486 598 2586 πνεύματί
623 2490 703 2564 σου.

674 2617 712 2688 ‘0
735 2618 898 2702 διάκονος.

221 2721 550 2827 Ἀγαπήσωμεν
582 2720 808 2821 ἀλλήλους
840 2728 888 2801 ἐν
914 2724 1141 2825 φιλήματι
1167 2725 1294 2828 ἁγίῳ.
1352 2741 1354 2756 ¹

150 2828 314 2928 κεφαλὰς
337 2826 446 2925 ἡμῶν
470 2830 526 2925 τῷ
551 2826 679 2925 Κυρίῳ
706 2825 901 2923 κλίνωμεν.

332 2975 370 3045 Ὁ
394 2973 500 3064 ίερεύς
521 2972 771 3063 ὐπικλινόμενος
791 2976 881 3065 λέγει
902 2976 960 3066 τήν
982 2973 1077 3066 εὐχήν
1098 2974 1229 3068 ταύτην.

230 3101 318 3174 XXI.
351 3097 394 3175 Ὁ
426 3095 542 3193 μόνος
566 3093 703 3194 Κύριος
734 3097 797 3171 καὶ
831 3093 994 3194 ἐλεήμων
1023 3098 1123 3188 Θεὸς,
1156 3105 1233 3182 τοῖς
1257 3097 1354 3175 κλίντ

152 3201 238 3284 τούς
272 3202 418 3274 ἑαυτῶν
444 3199 602 3293 αὐχένας
627 3195 786 3274 ἐνώπιον
812 3206 881 3274 τοῦ
906 3198 1015 3301 ἁγίου
1043 3201 1329 3297 θυσιαστηρίου,

153 3301 362 3396 ἐπιζητοῦσι
393 3300 460 3383 τὰς
485 3300 585 3396 παρὰ
610 3306 680 3376 σοῦ
705 3301 956 3396 πνευματικὰς
980 3300 1135 3398 δωρεὰς,
1169 3301 1354 3386 ἐξαπόστελ

152 3402 221 3500 τὴν
249 3400 363 3499 χάριν
389 3425 457 3476 σου
483 3401 552 3498 τὴν
578 3401 744 3503 ἀγαθήν,
777 3402 840 3476 καὶ
865 3400 1066 3504 εὐλόγησαν
1092 3401 1234 3487 πάντας
1259 3404 1354 3501 ἡμᾶς

240 3574 263 3636 1)
280 3575 338 3621 iiais
354 3577 507 3620 isscmannns
524 3569 679 3631 καταύξειις.
713 3569 866 3632 Κατάνυξις
881 3598 917 3620 =
934 3579 1073 3634 compunctio
1093 3579 1174 3623 cordis.
1211 3580 1238 3623 ci.
1257 3591 1278 3624 c.
1291 3581 1333 3622 ii.

154 3829 306 3892 Dionysio
331 3829 458 3878 orditus
480 3828 573 3879 Missa
598 3830 715 3880 iacobi.
751 3830 889 3891 cognoscas
908 3831 979 3893 igilur
997 3836 1020 3880 ct
1038 3829 1221 3890 animadvertas,
1246 3831 1312 3894 quod
1331 3846 1354 3880 m

155 3914 268 3963 momenti
292 3921 316 3962 ci
340 3914 455 3978 ponderis
473 3921 523 3963 ssi:
546 3915 626 3977 primo
645 3914 757 3964 omnibns
775 3927 836 3978 quac
854 3915 910 3963 huic
927 3915 1030 3964 orationi
1048 3917 1194 3980 praecedant
1211 3915 1297 3965 dccssa
1316 3924 1353 3968 tra

153 4011 207 4047 nem
226 3996 392 4060 apostolicum,
412 3998 466 4047 dcin
485 3999 596 4062 antiquos
615 3998 765 4048 Christianos
783 4012 837 4048 cnm
857 3999 887 4047 ad
905 3999 1029 4062 oposioios
1048 4001 1072 4050 in
1091 4001 1226 4049 universnm
1246 4009 1296 4050 inm
1316 4001 1347 4051 ad

153 4068 209 4132 hn'nn
228 4081 340 4131 retulisse
358 4083 490 4146 spectantia
507 4082 660 4146 pronimsnd
678 4082 855 4132 cucharistiam.
889 4083 972 4148 itaqnc
1000 4085 1109 4135 firmatur
1134 4086 1264 4149 disputatio
1292 4094 1354 4136 nosti

151 4163 230 4213 cultos
248 4164 376 4215 Christiani
394 4166 532 4231 piimcrdiis
549 4182 574 4231 p.
585 4166 647 4232 Θιρ.

239 4248 348 4299 Occurrit
377 4251 468 4299 oratio:
493 4251 557 4299 Dens
575 4253 682 4300 omnium
701 4251 801 4301 Domine
819 4260 864 4302 cic.
898 4253 919 4303 in
940 4254 1044 4317 Liinngin
1063 4256 1088 4305 S.
1107 4255 1188 4305 Basilii
1205 4254 1314 4319 Coptica,
1339 4271 1351 4306 s

152 4330 267 4394 scriplum
288 4342 338 4382 esi:
357 4335 467 4384 Oratio
487 4335 577 4385 Pacis
595 4335 704 4385 Iacchi
722 4337 875 4399 Apostoli.

238 4418 295 4480 Cap.
315 4418 361 4468 XX.
398 4418 554 4469 Consentiunt
572 4419 602 4470 Μ.
621 4427 645 4470 ολ
662 4420 690 4469 R.

237 4500 294 4563 Cap.
312 4502 370 4551 xxi.
406 4502 495 4552 iteruin
516 4519 565 4553 non
584 4504 697 4555 diffcsnnt
714 4502 743 4554 is.
763 4505 829 4556 ciii.
