3044 4912
657 222 727 295 341

136 401 245 500 εΥπὲρ
277 410 346 477 τοῦ
379 410 670 499 συΗυπολεειῆσαι,
703 402 767 477 καὶ
798 398 1024 487 ὑποτύξαι“
1003 402 1074 478 υπὸ
1099 402 1186 487 τοὺς
1210 401 1329 491 πόδας

97 508 191 580 ἰτων
216 501 341 579 πάντα
366 504 507 602 ἐχθρὸν
531 504 594 578 καὶ
618 506 805 601 πολέαιον,
830 512 899 579 τοῦ
923 504 1065 633 λυρίου
1092 504 1301 603 δεηθῶιιεν.

139 606 244 731 ’Υπὲρ
270 613 334 702 τῆς
360 604 468 732 ἀγίας
485 612 620 701 Μονῆς
646 616 679 709 (ἢ
700 626 759 709 τῆς
778 616 922 701 πόλεως)
944 602 1091 703 ταύτης,
1117 604 1237 734 πόσης
1261 606 1329 683 πό-

100 737 162 795 ως,
186 705 325 803 χώρας,
351 706 517 781 καὶτῶν
543 706 660 781 πίστει
687 702 930 782 ολκούντων’
917 735 957 781 εν
984 708 1125 799 αὐτοῖς,
1157 718 1226 785 τοῦ
1251 718 1330 787 Kv-

97 808 382 936 ΜΜΜΜ

140 910 264 1008 ’Υπὲρ
291 909 544 1007 εὐκρασίας
565 909 713 1007 ἀέρων
739 912 814 1005 (λου.
834 914 907 1009 22),
935 910 1111 1037 εἰφορίας
1135 921 1213 989 τῶν
1237 942 1330 1013 καρ-

97 1020 146 1087 ῶν
170 1021 235 1107 τῆς
258 1019 337 1112 γῆς,
363 1010 426 1085 καὶ
450 1019 592 1109 καιρῶν
617 1016 824 1108 εἰρηνικῶν,
857 1019 925 1087 τοῦ
952 1012 1092 1110 Κυρίου
1118 1012 1331 1113 δεηθῶιιεν.

127 1112 269 1239 Ὑπὲρ
295 1108 550 1202 πλεόντων,
578 1111 981 1209 ὁδοιπορούντων,
1007 1112 1236 1206 νοσούντων,
1261 1146 1329 1191 κα-

97 1212 250 1303 νόντων,
278 1211 589 1309 αλχααλοίτων
606 1217 720 1311 (Clem
734 1218 768 1290 8
794 1217 858 1290 lac.
872 1220 945 1314 22),
971 1216 1033 1289 καὶ
1059 1224 1124 1313 τῆς
1147 1217 1330 1317 σωτηρίας

97 1316 202 1404 ἀτοῦν,
229 1324 296 1389 τοῦ
323 1314 464 1413 Λυρίου
491 1315 699 1411 δεηθωυεν.

142 1416 267 1513 Υπερ
303 1424 385 1491 τοῦ
410 1356 693 1546 ῥωσθῆναι
672 1426 858 1513 ηυᾶςι
816 1416 903 1492 ἀπὸ
929 1415 1076 1515 ποίσης
1102 1418 1328 1517 θλίψεως,

99 1526 220 1643 ργῆς,
252 1514 503 1608 κινδύνου,
536 1519 613 1593 καλ
646 1517 871 1619 ἀνάγκης,
904 1528 988 1595 τοῦ
1013 1520 1190 1617 Κυρίου
1223 1521 1329 1619 δεη-

97 1628 234 1714 ῶμεν.

139 1722 383 1817 Ἀντιλαβοῦ,
428 1727 606 1808 σῶσον,
650 1721 864 1817 ἐλέησον,
909 1751 988 1795 και
1031 1720 1329 1821 διαφύλαξον

102 1830 199 1915 μᾶς,
227 1822 246 1896 ὁ
276 1821 448 1910 θεὸς,τ
427 1829 478 1917 τῆ
506 1830 558 1917 σῇ
581 1818 742 1919 χοίριτι
770 1825 844 1917 (λκιο
865 1827 937 1919 22).

151 1930 234 2019 Της
269 1922 538 2048 Παναγίας,
581 1921 837 2022 ἀχριίντου,
874 1924 1328 2053 ύπερευλογημένης,

100 2022 277 2113 νδόξου,
309 2022 610 2119 δεσποίνης”
590 2053 718 2120 ημων
747 2022 995 2114 Θεοτόκου,
1028 2026 1107 2100 καὶ
1133 2028 1330 2127 ἀειπαρ-

97 2124 207 2201 λίνου
244 2125 474 2225 Μαρίας
472 2124 583 2199 αετά
619 2123 805 2201 πάντων
840 2135 931 2201 τῶν
967 2126 1114 2228 ἀγίων
1149 2156 1330 2254 μνημο-

97 2224 345 2317 εύσαντες,
387 2226 610 2315 ἑαυτούς,
652 2228 729 2302 καὶ
732 2225 1016 2353 ἀλληλυυς,
1058 2230 1137 2303 καὶ
1175 2238 1330 2307 πᾶσαν

103 2431 225 2505 8.22.

201 2447 211 2527 j
517 2542 587 2611 Η0
577 2544 683 2634 ιερεὺς
703 2542 868 2636 ἕκφιόνως.

137 2648 219 2724 Ὅτι
252 2647 376 2745 πρέπει
410 2671 468 2721 σοι
502 2657 604 2721 πᾶσα
639 2645 744 2738 δόξα,
779 2649 874 2778 τιμὴ
898 2649 960 2723 καὶ
986 2647 1239 2750 προςκύνησις,
1274 2658 1330 2779 τερ

97 2750 188 2847 ατρὶ,
214 2778 277 2823 και
302 2757 355 2821 το]
381 2750 466 2847 υἱῳ,
492 2750 554 2823 καὶ
580 2758 633 2823 τῶ
660 2750 756 2853 ἁγίῳ
781 2747 976 2849 πνεύαατι,
1003 2760 1075 2827 νῦν
1092 2752 1156 2827 καὶ
1172 2752 1242 2843 ἀει,
1267 2752 1332 2829 καὶ

97 2880 118 2935 ς
139 2881 226 2933 τους
252 2855 391 2935 αλῶνας
415 2858 493 2927 τῶν
519 2824 680 2927 αλιόνων.

147 3054 219 3129 XV·
264 3066 334 3135 Καὶ
360 3064 526 3158 ψάλλεται
554 3068 593 3135 τὸ
620 3075 753 3155 πρῶτον
775 3062 961 3157 ἀντίφωνον
981 3065 1075 3153 παρὰ
1095 3073 1160 3133 τῶν
1181 3072 1331 3155 ψαλτῶν,

97 3168 120 3237 ιλ
141 3165 160 3237 6
183 3166 290 3255 ἱερεύς
310 3167 399 3257 λέγει
418 3170 477 3259 τὴν
498 3165 594 3257 εὐχὴν
614 3174 674 3235 τοῦ
695 3163 899 3258 ἀντιφώνου·
922 3165 940 3235 ό
963 3167 1001 3235 δὲ
1023 3163 1176 3249 διάκονος
1188 3194 1331 3256 προςιο-

97 3266 165 3349 ἴσας
189 3266 395 3355 μεθίσταται
422 3271 458 3339 έκ
484 3276 544 3338 τοῦ
565 3268 673 3338 τόπου
695 3268 807 3351 αὐτοῦ,
834 3268 891 3337 καὶ
912 3264 1073 3337 ἀπελθών
1093 3270 1228 3339 ἵσταται
1249 3268 1332 3339 ἐνιό-

97 3396 143 3439 ιον
164 3378 224 3460 τῆς
245 3368 371 3451 εἰκόνος
392 3378 452 3439 τοῦ
465 3378 625 3461 Χριστοῦ,
646 3370 780 3455 βλέπων
800 3370 888 3458 πρὸς
909 3369 1045 3457 δυσμὰς,
1066 3378 1193 3461 κρατῶν
1213 3372 1330 3441 καὶτὸ

97 3470 210 3563 ρόριον
230 3478 302 3553 τοῖς
321 3472 411 3561 τρισὶ
432 3470 606 3552 δακτύλοις
626 3478 684 3561 τῆς
706 3472 818 3553 δεξιᾶς
835 3472 956 3561 χειρὸς.

201 3588 288 3681 Εύχή
310 3598 371 3659 τοῦ
393 3588 435 3660 α’.
464 3587 661 3681 ἀντιφώνου,
683 3616 723 3679 ην
744 3590 833 3680 λέγει
854 3588 905 3659 6‘
895 3614 1001 3677 ιερεις
1020 3596 1195 3675 μυστικως.

149 3694 327 3793 Κύριε,“
310 3727 329 3770 ο
359 3694 496 3780 θεὸς“
475 3723 597 3823 ημων,
631 3688 676 3770 οὗ
707 3694 750 3769 τὸ
782 3690 916 3819 κρότος
948 3692 1179 3783 ἀνείκαστον,
1212 3692 1276 3769 καὶ
1305 3726 1330 3792 η

97 3794 158 3885 όξα
183 3794 453 3895 ἀκειτοίληπτος·
482 3791 527 3872 οὗ
551 3796 594 3870 τὸ
619 3796 758 3879 ελεος’
738 3796 957 3895 αιιέτρητον,
982 3795 1045 3869 καὶ
1069 3796 1332 3922 ἡφιλανθρω-

97 3899 133 3977 ία
167 3902 328 4000 ἀρατος
363 3898 486 3988 αάιδς,
519 3898 692 3987 δέσποτα,
727 3897 823 3973 κατὰ
854 3896 924 3994 τὴν
956 3894 1230 3999 εύσπλαγχνίαν
1261 3924 1331 3973 σου

97 4058 207 4065 —-
238 4056 371 4065 --·.-—-

153 4140 215 4191 cap.
231 4139 278 4191 11.
312 4140 368 4189 λιιι.
382 4138 432 4189 687
455 4132 525 4187 κατὰ
548 4136 596 4201 τὴν
619 4134 671 4199 σὴν
692 4132 788 4187 sam.
823 4138 849 4189 C.
875 4125 1031 4203 λκρωνῆσει
1053 4136 1199 4187 ειιιιιλοιλεε
1223 4126 1265 4186 ὅτι
1286 4132 1334 4187 σολ

97 4220 166 4293 mm
183 4224 266 4291 (quam
285 4226 388 4275 orationi
405 4226 497 4289 primae
515 4224 659 4289 antiphonae
678 4222 795 4285 adsignat)
812 4222 934 4285 subiungit
951 4230 1045 4271 cantum
1063 4221 1162 4287 populi:
1179 4214 1291 4287 ἀγαθὸν
1303 4216 1333 4271 τὸ

97 4308 295 4377 ομολογεῖσίλαι
319 4306 357 4372 τῷ
372 4308 468 4373 Κυρίῳ
491 4306 538 4355 καλ
562 4300 678 4358 ψάλλειν
695 4304 733 4371 τῷ
749 4296 868 4401 ὀνόματί
882 4318 944 4369 σου,
962 4296 1070 4367 ὗψιστε.
1108 4296 1147 4355 Τὸ
1163 4296 1231 4355 111’116
1246 4302 1286 4361 ελς
1302 4319 1332 4355 το

97 4390 134 4443 λλο
149 4394 236 4463 μέρος
252 4390 302 4443 τοῦ
313 4389 401 4461 χοροῦ
419 4384 810 4459 ψάλιεται.11ρεσρειωςιῆς
826 4388 966 4455 παναγίας
982 4378 1115 4439 θεοτόκου
1132 4380 1223 4457 σωτηρ
1240 4388 1332 4441 σωσον

97 4476 149 4535 τᾶς.
184 4476 245 4529 Τοῦ
264 4471 446 4545 ἀναγγέλλων
467 4472 546 4543 πρωί·
563 4468 593 4527 τό
615 4468 690 4533 ἔλεός
711 4487 764 4525 σου
784 4471 833 4523 καλ
855 4486 903 4536 την
925 4464 1059 4537 ἀλήθειαν
1081 4484 1133 4521 σου
1155 4460 1258 4527 πείσαις
1274 4472 1335 4531 ταῖς

104 4560 139 4613 11.
1096 4556 1130 4607 22
