<?xml version="1.0" encoding="UTF-8"?>
<!DOCTYPE html PUBLIC "-//W3C//DTD XHTML 1.0 Transitional//EN"
    "http://www.w3.org/TR/xhtml1/DTD/xhtml1-transitional.dtd">
<html xmlns="http://www.w3.org/1999/xhtml" xml:lang="en" lang="en">
 <head>
  <title>
</title>
<meta http-equiv="Content-Type" content="text/html;charset=utf-8" />
  <meta name='ocr-system' content='tesseract 3.04.00' />
  <meta name='ocr-capabilities' content='ocr_page ocr_carea ocr_par ocr_line ocrx_word'/>
</head>
<body>
  <div class='ocr_page' id='page_1' title='image "./codexliturgicus05danigoog_0411.png"; bbox 0 0 3044 4912; ppageno 0'>
   <div class='ocr_carea' id='block_1_1' title="bbox 653 254 726 329">
    <p class='ocr_par' dir='ltr' id='par_1_1' title="bbox 653 254 726 329">
     <span class='ocr_line' id='line_1_1' title="bbox 653 254 726 329; baseline 0 -1"><span class='ocrx_word' id='word_1_1' title='bbox 653 254 726 329; x_wconf 78' lang='lat'><strong><em>375</em></strong></span> 
     </span>
    </p>
   </div>
   <div class='ocr_carea' id='block_1_2' title="bbox 105 431 1322 602">
    <p class='ocr_par' dir='ltr' id='par_1_2' title="bbox 105 431 1322 602">
     <span class='ocr_line' id='line_1_2' title="bbox 140 431 1322 523; baseline 0.002 -23"><span class='ocrx_word' id='word_1_2' title='bbox 140 439 285 518; x_wconf 81' lang='lat' dir='ltr'><strong>Sequitur</strong></span> <span class='ocrx_word' id='word_1_3' title='bbox 305 439 416 501; x_wconf 88' lang='lat' dir='ltr'><strong>oratio:</strong></span> <span class='ocrx_word' id='word_1_4' title='bbox 440 431 545 523; x_wconf 75' lang='grc' dir='ltr'><strong><em>Κείριε</em></strong></span> <span class='ocrx_word' id='word_1_5' title='bbox 566 432 813 515; x_wconf 77' lang='grc' dir='ltr'><strong><em>δξαπδστειλον,</em></strong></span> <span class='ocrx_word' id='word_1_6' title='bbox 836 440 883 499; x_wconf 90' lang='lat' dir='ltr'><strong><em>cui</em></strong></span> <span class='ocrx_word' id='word_1_7' title='bbox 895 440 1056 502; x_wconf 73' lang='lat' dir='ltr'><strong>nonnullae</strong></span> <span class='ocrx_word' id='word_1_8' title='bbox 1072 445 1102 503; x_wconf 91' lang='lat' dir='ltr'><strong><em>S.</em></strong></span> <span class='ocrx_word' id='word_1_9' title='bbox 1120 441 1219 503; x_wconf 83' lang='lat' dir='ltr'><strong>lacobi</strong></span> <span class='ocrx_word' id='word_1_10' title='bbox 1234 460 1322 502; x_wconf 78' lang='lat' dir='ltr'><strong>voces</strong></span> 
     </span>
     <span class='ocr_line' id='line_1_3' title="bbox 105 549 289 602; baseline 0.005 -1"><span class='ocrx_word' id='word_1_11' title='bbox 105 549 186 601; x_wconf 74' lang='lat' dir='ltr'><strong>eatae</strong></span> <span class='ocrx_word' id='word_1_12' title='bbox 209 549 289 602; x_wconf 86' lang='lat' dir='ltr'><strong>sunt.</strong></span> 
     </span>
    </p>
   </div>
   <div class='ocr_carea' id='block_1_3' title="bbox 104 707 1324 992">
    <p class='ocr_par' dir='ltr' id='par_1_3' title="bbox 104 707 1324 992">
     <span class='ocr_line' id='line_1_4' title="bbox 141 707 1323 788; baseline 0.002 -18"><span class='ocrx_word' id='word_1_13' title='bbox 141 708 213 788; x_wconf 81' lang='lat' dir='ltr'><strong>Cap.</strong></span> <span class='ocrx_word' id='word_1_14' title='bbox 236 708 274 770; x_wconf 93' lang='lat' dir='ltr'><strong><em>ll.</em></strong></span> <span class='ocrx_word' id='word_1_15' title='bbox 318 708 525 780; x_wconf 82' lang='lat' dir='ltr'><strong>Diaconos,</strong></span> <span class='ocrx_word' id='word_1_16' title='bbox 555 707 680 770; x_wconf 82' lang='lat' dir='ltr'><strong>sacris</strong></span> <span class='ocrx_word' id='word_1_17' title='bbox 709 710 883 771; x_wconf 83' lang='lat' dir='ltr'><strong>vestibus</strong></span> <span class='ocrx_word' id='word_1_18' title='bbox 906 709 1077 782; x_wconf 74' lang='lat' dir='ltr'><strong>indutor,</strong></span> <span class='ocrx_word' id='word_1_19' title='bbox 1105 730 1190 773; x_wconf 83' lang='lat' dir='ltr'><strong>vasa</strong></span> <span class='ocrx_word' id='word_1_20' title='bbox 1213 729 1323 773; x_wconf 83' lang='lat' dir='ltr'><strong>sacra</strong></span> 
     </span>
     <span class='ocr_line' id='line_1_5' title="bbox 104 809 497 872; baseline -0.005 -1"><span class='ocrx_word' id='word_1_21' title='bbox 104 809 231 871; x_wconf 91' lang='lat' dir='ltr'><strong>llocat</strong></span> <span class='ocrx_word' id='word_1_22' title='bbox 253 810 287 872; x_wconf 93' lang='lat' dir='ltr'><strong><em>in</em></strong></span> <span class='ocrx_word' id='word_1_23' title='bbox 309 809 497 871; x_wconf 86' lang='lat' dir='ltr'><strong>Prothesi.</strong></span> 
     </span>
     <span class='ocr_line' id='line_1_6' title="bbox 141 906 1324 992; baseline 0.004 -20"><span class='ocrx_word' id='word_1_24' title='bbox 141 911 301 981; x_wconf 83' lang='lat' dir='ltr'><strong>Diaconos,</strong></span> <span class='ocrx_word' id='word_1_25' title='bbox 323 911 413 988; x_wconf 87' lang='lat' dir='ltr'><strong>petita</strong></span> <span class='ocrx_word' id='word_1_26' title='bbox 437 910 647 972; x_wconf 88' lang='lat' dir='ltr'><strong>abSacerdote</strong></span> <span class='ocrx_word' id='word_1_27' title='bbox 670 909 880 972; x_wconf 86' lang='lat' dir='ltr'><strong>benedictione</strong></span> <span class='ocrx_word' id='word_1_28' title='bbox 903 912 999 990; x_wconf 85' lang='lat' dir='ltr'><strong>primo</strong></span> <span class='ocrx_word' id='word_1_29' title='bbox 1011 912 1101 974; x_wconf 86' lang='lat' dir='ltr'><strong>sumit</strong></span> <span class='ocrx_word' id='word_1_30' title='bbox 1123 907 1161 976; x_wconf 87' lang='grc' dir='ltr'><strong><em>τὸ</em></strong></span> <span class='ocrx_word' id='word_1_31' title='bbox 1183 906 1324 992; x_wconf 85' lang='grc' dir='ltr'><strong><em>στιχά-</em></strong></span> 
     </span>
    </p>
   </div>
   <div class='ocr_carea' id='block_1_4' title="bbox 105 1003 1431 1095">
    <p class='ocr_par' dir='ltr' id='par_1_4' title="bbox 105 1003 1431 1095">
     <span class='ocr_line' id='line_1_7' title="bbox 105 1003 1431 1095; baseline 0.001 -22"><span class='ocrx_word' id='word_1_32' title='bbox 105 1032 147 1074; x_wconf 94' lang='grc' dir='ltr'><strong><em>ον</em></strong></span> <span class='ocrx_word' id='word_1_33' title='bbox 170 1031 194 1072; x_wconf 94' lang='lat' dir='ltr'><strong><em>s.</em></strong></span> <span class='ocrx_word' id='word_1_34' title='bbox 217 1003 472 1095; x_wconf 88' lang='grc' dir='ltr'><strong><em>στοιχάριον,</em></strong></span> <span class='ocrx_word' id='word_1_35' title='bbox 501 1022 534 1072; x_wconf 89' lang='lat' dir='ltr'><strong><em>ut</em></strong></span> <span class='ocrx_word' id='word_1_36' title='bbox 563 1013 659 1089; x_wconf 81' lang='lat' dir='ltr'><strong>placet</strong></span> <span class='ocrx_word' id='word_1_37' title='bbox 682 1013 788 1078; x_wconf 73' lang='grc' dir='ltr'><strong><em>θοντο,</em></strong></span> <span class='ocrx_word' id='word_1_38' title='bbox 818 1011 855 1073; x_wconf 88' lang='lat' dir='ltr'><strong>ita</strong></span> <span class='ocrx_word' id='word_1_39' title='bbox 880 1023 1090 1093; x_wconf 81' lang='lat' dir='ltr'><strong>nuncupatum.</strong></span> <span class='ocrx_word' id='word_1_40' title='bbox 1119 1033 1186 1073; x_wconf 88' lang='lat' dir='ltr'><strong><em>oum</em></strong></span> <span class='ocrx_word' id='word_1_41' title='bbox 1210 1024 1321 1075; x_wconf 90' lang='lat' dir='ltr'><strong>rectum</strong></span> <span class='ocrx_word' id='word_1_42' title='bbox 1425 1081 1431 1087; x_wconf 20' lang='lat'><strong>⁴</strong></span> 
     </span>
    </p>
   </div>
   <div class='ocr_carea' id='block_1_5' title="bbox 105 1111 1388 4035">
    <p class='ocr_par' dir='ltr' id='par_1_5' title="bbox 105 1111 1388 4035">
     <span class='ocr_line' id='line_1_8' title="bbox 118 1111 1323 1194; baseline 0.003 -19"><span class='ocrx_word' id='word_1_43' title='bbox 118 1122 150 1175; x_wconf 90' lang='lat' dir='ltr'><strong><em>et</em></strong></span> <span class='ocrx_word' id='word_1_44' title='bbox 172 1113 201 1174; x_wconf 93' lang='lat' dir='ltr'><strong><em>in</em></strong></span> <span class='ocrx_word' id='word_1_45' title='bbox 223 1112 346 1190; x_wconf 84' lang='lat' dir='ltr'><strong>longum</strong></span> <span class='ocrx_word' id='word_1_46' title='bbox 369 1119 551 1192; x_wconf 84' lang='lat' dir='ltr'><strong>protensum,</strong></span> <span class='ocrx_word' id='word_1_47' title='bbox 582 1111 667 1192; x_wconf 88' lang='lat' dir='ltr'><strong>quasi</strong></span> <span class='ocrx_word' id='word_1_48' title='bbox 691 1132 749 1173; x_wconf 90' lang='lat' dir='ltr'><strong><em>uno</em></strong></span> <span class='ocrx_word' id='word_1_49' title='bbox 775 1123 878 1183; x_wconf 84' lang='lat' dir='ltr'><strong>tractu,</strong></span> <span class='ocrx_word' id='word_1_50' title='bbox 908 1114 952 1174; x_wconf 87' lang='lat' dir='ltr'><strong><em>vel</em></strong></span> <span class='ocrx_word' id='word_1_51' title='bbox 976 1114 1013 1175; x_wconf 90' lang='lat' dir='ltr'><strong>ab</strong></span> <span class='ocrx_word' id='word_1_52' title='bbox 1037 1134 1095 1176; x_wconf 93' lang='lat' dir='ltr'><strong><em>uno</em></strong></span> <span class='ocrx_word' id='word_1_53' title='bbox 1119 1115 1203 1194; x_wconf 84' lang='lat' dir='ltr'><strong>quasi</strong></span> <span class='ocrx_word' id='word_1_54' title='bbox 1227 1116 1323 1181; x_wconf 87' lang='lat' dir='ltr'><strong>lineae</strong></span> 
     </span>
     <span class='ocr_line' id='line_1_9' title="bbox 105 1208 1324 1298; baseline 0.004 -23"><span class='ocrx_word' id='word_1_55' title='bbox 105 1215 164 1275; x_wconf 88' lang='lat' dir='ltr'><strong>line</strong></span> <span class='ocrx_word' id='word_1_56' title='bbox 187 1233 211 1274; x_wconf 89' lang='lat' dir='ltr'><strong><em>s.</em></strong></span> <span class='ocrx_word' id='word_1_57' title='bbox 233 1208 344 1298; x_wconf 81' lang='grc' dir='ltr'><strong><em>στίχῳ.</em></strong></span> <span class='ocrx_word' id='word_1_58' title='bbox 387 1212 570 1274; x_wconf 87' lang='lat' dir='ltr'><strong>lluraltus</strong></span> <span class='ocrx_word' id='word_1_59' title='bbox 593 1214 623 1273; x_wconf 92' lang='lat' dir='ltr'><strong><em>in</em></strong></span> <span class='ocrx_word' id='word_1_60' title='bbox 648 1213 786 1275; x_wconf 77' lang='lat' dir='ltr'><strong>lexidio:</strong></span> <span class='ocrx_word' id='word_1_61' title='bbox 823 1213 1085 1285; x_wconf 73' lang='lat' dir='ltr'><strong>„Sticloriom</strong></span> <span class='ocrx_word' id='word_1_62' title='bbox 1122 1216 1163 1279; x_wconf 89' lang='lat' dir='ltr'><strong><em>So</em></strong></span> <span class='ocrx_word' id='word_1_63' title='bbox 1193 1218 1324 1281; x_wconf 75' lang='lat' dir='ltr'><strong>uiriles</strong></span> 
     </span>
     <span class='ocr_line' id='line_1_10' title="bbox 105 1313 1325 1401; baseline 0.005 -24"><span class='ocrx_word' id='word_1_64' title='bbox 105 1334 164 1377; x_wconf 83' lang='lat' dir='ltr'><strong><em>ner</em></strong></span> <span class='ocrx_word' id='word_1_65' title='bbox 192 1315 239 1377; x_wconf 78' lang='lat' dir='ltr'><strong><em>lei</em></strong></span> <span class='ocrx_word' id='word_1_66' title='bbox 261 1313 420 1378; x_wconf 78' lang='lat' dir='ltr'><strong>German</strong></span> <span class='ocrx_word' id='word_1_67' title='bbox 450 1314 642 1394; x_wconf 75' lang='grc' dir='ltr'><strong><em>ηοιιίινιόῦον</em></strong></span> <span class='ocrx_word' id='word_1_68' title='bbox 670 1315 733 1376; x_wconf 84' lang='grc' dir='ltr'><strong><em>ανδ</em></strong></span> <span class='ocrx_word' id='word_1_69' title='bbox 761 1314 807 1376; x_wconf 83' lang='lat' dir='ltr'><strong>lai</strong></span> <span class='ocrx_word' id='word_1_70' title='bbox 833 1314 969 1394; x_wconf 79' lang='lat' dir='ltr'><strong><em>Symeon,</em></strong></span> <span class='ocrx_word' id='word_1_71' title='bbox 1000 1317 1046 1379; x_wconf 82' lang='lat' dir='ltr'><strong><em>lei</em></strong></span> <span class='ocrx_word' id='word_1_72' title='bbox 1073 1316 1154 1380; x_wconf 74' lang='grc' dir='ltr'><strong><em>(ἴσον</em></strong></span> <span class='ocrx_word' id='word_1_73' title='bbox 1182 1319 1325 1401; x_wconf 75' lang='grc' dir='ltr'><strong><em>λιιιηεηειι</em></strong></span> 
     </span>
     <span class='ocr_line' id='line_1_11' title="bbox 105 1414 1388 1496; baseline 0.007 -22"><span class='ocrx_word' id='word_1_74' title='bbox 105 1416 267 1488; x_wconf 58' lang='lat' dir='ltr'><strong>cichorion,</strong></span> <span class='ocrx_word' id='word_1_75' title='bbox 298 1415 421 1477; x_wconf 74' lang='lat' dir='ltr'><strong>welches</strong></span> <span class='ocrx_word' id='word_1_76' title='bbox 449 1415 521 1477; x_wconf 86' lang='lat' dir='ltr'><strong>oller</strong></span> <span class='ocrx_word' id='word_1_77' title='bbox 551 1414 646 1477; x_wconf 78' lang='lat' dir='ltr'><strong>baldea</strong></span> <span class='ocrx_word' id='word_1_78' title='bbox 675 1415 801 1478; x_wconf 75' lang='lat' dir='ltr'><strong>diuselba</strong></span> <span class='ocrx_word' id='word_1_79' title='bbox 830 1416 1014 1496; x_wconf 74' lang='lat' dir='ltr'><strong>Etymoloyie</strong></span> <span class='ocrx_word' id='word_1_80' title='bbox 1042 1423 1120 1481; x_wconf 75' lang='lat' dir='ltr'><strong>einer</strong></span> <span class='ocrx_word' id='word_1_81' title='bbox 1142 1420 1325 1485; x_wconf 80' lang='lat' dir='ltr'><strong>Diminata&#39;as</strong></span> <span class='ocrx_word' id='word_1_82' title='bbox 1380 1483 1388 1492; x_wconf 82' lang='grc'><strong><em>,</em></strong></span> 
     </span>
     <span class='ocr_line' id='line_1_12' title="bbox 105 1514 1326 1599; baseline 0.009 -21"><span class='ocrx_word' id='word_1_83' title='bbox 105 1539 115 1578; x_wconf 85' lang='grc' dir='ltr'><strong><em>ι</em></strong></span> <span class='ocrx_word' id='word_1_84' title='bbox 139 1516 239 1586; x_wconf 75' lang='lat' dir='ltr'><strong>ileliae,</strong></span> <span class='ocrx_word' id='word_1_85' title='bbox 261 1516 356 1579; x_wconf 77' lang='grc' dir='ltr'><strong><em>λελείαν</em></strong></span> <span class='ocrx_word' id='word_1_86' title='bbox 379 1516 499 1588; x_wconf 81' lang='lat' dir='ltr'><strong>llailrcn,</strong></span> <span class='ocrx_word' id='word_1_87' title='bbox 522 1517 608 1597; x_wconf 69' lang='lat' dir='ltr'><strong>aicit,</strong></span> <span class='ocrx_word' id='word_1_88' title='bbox 631 1519 663 1578; x_wconf 86' lang='lat' dir='ltr'><strong>ia</strong></span> <span class='ocrx_word' id='word_1_89' title='bbox 685 1514 856 1596; x_wconf 70' lang='lat' dir='ltr'><strong>Bamaliana</strong></span> <span class='ocrx_word' id='word_1_90' title='bbox 877 1520 937 1599; x_wconf 74' lang='lat' dir='ltr'><strong>aits</strong></span> <span class='ocrx_word' id='word_1_91' title='bbox 955 1520 1001 1580; x_wconf 83' lang='lat' dir='ltr'><strong><em>die</em></strong></span> <span class='ocrx_word' id='word_1_92' title='bbox 1023 1518 1134 1582; x_wconf 76' lang='grc' dir='ltr'><strong><em>δοῦλαι</em></strong></span> <span class='ocrx_word' id='word_1_93' title='bbox 1156 1523 1210 1584; x_wconf 80' lang='grc' dir='ltr'><strong><em>διν</em></strong></span> <span class='ocrx_word' id='word_1_94' title='bbox 1234 1524 1326 1589; x_wconf 76' lang='lat' dir='ltr'><strong>cott-</strong></span> 
     </span>
     <span class='ocr_line' id='line_1_13' title="bbox 105 1615 1326 1702; baseline 0.007 -23"><span class='ocrx_word' id='word_1_95' title='bbox 105 1618 205 1688; x_wconf 71' lang='lat' dir='ltr'><strong>:terea</strong></span> <span class='ocrx_word' id='word_1_96' title='bbox 233 1623 287 1680; x_wconf 81' lang='lat' dir='ltr'><strong>anit</strong></span> <span class='ocrx_word' id='word_1_97' title='bbox 317 1617 446 1679; x_wconf 78' lang='lat' dir='ltr'><strong>melchan</strong></span> <span class='ocrx_word' id='word_1_98' title='bbox 476 1618 553 1678; x_wconf 75' lang='lat' dir='ltr'><strong>diere</strong></span> <span class='ocrx_word' id='word_1_99' title='bbox 579 1615 710 1678; x_wconf 78' lang='lat' dir='ltr'><strong>Tunilcen</strong></span> <span class='ocrx_word' id='word_1_100' title='bbox 738 1638 794 1678; x_wconf 82' lang='lat' dir='ltr'><strong>aus</strong></span> <span class='ocrx_word' id='word_1_101' title='bbox 817 1618 1035 1702; x_wconf 74' lang='lat' dir='ltr'><strong>Sea‘rlenstoffeu</strong></span> <span class='ocrx_word' id='word_1_102' title='bbox 1051 1621 1134 1697; x_wconf 81' lang='lat' dir='ltr'><strong>jetzt</strong></span> <span class='ocrx_word' id='word_1_103' title='bbox 1155 1622 1326 1687; x_wconf 76' lang='lat' dir='ltr'><strong>durclweit</strong></span> 
     </span>
     <span class='ocr_line' id='line_1_14' title="bbox 106 1704 1323 1800; baseline 0.007 -19"><span class='ocrx_word' id='word_1_104' title='bbox 106 1721 158 1782; x_wconf 84' lang='grc' dir='ltr'><strong><em>δ.“</em></strong></span> <span class='ocrx_word' id='word_1_105' title='bbox 186 1719 314 1780; x_wconf 82' lang='lat' dir='ltr'>Tertiam</span> <span class='ocrx_word' id='word_1_106' title='bbox 332 1718 538 1799; x_wconf 70' lang='lat' dir='ltr'><strong>etymologiam</strong></span> <span class='ocrx_word' id='word_1_107' title='bbox 566 1719 654 1779; x_wconf 86' lang='lat' dir='ltr'><strong>ollert</strong></span> <span class='ocrx_word' id='word_1_108' title='bbox 674 1719 857 1781; x_wconf 87' lang='lat' dir='ltr'><strong>Nicolaus</strong></span> <span class='ocrx_word' id='word_1_109' title='bbox 881 1720 1033 1800; x_wconf 79' lang='lat' dir='ltr'><strong>Bulgari</strong></span> <span class='ocrx_word' id='word_1_110' title='bbox 1057 1722 1087 1785; x_wconf 87' lang='lat' dir='ltr'><strong><em>in</em></strong></span> <span class='ocrx_word' id='word_1_111' title='bbox 1102 1722 1250 1794; x_wconf 68' lang='lat' dir='ltr'><strong>imbricis,</strong></span> <span class='ocrx_word' id='word_1_112' title='bbox 1274 1704 1323 1789; x_wconf 68' lang='lat' dir='ltr'><strong>atlss</strong></span> 
     </span>
     <span class='ocr_line' id='line_1_15' title="bbox 105 1815 1326 1909; baseline 0.007 -29"><span class='ocrx_word' id='word_1_113' title='bbox 105 1830 158 1882; x_wconf 84' lang='lat' dir='ltr'><strong>cta</strong></span> <span class='ocrx_word' id='word_1_114' title='bbox 192 1821 269 1881; x_wconf 90' lang='lat' dir='ltr'><strong>sacri</strong></span> <span class='ocrx_word' id='word_1_115' title='bbox 299 1820 464 1881; x_wconf 81' lang='lat' dir='ltr'><strong>indumenti</strong></span> <span class='ocrx_word' id='word_1_116' title='bbox 495 1820 716 1899; x_wconf 84' lang='lat' dir='ltr'><strong>significatione</strong></span> <span class='ocrx_word' id='word_1_117' title='bbox 744 1822 882 1900; x_wconf 73' lang='lat' dir='ltr'><strong>mystica:</strong></span> <span class='ocrx_word' id='word_1_118' title='bbox 923 1817 971 1884; x_wconf 87' lang='grc' dir='ltr'><strong><em>Τὸ</em></strong></span> <span class='ocrx_word' id='word_1_119' title='bbox 999 1815 1169 1903; x_wconf 86' lang='grc' dir='ltr'><strong><em>στιχοίριον</em></strong></span> <span class='ocrx_word' id='word_1_120' title='bbox 1196 1821 1326 1909; x_wconf 84' lang='grc' dir='ltr'><strong><em>λέγεται</em></strong></span> 
     </span>
     <span class='ocr_line' id='line_1_16' title="bbox 105 1912 1324 2012; baseline 0.004 -27"><span class='ocrx_word' id='word_1_121' title='bbox 105 1922 128 1999; x_wconf 88' lang='grc' dir='ltr'><strong><em>,ἰ</em></strong></span> <span class='ocrx_word' id='word_1_122' title='bbox 142 1912 212 1984; x_wconf 73' lang='grc' dir='ltr'><strong><em>ἀπὸ</em></strong></span> <span class='ocrx_word' id='word_1_123' title='bbox 228 1921 296 1996; x_wconf 85' lang='grc' dir='ltr'><strong><em>τοῦ,</em></strong></span> <span class='ocrx_word' id='word_1_124' title='bbox 318 1914 429 2000; x_wconf 80' lang='grc' dir='ltr'><strong><em>στίχοι,</em></strong></span> <span class='ocrx_word' id='word_1_125' title='bbox 445 1912 533 1984; x_wconf 86' lang='grc' dir='ltr'><strong><em>δποῦ</em></strong></span> <span class='ocrx_word' id='word_1_126' title='bbox 547 1916 644 1985; x_wconf 79' lang='grc' dir='ltr'><strong><em>θέλει</em></strong></span> <span class='ocrx_word' id='word_1_127' title='bbox 658 1916 699 1983; x_wconf 87' lang='grc' dir='ltr'><strong><em>νὰ</em></strong></span> <span class='ocrx_word' id='word_1_128' title='bbox 714 1913 802 2006; x_wconf 81' lang='grc' dir='ltr'><strong><em>είπῇ,</em></strong></span> <span class='ocrx_word' id='word_1_129' title='bbox 817 1925 996 2002; x_wconf 84' lang='grc' dir='ltr'><strong><em>περιπατῶ</em></strong></span> <span class='ocrx_word' id='word_1_130' title='bbox 1009 1919 1051 2004; x_wconf 80' lang='grc' dir='ltr'><strong><em>μὲ</em></strong></span> <span class='ocrx_word' id='word_1_131' title='bbox 1065 1918 1168 2001; x_wconf 79' lang='grc' dir='ltr'><strong><em>τάξιν.</em></strong></span> <span class='ocrx_word' id='word_1_132' title='bbox 1189 1917 1324 2012; x_wconf 76' lang='grc' dir='ltr'><strong><em>Ἐπειδὴ</em></strong></span> 
     </span>
     <span class='ocr_line' id='line_1_17' title="bbox 105 2012 1326 2108; baseline 0.004 -22"><span class='ocrx_word' id='word_1_133' title='bbox 105 2018 113 2086; x_wconf 85' lang='lat' dir='ltr'><strong>i</strong></span> <span class='ocrx_word' id='word_1_134' title='bbox 134 2012 234 2097; x_wconf 81' lang='grc' dir='ltr'><strong><em>δ’ντας</em></strong></span> <span class='ocrx_word' id='word_1_135' title='bbox 253 2017 378 2104; x_wconf 83' lang='grc' dir='ltr'><strong><em>μακρὸν</em></strong></span> <span class='ocrx_word' id='word_1_136' title='bbox 400 2014 445 2097; x_wconf 81' lang='grc' dir='ltr'><strong><em>ὥς</em></strong></span> <span class='ocrx_word' id='word_1_137' title='bbox 465 2015 507 2087; x_wconf 81' lang='grc' dir='ltr'><strong><em>τὰ</em></strong></span> <span class='ocrx_word' id='word_1_138' title='bbox 528 2016 678 2104; x_wconf 79' lang='grc' dir='ltr'><strong><em>ποδάρια</em></strong></span> <span class='ocrx_word' id='word_1_139' title='bbox 698 2018 784 2085; x_wconf 87' lang='grc' dir='ltr'><strong><em>κατὰ</em></strong></span> <span class='ocrx_word' id='word_1_140' title='bbox 803 2018 861 2084; x_wconf 86' lang='grc' dir='ltr'><strong><em>τὸν</em></strong></span> <span class='ocrx_word' id='word_1_141' title='bbox 874 2016 1012 2108; x_wconf 78' lang='grc' dir='ltr'><strong><em>Ποδήρη</em></strong></span> <span class='ocrx_word' id='word_1_142' title='bbox 1034 2026 1094 2086; x_wconf 88' lang='grc' dir='ltr'><strong><em>τοῦ</em></strong></span> <span class='ocrx_word' id='word_1_143' title='bbox 1106 2017 1243 2107; x_wconf 79' lang='grc' dir='ltr'><strong><em>Ἀαρών,</em></strong></span> <span class='ocrx_word' id='word_1_144' title='bbox 1265 2022 1326 2091; x_wconf 83' lang='grc' dir='ltr'><strong><em>κά-</em></strong></span> 
     </span>
     <span class='ocr_line' id='line_1_18' title="bbox 105 2116 1326 2211; baseline 0.01 -31"><span class='ocrx_word' id='word_1_145' title='bbox 105 2169 107 2180; x_wconf 94' lang='grc'>.</span> <span class='ocrx_word' id='word_1_146' title='bbox 134 2119 212 2198; x_wconf 83' lang='grc' dir='ltr'><strong><em>τοῦς</em></strong></span> <span class='ocrx_word' id='word_1_147' title='bbox 230 2116 341 2207; x_wconf 82' lang='grc' dir='ltr'><strong><em>Ἱερεῖς</em></strong></span> <span class='ocrx_word' id='word_1_148' title='bbox 367 2119 420 2185; x_wconf 77' lang='grc' dir='ltr'><strong><em>νῦν</em></strong></span> <span class='ocrx_word' id='word_1_149' title='bbox 435 2126 643 2206; x_wconf 82' lang='grc' dir='ltr'><strong><em>περιπατοῦν</em></strong></span> <span class='ocrx_word' id='word_1_150' title='bbox 671 2116 720 2198; x_wconf 82' lang='grc' dir='ltr'><strong><em>εἷς</em></strong></span> <span class='ocrx_word' id='word_1_151' title='bbox 745 2118 804 2206; x_wconf 81' lang='grc' dir='ltr'><strong><em>τὴν</em></strong></span> <span class='ocrx_word' id='word_1_152' title='bbox 826 2117 914 2203; x_wconf 80' lang='grc' dir='ltr'><strong><em>ὥραν</em></strong></span> <span class='ocrx_word' id='word_1_153' title='bbox 935 2126 993 2208; x_wconf 76' lang='grc' dir='ltr'><strong><em>τῆς</em></strong></span> <span class='ocrx_word' id='word_1_154' title='bbox 1014 2119 1113 2201; x_wconf 79' lang='grc' dir='ltr'><strong><em>θείας</em></strong></span> <span class='ocrx_word' id='word_1_155' title='bbox 1135 2129 1326 2211; x_wconf 84' lang='grc' dir='ltr'><strong><em>Μεσταγιο-</em></strong></span> 
     </span>
     <span class='ocr_line' id='line_1_19' title="bbox 105 2215 1325 2315; baseline 0.004 -27"><span class='ocrx_word' id='word_1_156' title='bbox 105 2247 142 2302; x_wconf 80' lang='grc' dir='ltr'><strong><em>νς,</em></strong></span> <span class='ocrx_word' id='word_1_157' title='bbox 163 2216 218 2304; x_wconf 82' lang='grc' dir='ltr'><strong><em>δχι</em></strong></span> <span class='ocrx_word' id='word_1_158' title='bbox 239 2216 363 2301; x_wconf 85' lang='grc' dir='ltr'><strong><em>ἆπλιῦς,</em></strong></span> <span class='ocrx_word' id='word_1_159' title='bbox 387 2215 432 2299; x_wconf 71' lang='lat' dir='ltr'><strong>aig</strong></span> <span class='ocrx_word' id='word_1_160' title='bbox 454 2216 572 2302; x_wconf 78' lang='grc' dir='ltr'><strong><em>ἔτυχεν,</em></strong></span> <span class='ocrx_word' id='word_1_161' title='bbox 595 2216 660 2309; x_wconf 79' lang='grc' dir='ltr'><strong><em>δμὴ</em></strong></span> <span class='ocrx_word' id='word_1_162' title='bbox 683 2219 768 2289; x_wconf 87' lang='grc' dir='ltr'><strong><em>κατὰ</em></strong></span> <span class='ocrx_word' id='word_1_163' title='bbox 789 2217 892 2301; x_wconf 81' lang='grc' dir='ltr'><strong><em>τάξιν,</em></strong></span> <span class='ocrx_word' id='word_1_164' title='bbox 917 2222 975 2290; x_wconf 86' lang='grc' dir='ltr'><strong><em>καί</em></strong></span> <span class='ocrx_word' id='word_1_165' title='bbox 994 2222 1168 2311; x_wconf 86' lang='grc' dir='ltr'><strong><em>στοιχηδόν</em></strong></span> <span class='ocrx_word' id='word_1_166' title='bbox 1190 2225 1246 2292; x_wconf 83' lang='grc' dir='ltr'><strong><em>καί</em></strong></span> <span class='ocrx_word' id='word_1_167' title='bbox 1266 2250 1325 2315; x_wconf 91' lang='grc' dir='ltr'><strong><em>ση-</em></strong></span> 
     </span>
     <span class='ocr_line' id='line_1_20' title="bbox 107 2318 1325 2413; baseline 0.004 -23"><span class='ocrx_word' id='word_1_168' title='bbox 107 2318 198 2391; x_wconf 85' lang='grc' dir='ltr'><strong><em>δεδει</em></strong></span> <span class='ocrx_word' id='word_1_169' title='bbox 218 2322 366 2411; x_wconf 81' lang='grc' dir='ltr'><strong><em>τέσσερα.</em></strong></span> <span class='ocrx_word' id='word_1_170' title='bbox 412 2319 453 2388; x_wconf 89' lang='grc' dir='ltr'><strong><em>α’.</em></strong></span> <span class='ocrx_word' id='word_1_171' title='bbox 479 2321 526 2388; x_wconf 84' lang='grc' dir='ltr'><strong><em>Τὸ</em></strong></span> <span class='ocrx_word' id='word_1_172' title='bbox 548 2319 825 2412; x_wconf 84' lang='grc' dir='ltr'><strong><em>λαμπρδμορφον,</em></strong></span> <span class='ocrx_word' id='word_1_173' title='bbox 852 2321 909 2389; x_wconf 86' lang='grc' dir='ltr'><strong><em>καί</em></strong></span> <span class='ocrx_word' id='word_1_174' title='bbox 936 2318 1137 2403; x_wconf 82' lang='grc' dir='ltr'><strong><em>δκτινοειδὲς</em></strong></span> <span class='ocrx_word' id='word_1_175' title='bbox 1157 2332 1216 2413; x_wconf 76' lang='grc' dir='ltr'><strong><em>τῆς</em></strong></span> <span class='ocrx_word' id='word_1_176' title='bbox 1240 2325 1325 2395; x_wconf 86' lang='grc' dir='ltr'><strong><em>Θεό-</em></strong></span> 
     </span>
     <span class='ocr_line' id='line_1_21' title="bbox 105 2418 1326 2517; baseline 0.002 -26"><span class='ocrx_word' id='word_1_177' title='bbox 105 2449 156 2504; x_wconf 88' lang='grc' dir='ltr'><strong><em>ιος</em></strong></span> <span class='ocrx_word' id='word_1_178' title='bbox 175 2430 236 2491; x_wconf 89' lang='grc' dir='ltr'><strong><em>τοῦ</em></strong></span> <span class='ocrx_word' id='word_1_179' title='bbox 256 2429 416 2509; x_wconf 80' lang='grc' dir='ltr'><strong><em>Χριστοῦ,</em></strong></span> <span class='ocrx_word' id='word_1_180' title='bbox 439 2418 527 2489; x_wconf 86' lang='grc' dir='ltr'><strong><em>ὁποῦ</em></strong></span> <span class='ocrx_word' id='word_1_181' title='bbox 547 2422 603 2490; x_wconf 84' lang='grc' dir='ltr'><strong><em>καὶ</em></strong></span> <span class='ocrx_word' id='word_1_182' title='bbox 624 2420 672 2502; x_wconf 86' lang='grc' dir='ltr'><strong><em>είς</em></strong></span> <span class='ocrx_word' id='word_1_183' title='bbox 692 2423 751 2514; x_wconf 74' lang='grc' dir='ltr'><strong><em>τὴν</em></strong></span> <span class='ocrx_word' id='word_1_184' title='bbox 772 2422 1326 2517; x_wconf 80' lang='grc' dir='ltr'><strong><em>λαμπροφορόντονΜεταμόρηοω-</em></strong></span> 
     </span>
     <span class='ocr_line' id='line_1_22' title="bbox 105 2518 1325 2616; baseline 0.002 -22"><span class='ocrx_word' id='word_1_185' title='bbox 105 2525 333 2615; x_wconf 76' lang='grc' dir='ltr'><strong><em>νὲφανέρωσε,</em></strong></span> <span class='ocrx_word' id='word_1_186' title='bbox 358 2522 552 2608; x_wconf 87' lang='grc' dir='ltr'><strong><em>δείχνιοντας</em></strong></span> <span class='ocrx_word' id='word_1_187' title='bbox 571 2523 613 2592; x_wconf 83' lang='grc' dir='ltr'><strong><em>’τὰ</em></strong></span> <span class='ocrx_word' id='word_1_188' title='bbox 631 2521 752 2611; x_wconf 76' lang='grc' dir='ltr'><strong><em>ίμοίτια</em></strong></span> <span class='ocrx_word' id='word_1_189' title='bbox 774 2522 885 2605; x_wconf 77' lang='grc' dir='ltr'><strong><em>αὑτοῦ,</em></strong></span> <span class='ocrx_word' id='word_1_190' title='bbox 907 2518 1008 2614; x_wconf 75' lang='grc' dir='ltr'><strong><em>ἤγουν</em></strong></span> <span class='ocrx_word' id='word_1_191' title='bbox 1029 2527 1070 2593; x_wconf 86' lang='grc' dir='ltr'><strong><em>τὰ</em></strong></span> <span class='ocrx_word' id='word_1_192' title='bbox 1092 2526 1325 2616; x_wconf 81' lang='grc' dir='ltr'><strong><em>φορέματοίτου</em></strong></span> 
     </span>
     <span class='ocr_line' id='line_1_23' title="bbox 105 2622 1327 2718; baseline 0.003 -23"><span class='ocrx_word' id='word_1_193' title='bbox 105 2653 185 2712; x_wconf 89' lang='grc' dir='ltr'><strong><em>πρα,</em></strong></span> <span class='ocrx_word' id='word_1_194' title='bbox 213 2622 303 2693; x_wconf 81' lang='grc' dir='ltr'><strong><em>ὡσδν</em></strong></span> <span class='ocrx_word' id='word_1_195' title='bbox 323 2626 361 2692; x_wconf 88' lang='grc' dir='ltr'><strong><em>τὸ</em></strong></span> <span class='ocrx_word' id='word_1_196' title='bbox 384 2631 466 2714; x_wconf 80' lang='grc' dir='ltr'><strong><em>φῶς.</em></strong></span> <span class='ocrx_word' id='word_1_197' title='bbox 512 2626 560 2695; x_wconf 87' lang='grc' dir='ltr'><strong><em>Τὸ</em></strong></span> <span class='ocrx_word' id='word_1_198' title='bbox 581 2626 766 2716; x_wconf 79' lang='grc' dir='ltr'><strong><em>Στιχάριον,</em></strong></span> <span class='ocrx_word' id='word_1_199' title='bbox 788 2625 902 2694; x_wconf 82' lang='grc' dir='ltr'><strong><em>λευκὸν</em></strong></span> <span class='ocrx_word' id='word_1_200' title='bbox 923 2623 971 2708; x_wconf 79' lang='grc' dir='ltr'><strong><em>δν,</em></strong></span> <span class='ocrx_word' id='word_1_201' title='bbox 999 2634 1059 2717; x_wconf 76' lang='grc' dir='ltr'><strong><em>τῆς</em></strong></span> <span class='ocrx_word' id='word_1_202' title='bbox 1082 2627 1246 2718; x_wconf 86' lang='grc' dir='ltr'><strong><em>Θεότητος</em></strong></span> <span class='ocrx_word' id='word_1_203' title='bbox 1266 2636 1327 2699; x_wconf 85' lang='grc' dir='ltr'><strong><em>τοῦ</em></strong></span> 
     </span>
     <span class='ocr_line' id='line_1_24' title="bbox 105 2724 1326 2820; baseline 0.002 -22"><span class='ocrx_word' id='word_1_204' title='bbox 105 2735 209 2816; x_wconf 77' lang='grc' dir='ltr'><strong><em>Ινιστοῦ</em></strong></span> <span class='ocrx_word' id='word_1_205' title='bbox 231 2729 290 2817; x_wconf 77' lang='grc' dir='ltr'><strong><em>τὴν</em></strong></span> <span class='ocrx_word' id='word_1_206' title='bbox 312 2724 425 2816; x_wconf 77' lang='grc' dir='ltr'><em>αἴγλην</em></span> <span class='ocrx_word' id='word_1_207' title='bbox 447 2728 613 2816; x_wconf 74' lang='grc' dir='ltr'><strong><em>ἐμφαίνει.</em></strong></span> <span class='ocrx_word' id='word_1_208' title='bbox 649 2724 779 2816; x_wconf 77' lang='grc' dir='ltr'><strong><em>’Ἔλεγεν</em></strong></span> <span class='ocrx_word' id='word_1_209' title='bbox 806 2727 855 2809; x_wconf 86' lang='grc' dir='ltr'><strong><em>εἷς</em></strong></span> <span class='ocrx_word' id='word_1_210' title='bbox 875 2728 913 2796; x_wconf 89' lang='grc' dir='ltr'><strong><em>τὸ</em></strong></span> <span class='ocrx_word' id='word_1_211' title='bbox 936 2731 1015 2816; x_wconf 87' lang='grc' dir='ltr'><strong><em>περὶ</em></strong></span> <span class='ocrx_word' id='word_1_212' title='bbox 1036 2737 1210 2820; x_wconf 76' lang='grc' dir='ltr'><strong><em>Μοστικηῦς</em></strong></span> <span class='ocrx_word' id='word_1_213' title='bbox 1233 2737 1326 2800; x_wconf 86' lang='grc' dir='ltr'><strong><em>Θεω-</em></strong></span> 
     </span>
     <span class='ocr_line' id='line_1_25' title="bbox 105 2827 1326 2920; baseline 0.002 -22"><span class='ocrx_word' id='word_1_214' title='bbox 105 2856 135 2911; x_wconf 85' lang='grc' dir='ltr'><strong><em>ις</em></strong></span> <span class='ocrx_word' id='word_1_215' title='bbox 156 2829 173 2899; x_wconf 86' lang='grc' dir='ltr'><strong><em>δ</em></strong></span> <span class='ocrx_word' id='word_1_216' title='bbox 195 2827 359 2915; x_wconf 83' lang='grc' dir='ltr'><strong><em>μακάριος</em></strong></span> <span class='ocrx_word' id='word_1_217' title='bbox 379 2827 556 2913; x_wconf 89' lang='grc' dir='ltr'><strong><em>Γερμανός.</em></strong></span> <span class='ocrx_word' id='word_1_218' title='bbox 598 2828 641 2915; x_wconf 67' lang='grc' dir='ltr'><strong><em>δ.</em></strong></span> <span class='ocrx_word' id='word_1_219' title='bbox 669 2827 855 2920; x_wconf 80' lang='grc' dir='ltr'><strong><em>Σημαδεῦει</em></strong></span> <span class='ocrx_word' id='word_1_220' title='bbox 876 2831 935 2920; x_wconf 76' lang='grc' dir='ltr'><strong><em>τὴν</em></strong></span> <span class='ocrx_word' id='word_1_221' title='bbox 955 2830 1117 2916; x_wconf 84' lang='grc' dir='ltr'><strong><em>πάστραν,</em></strong></span> <span class='ocrx_word' id='word_1_222' title='bbox 1139 2833 1196 2900; x_wconf 85' lang='grc' dir='ltr'><strong><em>καί</em></strong></span> <span class='ocrx_word' id='word_1_223' title='bbox 1215 2841 1326 2902; x_wconf 72' lang='grc' dir='ltr'><strong><em>καθα-</em></strong></span> 
     </span>
     <span class='ocr_line' id='line_1_26' title="bbox 105 2925 1327 3023; baseline 0.001 -23"><span class='ocrx_word' id='word_1_224' title='bbox 105 2959 194 3023; x_wconf 85' lang='grc' dir='ltr'><strong><em>τητα,</em></strong></span> <span class='ocrx_word' id='word_1_225' title='bbox 217 2930 304 2999; x_wconf 87' lang='grc' dir='ltr'><strong><em>ὁποῦ</em></strong></span> <span class='ocrx_word' id='word_1_226' title='bbox 328 2925 413 2997; x_wconf 77' lang='grc' dir='ltr'><strong><em>εἶναι</em></strong></span> <span class='ocrx_word' id='word_1_227' title='bbox 433 2937 595 3014; x_wconf 81' lang='grc' dir='ltr'><strong><em>χρεῶσται</em></strong></span> <span class='ocrx_word' id='word_1_228' title='bbox 618 2929 650 2999; x_wconf 84' lang='lat' dir='ltr'><strong><em>oi</em></strong></span> <span class='ocrx_word' id='word_1_229' title='bbox 668 2929 789 3017; x_wconf 82' lang='grc' dir='ltr'><strong><em>Ἱερεῖς,</em></strong></span> <span class='ocrx_word' id='word_1_230' title='bbox 812 2932 852 2998; x_wconf 89' lang='grc' dir='ltr'><strong><em>νδι</em></strong></span> <span class='ocrx_word' id='word_1_231' title='bbox 867 2931 1064 3021; x_wconf 59' lang='lat' dir='ltr'><strong>calamam.</strong></span> <span class='ocrx_word' id='word_1_232' title='bbox 1090 2935 1137 2999; x_wconf 89' lang='grc' dir='ltr'><strong><em>Τὸ</em></strong></span> <span class='ocrx_word' id='word_1_233' title='bbox 1152 2933 1327 3021; x_wconf 81' lang='grc' dir='ltr'><strong><em>Στιχάριον</em></strong></span> 
     </span>
     <span class='ocr_line' id='line_1_27' title="bbox 123 3028 1327 3121; baseline 0 -18"><span class='ocrx_word' id='word_1_234' title='bbox 123 3036 285 3119; x_wconf 73' lang='grc' dir='ltr'><strong><em>καθαρὸν,</em></strong></span> <span class='ocrx_word' id='word_1_235' title='bbox 314 3033 370 3100; x_wconf 86' lang='grc' dir='ltr'><strong><em>καὶ</em></strong></span> <span class='ocrx_word' id='word_1_236' title='bbox 397 3028 579 3117; x_wconf 82' lang='grc' dir='ltr'><strong><em>ἆμόλυντον</em></strong></span> <span class='ocrx_word' id='word_1_237' title='bbox 606 3031 757 3115; x_wconf 86' lang='grc' dir='ltr'><strong><em>εἰκονίζει</em></strong></span> <span class='ocrx_word' id='word_1_238' title='bbox 777 3040 836 3120; x_wconf 79' lang='grc' dir='ltr'><strong><em>τῆς</em></strong></span> <span class='ocrx_word' id='word_1_239' title='bbox 853 3031 1032 3121; x_wconf 77' lang='grc' dir='ltr'><strong><em>Ἶερατικῆς</em></strong></span> <span class='ocrx_word' id='word_1_240' title='bbox 1057 3032 1198 3114; x_wconf 56' lang='lat' dir='ltr'><strong>aaaron</strong></span> <span class='ocrx_word' id='word_1_241' title='bbox 1236 3029 1327 3117; x_wconf 81' lang='grc' dir='ltr'><strong><em>’Ένζι</em></strong></span> 
     </span>
     <span class='ocr_line' id='line_1_28' title="bbox 105 3130 1327 3223; baseline 0 -21"><span class='ocrx_word' id='word_1_242' title='bbox 105 3165 110 3209; x_wconf 68' lang='grc' dir='ltr'><strong><em>ς</em></strong></span> <span class='ocrx_word' id='word_1_243' title='bbox 129 3137 169 3203; x_wconf 83' lang='grc' dir='ltr'><strong><em>τὸ</em></strong></span> <span class='ocrx_word' id='word_1_244' title='bbox 191 3136 270 3220; x_wconf 83' lang='grc' dir='ltr'><strong><em>περὶ</em></strong></span> <span class='ocrx_word' id='word_1_245' title='bbox 286 3139 385 3200; x_wconf 82' lang='grc' dir='ltr'><strong><em>Ναοῦ</em></strong></span> <span class='ocrx_word' id='word_1_246' title='bbox 397 3133 533 3216; x_wconf 77' lang='grc' dir='ltr'><strong><em>Συμεών</em></strong></span> <span class='ocrx_word' id='word_1_247' title='bbox 555 3130 573 3200; x_wconf 85' lang='grc' dir='ltr'>ὁ</span> <span class='ocrx_word' id='word_1_248' title='bbox 591 3132 841 3222; x_wconf 83' lang='grc' dir='ltr'><strong><em>Θεσσαλονίκης.</em></strong></span> <span class='ocrx_word' id='word_1_249' title='bbox 871 3132 909 3220; x_wconf 85' lang='grc' dir='ltr'><strong><em>γ’.</em></strong></span> <span class='ocrx_word' id='word_1_250' title='bbox 931 3133 1117 3223; x_wconf 79' lang='grc' dir='ltr'><strong><em>Σημαδεῦει</em></strong></span> <span class='ocrx_word' id='word_1_251' title='bbox 1138 3135 1177 3202; x_wconf 85' lang='grc' dir='ltr'><strong><em>τὸ</em></strong></span> <span class='ocrx_word' id='word_1_252' title='bbox 1198 3130 1327 3223; x_wconf 81' lang='grc' dir='ltr'><strong><em>δὶσπρον</em></strong></span> 
     </span>
     <span class='ocr_line' id='line_1_29' title="bbox 105 3231 1327 3328; baseline 0 -24"><span class='ocrx_word' id='word_1_253' title='bbox 105 3239 205 3328; x_wconf 71' lang='grc' dir='ltr'><strong><em>ἱρεμα,</em></strong></span> <span class='ocrx_word' id='word_1_254' title='bbox 226 3236 268 3320; x_wconf 78' lang='grc' dir='ltr'><strong><em>μὲ</em></strong></span> <span class='ocrx_word' id='word_1_255' title='bbox 289 3235 327 3301; x_wconf 88' lang='grc' dir='ltr'><strong><em>τδ</em></strong></span> <span class='ocrx_word' id='word_1_256' title='bbox 350 3232 471 3302; x_wconf 87' lang='grc' dir='ltr'><strong><em>ὁποῖον</em></strong></span> <span class='ocrx_word' id='word_1_257' title='bbox 493 3231 620 3323; x_wconf 77' lang='grc' dir='ltr'><strong><em>ἔπειγεν</em></strong></span> <span class='ocrx_word' id='word_1_258' title='bbox 642 3232 660 3301; x_wconf 89' lang='grc' dir='ltr'>ὁ</span> <span class='ocrx_word' id='word_1_259' title='bbox 680 3233 830 3323; x_wconf 80' lang='grc' dir='ltr'><strong><em>Ἡρώδης</em></strong></span> <span class='ocrx_word' id='word_1_260' title='bbox 849 3236 907 3302; x_wconf 85' lang='grc' dir='ltr'><strong><em>τὸν</em></strong></span> <span class='ocrx_word' id='word_1_261' title='bbox 925 3232 1049 3326; x_wconf 82' lang='grc' dir='ltr'><strong><em>Ἰησοῦν</em></strong></span> <span class='ocrx_word' id='word_1_262' title='bbox 1063 3236 1209 3321; x_wconf 87' lang='grc' dir='ltr'><strong><em>Χριστὸν</em></strong></span> <span class='ocrx_word' id='word_1_263' title='bbox 1230 3263 1327 3323; x_wconf 88' lang='grc' dir='ltr'><strong><em>περι-</em></strong></span> 
     </span>
     <span class='ocr_line' id='line_1_30' title="bbox 105 3332 1327 3429; baseline -0.001 -22"><span class='ocrx_word' id='word_1_264' title='bbox 105 3342 225 3417; x_wconf 62' lang='lat' dir='ltr'><strong>tanos</strong></span> <span class='ocrx_word' id='word_1_265' title='bbox 241 3338 298 3405; x_wconf 89' lang='grc' dir='ltr'><strong><em>τδν</em></strong></span> <span class='ocrx_word' id='word_1_266' title='bbox 319 3335 405 3423; x_wconf 86' lang='grc' dir='ltr'><strong><em>πρὸς</em></strong></span> <span class='ocrx_word' id='word_1_267' title='bbox 425 3332 585 3402; x_wconf 85' lang='grc' dir='ltr'><strong><em>Πιλάτον.</em></strong></span> <span class='ocrx_word' id='word_1_268' title='bbox 627 3332 810 3420; x_wconf 83' lang='grc' dir='ltr'><strong><em>Ἐμπαίξας</em></strong></span> <span class='ocrx_word' id='word_1_269' title='bbox 831 3338 869 3404; x_wconf 80' lang='grc' dir='ltr'><strong><em>δὲ</em></strong></span> <span class='ocrx_word' id='word_1_270' title='bbox 891 3335 991 3404; x_wconf 81' lang='grc' dir='ltr'><strong><em>αι’·τδν</em></strong></span> <span class='ocrx_word' id='word_1_271' title='bbox 1011 3335 1029 3405; x_wconf 86' lang='grc' dir='ltr'><strong><em>δ</em></strong></span> <span class='ocrx_word' id='word_1_272' title='bbox 1049 3335 1208 3429; x_wconf 85' lang='grc' dir='ltr'><strong><em>Ἡρώδης,</em></strong></span> <span class='ocrx_word' id='word_1_273' title='bbox 1231 3364 1327 3426; x_wconf 85' lang='grc' dir='ltr'><strong><em>περι-</em></strong></span> 
     </span>
     <span class='ocr_line' id='line_1_31' title="bbox 105 3433 1327 3529; baseline 0.001 -22"><span class='ocrx_word' id='word_1_274' title='bbox 105 3441 174 3508; x_wconf 81' lang='grc' dir='ltr'><strong><em>λιῦν</em></strong></span> <span class='ocrx_word' id='word_1_275' title='bbox 203 3439 330 3526; x_wconf 71' lang='grc' dir='ltr'><strong><em>ἐσθῆτα</em></strong></span> <span class='ocrx_word' id='word_1_276' title='bbox 357 3437 523 3521; x_wconf 81' lang='grc' dir='ltr'><strong><em>λαμπρὰν,</em></strong></span> <span class='ocrx_word' id='word_1_277' title='bbox 550 3433 743 3525; x_wconf 81' lang='grc' dir='ltr'><strong><em>ἀνέπεμψεν</em></strong></span> <span class='ocrx_word' id='word_1_278' title='bbox 769 3434 871 3529; x_wconf 75' lang='grc' dir='ltr'><strong><em>αὐτὸν</em></strong></span> <span class='ocrx_word' id='word_1_279' title='bbox 890 3445 938 3526; x_wconf 76' lang='grc' dir='ltr'><strong><em>τῷ</em></strong></span> <span class='ocrx_word' id='word_1_280' title='bbox 958 3437 1108 3528; x_wconf 79' lang='grc' dir='ltr'><strong><em>Πιλάνηι.</em></strong></span> <span class='ocrx_word' id='word_1_281' title='bbox 1152 3439 1192 3507; x_wconf 76' lang='grc' dir='ltr'><strong><em>δ’.</em></strong></span> <span class='ocrx_word' id='word_1_282' title='bbox 1214 3447 1327 3528; x_wconf 79' lang='grc' dir='ltr'><strong><em>Σημα-</em></strong></span> 
     </span>
     <span class='ocr_line' id='line_1_32' title="bbox 105 3536 1328 3628; baseline -0.002 -17"><span class='ocrx_word' id='word_1_283' title='bbox 105 3541 153 3611; x_wconf 82' lang='grc' dir='ltr'><strong><em>δει</em></strong></span> <span class='ocrx_word' id='word_1_284' title='bbox 175 3540 233 3628; x_wconf 72' lang='grc' dir='ltr'><strong><em>τὴν</em></strong></span> <span class='ocrx_word' id='word_1_285' title='bbox 253 3537 440 3627; x_wconf 77' lang='grc' dir='ltr'><strong><em>Ἀγγελικὴν</em></strong></span> <span class='ocrx_word' id='word_1_286' title='bbox 461 3536 688 3627; x_wconf 77' lang='grc' dir='ltr'><strong><em>λαμπρότητα,</em></strong></span> <span class='ocrx_word' id='word_1_287' title='bbox 716 3539 759 3622; x_wconf 78' lang='grc' dir='ltr'><strong><em>μί</em></strong></span> <span class='ocrx_word' id='word_1_288' title='bbox 779 3539 838 3628; x_wconf 83' lang='grc' dir='ltr'><strong><em>τὴν</em></strong></span> <span class='ocrx_word' id='word_1_289' title='bbox 860 3537 992 3619; x_wconf 82' lang='grc' dir='ltr'><strong><em>ὁποίαν,</em></strong></span> <span class='ocrx_word' id='word_1_290' title='bbox 1015 3538 1060 3620; x_wconf 79' lang='grc' dir='ltr'><strong><em>ὡς</em></strong></span> <span class='ocrx_word' id='word_1_291' title='bbox 1073 3536 1226 3627; x_wconf 73' lang='grc' dir='ltr'><strong><em>’Ἄγγελοι</em></strong></span> <span class='ocrx_word' id='word_1_292' title='bbox 1250 3544 1328 3608; x_wconf 90' lang='grc' dir='ltr'><strong><em>δοο-</em></strong></span> 
     </span>
     <span class='ocr_line' id='line_1_33' title="bbox 105 3638 1327 3730; baseline -0.001 -18"><span class='ocrx_word' id='word_1_293' title='bbox 105 3643 197 3712; x_wconf 83' lang='grc' dir='ltr'><strong><em>ι’·οοσι</em></strong></span> <span class='ocrx_word' id='word_1_294' title='bbox 220 3639 252 3710; x_wconf 80' lang='lat' dir='ltr'><strong><em>oi</em></strong></span> <span class='ocrx_word' id='word_1_295' title='bbox 272 3639 527 3730; x_wconf 83' lang='grc' dir='ltr'><strong><em>Ἱεροεργοῦντες</em></strong></span> <span class='ocrx_word' id='word_1_296' title='bbox 553 3642 610 3706; x_wconf 87' lang='grc' dir='ltr'><strong><em>τὸν</em></strong></span> <span class='ocrx_word' id='word_1_297' title='bbox 634 3640 719 3707; x_wconf 84' lang='grc' dir='ltr'><strong><em>Θεὸν</em></strong></span> <span class='ocrx_word' id='word_1_298' title='bbox 747 3638 795 3719; x_wconf 88' lang='grc' dir='ltr'><strong><em>είς</em></strong></span> <span class='ocrx_word' id='word_1_299' title='bbox 815 3640 854 3708; x_wconf 90' lang='grc' dir='ltr'><strong><em>τδ</em></strong></span> <span class='ocrx_word' id='word_1_300' title='bbox 877 3639 1057 3728; x_wconf 82' lang='grc' dir='ltr'><strong><em>ῦπεράγιον</em></strong></span> <span class='ocrx_word' id='word_1_301' title='bbox 1077 3649 1175 3710; x_wconf 87' lang='grc' dir='ltr'><strong><em>τοῦτο</em></strong></span> <span class='ocrx_word' id='word_1_302' title='bbox 1200 3649 1327 3711; x_wconf 84' lang='grc' dir='ltr'><strong><em>Θεσια-</em></strong></span> 
     </span>
     <span class='ocr_line' id='line_1_34' title="bbox 105 3738 1327 3835; baseline 0.001 -23"><span class='ocrx_word' id='word_1_303' title='bbox 105 3744 214 3835; x_wconf 75' lang='grc' dir='ltr'><strong><em>ηριον,</em></strong></span> <span class='ocrx_word' id='word_1_304' title='bbox 247 3744 303 3811; x_wconf 84' lang='grc' dir='ltr'><strong><em>διὰ</em></strong></span> <span class='ocrx_word' id='word_1_305' title='bbox 335 3747 409 3821; x_wconf 90' lang='grc' dir='ltr'><strong><em>ταῖς</em></strong></span> <span class='ocrx_word' id='word_1_306' title='bbox 436 3738 573 3821; x_wconf 81' lang='grc' dir='ltr'><strong><em>ὁποίαις</em></strong></span> <span class='ocrx_word' id='word_1_307' title='bbox 602 3740 726 3821; x_wconf 78' lang='grc' dir='ltr'><strong><em>αἰτίαις</em></strong></span> <span class='ocrx_word' id='word_1_308' title='bbox 752 3741 790 3809; x_wconf 85' lang='grc' dir='ltr'><strong><em>τὸ</em></strong></span> <span class='ocrx_word' id='word_1_309' title='bbox 818 3739 993 3830; x_wconf 81' lang='grc' dir='ltr'><strong><em>Στιχοίριον</em></strong></span> <span class='ocrx_word' id='word_1_310' title='bbox 1020 3742 1149 3829; x_wconf 77' lang='grc' dir='ltr'><strong><em>ἔπρεπε</em></strong></span> <span class='ocrx_word' id='word_1_311' title='bbox 1176 3745 1216 3810; x_wconf 85' lang='grc' dir='ltr'><strong><em>νὰ</em></strong></span> <span class='ocrx_word' id='word_1_312' title='bbox 1241 3739 1327 3813; x_wconf 82' lang='grc' dir='ltr'><strong><em>εἶναι</em></strong></span> 
     </span>
     <span class='ocr_line' id='line_1_35' title="bbox 105 3838 1328 3933; baseline 0 -19"><span class='ocrx_word' id='word_1_313' title='bbox 105 3846 175 3915; x_wconf 76' lang='lat' dir='ltr'><strong><em>lna</em></strong></span> <span class='ocrx_word' id='word_1_314' title='bbox 197 3842 318 3931; x_wconf 81' lang='grc' dir='ltr'><strong><em>ἇσπρδ,</em></strong></span> <span class='ocrx_word' id='word_1_315' title='bbox 345 3844 400 3911; x_wconf 87' lang='grc' dir='ltr'><strong><em>καί</em></strong></span> <span class='ocrx_word' id='word_1_316' title='bbox 420 3841 566 3928; x_wconf 82' lang='grc' dir='ltr'><strong><em>μάλιστα</em></strong></span> <span class='ocrx_word' id='word_1_317' title='bbox 588 3850 653 3909; x_wconf 84' lang='grc' dir='ltr'><strong><em>τῶν</em></strong></span> <span class='ocrx_word' id='word_1_318' title='bbox 673 3841 855 3911; x_wconf 84' lang='grc' dir='ltr'><strong><em>Διακόνων.</em></strong></span> <span class='ocrx_word' id='word_1_319' title='bbox 891 3838 982 3926; x_wconf 77' lang='grc' dir='ltr'><strong><em>Ἔτζι</em></strong></span> <span class='ocrx_word' id='word_1_320' title='bbox 1004 3843 1052 3924; x_wconf 87' lang='grc' dir='ltr'><strong><em>είς</em></strong></span> <span class='ocrx_word' id='word_1_321' title='bbox 1072 3846 1111 3913; x_wconf 89' lang='grc' dir='ltr'><strong><em>τδ</em></strong></span> <span class='ocrx_word' id='word_1_322' title='bbox 1133 3846 1212 3933; x_wconf 80' lang='grc' dir='ltr'><strong><em>περὶ</em></strong></span> <span class='ocrx_word' id='word_1_323' title='bbox 1230 3842 1328 3914; x_wconf 78' lang='grc' dir='ltr'><strong><em>Ἀνα-</em></strong></span> 
     </span>
     <span class='ocr_line' id='line_1_36' title="bbox 105 3942 756 4035; baseline -0.006 -18"><span class='ocrx_word' id='word_1_324' title='bbox 105 3946 206 4027; x_wconf 86' lang='grc' dir='ltr'><strong><em>ασίας</em></strong></span> <span class='ocrx_word' id='word_1_325' title='bbox 227 3945 380 4014; x_wconf 79' lang='grc' dir='ltr'><strong><em>ἐνύπνιον</em></strong></span> <span class='ocrx_word' id='word_1_326' title='bbox 402 3942 420 4012; x_wconf 89' lang='grc' dir='ltr'>ὁ</span> <span class='ocrx_word' id='word_1_327' title='bbox 440 3945 544 4032; x_wconf 80' lang='grc' dir='ltr'><strong><em>μέγας</em></strong></span> <span class='ocrx_word' id='word_1_328' title='bbox 566 3952 597 4011; x_wconf 92' lang='grc' dir='ltr'>Γ</span> <span class='ocrx_word' id='word_1_329' title='bbox 594 3944 756 4035; x_wconf 89' lang='grc' dir='ltr'><strong><em>ρηγδριος.</em></strong></span> 
     </span>
    </p>
   </div>
   <div class='ocr_carea' id='block_1_6' title="bbox 105 4159 1328 4370">
    <p class='ocr_par' dir='ltr' id='par_1_6' title="bbox 105 4159 1328 4370">
     <span class='ocr_line' id='line_1_37' title="bbox 257 4159 953 4256; baseline 0.003 -24"><span class='ocrx_word' id='word_1_330' title='bbox 257 4159 436 4246; x_wconf 62' lang='lat' dir='ltr'><strong>’Ferocem</strong></span> <span class='ocrx_word' id='word_1_331' title='bbox 455 4162 642 4256; x_wconf 80' lang='grc' dir='ltr'><strong><em>Ἀγγελικῆς</em></strong></span> <span class='ocrx_word' id='word_1_332' title='bbox 664 4164 786 4245; x_wconf 79' lang='grc' dir='ltr'><strong><em>εἰκόνες</em></strong></span> <span class='ocrx_word' id='word_1_333' title='bbox 807 4161 953 4255; x_wconf 77' lang='grc' dir='ltr'><strong><em>ἀγλαΐης.</em></strong></span> 
     </span>
     <span class='ocr_line' id='line_1_38' title="bbox 105 4282 1328 4370; baseline 0.002 -19"><span class='ocrx_word' id='word_1_334' title='bbox 105 4300 122 4351; x_wconf 83' lang='lat' dir='ltr'><strong><em>tt</em></strong></span> <span class='ocrx_word' id='word_1_335' title='bbox 144 4291 234 4369; x_wconf 82' lang='lat' dir='ltr'><strong>igitur</strong></span> <span class='ocrx_word' id='word_1_336' title='bbox 260 4282 428 4370; x_wconf 86' lang='grc' dir='ltr'><strong><em>στιχάριον</em></strong></span> <span class='ocrx_word' id='word_1_337' title='bbox 458 4291 592 4351; x_wconf 78' lang='lat' dir='ltr'><strong>strictior</strong></span> <span class='ocrx_word' id='word_1_338' title='bbox 623 4289 721 4351; x_wconf 86' lang='lat' dir='ltr'><strong>tunica</strong></span> <span class='ocrx_word' id='word_1_339' title='bbox 745 4288 789 4349; x_wconf 89' lang='lat' dir='ltr'><strong><em>vel</em></strong></span> <span class='ocrx_word' id='word_1_340' title='bbox 812 4288 902 4349; x_wconf 86' lang='lat' dir='ltr'><strong>vestis</strong></span> <span class='ocrx_word' id='word_1_341' title='bbox 925 4289 1038 4362; x_wconf 90' lang='lat' dir='ltr'><strong>talaris,</strong></span> <span class='ocrx_word' id='word_1_342' title='bbox 1067 4298 1135 4368; x_wconf 79' lang='lat' dir='ltr'><strong>apte</strong></span> <span class='ocrx_word' id='word_1_343' title='bbox 1159 4300 1328 4367; x_wconf 87' lang='lat' dir='ltr'><strong>comparata</strong></span> 
     </span>
    </p>
   </div>
   <div class='ocr_carea' id='block_1_7' title="bbox 105 4389 1328 4470">
    <p class='ocr_par' dir='ltr' id='par_1_7' title="bbox 105 4389 1328 4470">
     <span class='ocr_line' id='line_1_39' title="bbox 105 4389 1328 4470; baseline 0.002 -19"><span class='ocrx_word' id='word_1_344' title='bbox 105 4411 134 4453; x_wconf 78' lang='lat' dir='ltr'><strong><em>im</em></strong></span> <span class='ocrx_word' id='word_1_345' title='bbox 158 4393 231 4453; x_wconf 80' lang='lat' dir='ltr'><strong>Alba</strong></span> <span class='ocrx_word' id='word_1_346' title='bbox 254 4393 402 4464; x_wconf 83' lang='lat' dir='ltr'><strong>Romana,</strong></span> <span class='ocrx_word' id='word_1_347' title='bbox 433 4401 641 4470; x_wconf 76' lang='lat' dir='ltr'><strong>praeterquam</strong></span> <span class='ocrx_word' id='word_1_348' title='bbox 670 4390 749 4470; x_wconf 88' lang='lat' dir='ltr'><strong>quod</strong></span> <span class='ocrx_word' id='word_1_349' title='bbox 777 4389 896 4467; x_wconf 80' lang='lat' dir='ltr'><strong>cingulo</strong></span> <span class='ocrx_word' id='word_1_350' title='bbox 924 4409 983 4450; x_wconf 95' lang='lat' dir='ltr'><strong><em>non</em></strong></span> <span class='ocrx_word' id='word_1_351' title='bbox 1013 4390 1144 4452; x_wconf 83' lang='lat' dir='ltr'><strong>recincta</strong></span> <span class='ocrx_word' id='word_1_352' title='bbox 1173 4401 1228 4452; x_wconf 89' lang='lat' dir='ltr'><strong>est.</strong></span> <span class='ocrx_word' id='word_1_353' title='bbox 1272 4393 1328 4453; x_wconf 86' lang='lat' dir='ltr'><strong><em>Ex-</em></strong></span> 
     </span>
    </p>
   </div>
   <div class='ocr_carea' id='block_1_8' title="bbox 105 4489 1327 4643">
    <p class='ocr_par' dir='ltr' id='par_1_8' title="bbox 105 4489 1327 4643">
     <span class='ocr_line' id='line_1_40' title="bbox 105 4489 1327 4572; baseline 0.005 -24"><span class='ocrx_word' id='word_1_354' title='bbox 105 4494 166 4555; x_wconf 78' lang='lat' dir='ltr'><strong>›scit</strong></span> <span class='ocrx_word' id='word_1_355' title='bbox 187 4494 331 4572; x_wconf 77' lang='lat' dir='ltr'><strong>mysticus</strong></span> <span class='ocrx_word' id='word_1_356' title='bbox 354 4513 471 4565; x_wconf 88' lang='lat' dir='ltr'><strong>sensus,</strong></span> <span class='ocrx_word' id='word_1_357' title='bbox 494 4503 526 4553; x_wconf 92' lang='lat' dir='ltr'><strong><em>ut</em></strong></span> <span class='ocrx_word' id='word_1_358' title='bbox 548 4491 690 4554; x_wconf 82' lang='lat' dir='ltr'><strong>sticharia</strong></span> <span class='ocrx_word' id='word_1_359' title='bbox 712 4491 803 4554; x_wconf 88' lang='lat' dir='ltr'><strong>lintea</strong></span> <span class='ocrx_word' id='word_1_360' title='bbox 826 4489 887 4552; x_wconf 82' lang='lat' dir='ltr'><strong>aiut</strong></span> <span class='ocrx_word' id='word_1_361' title='bbox 906 4491 1105 4563; x_wconf 77' lang='lat' dir='ltr'><strong>commorata,</strong></span> <span class='ocrx_word' id='word_1_362' title='bbox 1127 4491 1187 4553; x_wconf 87' lang='lat' dir='ltr'><strong>albi</strong></span> <span class='ocrx_word' id='word_1_363' title='bbox 1203 4493 1327 4555; x_wconf 85' lang='lat' dir='ltr'><strong>coloris:</strong></span> 
     </span>
     <span class='ocr_line' id='line_1_41' title="bbox 1069 4587 1127 4643; baseline 0 0"><span class='ocrx_word' id='word_1_364' title='bbox 1069 4587 1127 4643; x_wconf 66' lang='grc' dir='ltr'><strong><em>λδ*</em></strong></span> 
     </span>
    </p>
   </div>
   <div class='ocr_carea' id='block_1_9' title="bbox 0 0 1528 4912">
    <p class='ocr_par' dir='ltr' id='par_1_9' title="bbox 0 0 1528 4912">
     <span class='ocr_line' id='line_1_42' title="bbox 0 0 1528 4912; baseline 0 0"><span class='ocrx_word' id='word_1_365' title='bbox 0 0 1528 4912; x_wconf 95' lang='lat' dir='ltr'><strong><em> </em></strong></span> 
     </span>
    </p>
   </div>
  </div>
 </body>
</html>
