3044 4912
664 241 739 317 443

152 419 266 521 Κύριε
301 420 571 523 παντοκράτορ,
599 424 629 500 ’ὸ
659 424 747 510 Θεὸς
781 432 859 503 τῶν
893 410 1064 523 πατέρων
1098 426 1220 525 ἡμῶν,
1255 423 1337 503 δεό-

95 520 173 599 εΘοί
200 549 282 614 σου,
308 520 516 610 ἐπάκουσον
541 524 604 601 καὶ
631 526 790 624 ἐλέησον.

146 627 317 723 Ἐλέησον
340 626 453 723 ἡμᾶς,
479 625 499 703 ὁ
529 628 628 718 Θεὸς,
654 630 750 705 κατὰ
775 628 819 706 τὸ
838 632 933 733 μέγα
951 625 1047 714 ἔλεός
1064 655 1145 720 σου,
1173 624 1340 729 δεόμεθά

95 756 153 818 ου,
179 726 389 804 ἐπάκουσον
411 727 475 803 καὶ
501 729 658 827 ἐλέησον.

188 874 273 962 Εὸχὸ
298 885 358 967 τῆς
379 876 527 959 ἐκτευοῦς
549 875 683 964 ἱκεσίας,
704 875 745 971 ἣν
766 879 854 970 λέγει
875 876 895 950 ὸ
919 877 1025 970 ίερεὸς
1043 887 1217 967 μυστικῶς.

153 980 279 1079 Κύριε,
307 981 326 1055 ὸ
348 982 435 1066 Θεὸς
457 980 579 1079 ἡμῶν,
604 982 673 1081 τὴν
699 988 824 1083 ἐκτενῆ
849 981 990 1081 ταύτην
1015 981 1158 1061 ἱκεσίαν
1183 982 1337 1080 πρόςδε-

95 1111 129 1157 αι
155 1083 257 1181 παρὰ
282 1090 361 1158 τῶν
388 1091 466 1159 σῶν
492 1080 651 1175 δούλοιν,
677 1087 741 1160 καὶ
766 1088 912 1183 ἐλέησον
937 1086 1047 1183 ἡμᾶς,
1074 1084 1169 1160 κατὰ
1186 1085 1229 1159 τὸ
1248 1094 1339 1183 πλῆ-

95 1197 143 1269 ιος
176 1193 245 1261 τοῦ
281 1186 401 1269 ἐλέους
437 1211 522 1260 σου·
559 1185 622 1260 καί
647 1186 735 1273 τοὺς
760 1186 972 1285 ολκτιρμούς
998 1213 1067 1263 σου
1092 1183 1340 1285 κατάπεμψον

95 1287 124 1385 μ’
151 1285 263 1384 ἡμᾶς,
294 1286 357 1361 καί
390 1287 447 1361 ἐπὶ
473 1283 596 1362 πάντα
621 1288 689 1364 τὸν
714 1285 808 1366 λαόν
833 1315 914 1379 σου,
951 1289 1017 1365 τὸν
1043 1286 1338 1386 ἀπεκδεχόμενον

94 1389 114 1462 ὸ
140 1387 242 1486 παρὰ
268 1396 337 1463 σοῦ
364 1384 540 1466 πλούσιον
565 1391 671 1474 ἕλεος.

594 1536 633 1606 Ὁ
655 1537 817 1622 διάκονος.

138 1642 216 1714 Ἔτι
251 1638 418 1737 δεόμεθα
454 1639 546 1739 ὑπὲρ
581 1652 660 1719 τῶν
695 1645 862 1741 εὐσεβῶν
897 1643 960 1718 καὶ
996 1640 1219 1742 ἀρθοδόξων
1243 1647 1338 1744 Χρι-

95 1749 244 1818 τιανῶν.
1332 1772 1335 1777 ·

146 1845 221 1918 Ἔτι
248 1841 415 1938 δεόμεθα
440 1842 532 1941 ὑπὲρ
557 1853 626 1920 τοῦ
652 1842 938 1942 ἀρχιεπισκόπου
963 1844 1082 1942 ἡμῶν.

143 1946 221 2019 Ἔτι
247 1942 413 2040 δεόμεθα
438 1944 531 2042 ὑπὲρ
556 1953 635 2022 τῶν
659 1946 834 2047 ἀδελφῶν
861 1946 981 2043 ἡμῶν.

144 2047 222 2120 Ἔτι
248 2044 414 2141 δεόμεθα
439 2044 531 2146 ὑπὲρ
556 2056 635 2122 τῶν
659 2047 856 2145 μακαρίων
874 2046 936 2122 καί
955 2045 1139 2145 ἀοιδίμων
1157 2044 1338 2146 κτιτόρων

95 2157 133 2247 ῆς
160 2148 268 2250 ἀμίας
292 2159 409 2245 μονῆς
432 2146 579 2245 ταύτης.

144 2250 222 2324 Ἔτι
248 2248 414 2345 δεόμεθα
438 2247 530 2346 ὑπὲρ
558 2249 687 2335 ἐλέους.

148 2353 222 2425 Ἔτι
258 2349 423 2447 δεόμεθα
458 2350 550 2448 ὑπὲρ
585 2360 664 2428 τῶν
696 2348 1039 2450 καρποφορούντων
1075 2349 1137 2425 καὶ
1172 2357 1340 2446 καλλιερ-

95 2450 251 2528 οτίντων.

526 2581 564 2651 Ὁ
587 2581 692 2672 ἱερεὺς
713 2581 879 2674 ἐκφώνως.

135 2689 155 2715 Π
261 2693 270 2716 Ί
502 2689 512 2714 Χ
976 2688 986 2715 C

154 2693 220 2766 Οτι
254 2686 417 2787 ελεήμων
452 2717 514 2762 και
550 2685 819 2788 φιλάνθρωπος
848 2686 934 2772 Θεὸς
954 2684 1153 2787 υπάρχεις,
1189 2685 1253 2761 καὶ
1279 2685 1338 2760 σοὶ

95 2790 138 2886 ὸν
174 2789 290 2875 δόξαν
326 2791 603 2887 ἀναπέμιισμεν,
639 2798 692 2888 τῷ
729 2789 853 2886 πατρί,
889 2789 952 2864 καὶ
986 2797 1040 2886 τῷ
1073 2789 1159 2887 υἱῷ,
1195 2787 1337 2886 καὶτῷ

94 2892 166 3022 γίμ
206 2891 407 2989 πνεύματι,
447 2901 521 2968 νῦν
561 2892 623 2967 καὶ
665 2891 721 2965 ἀεὶ
728 2948 741 2980 ,
780 2892 843 2966 καὶ
883 2896 933 2974 είς
969 2891 1055 2974 τοὺς
1088 2896 1228 2974 αἰῶνος
1260 2897 1338 2964 τῶν

95 3000 235 3083 'ww’
593 3088 630 3159 ‘0
653 3087 815 3170 διάκονος.

153 3198 339 3284 Εὔξασθε,
367 3195 401 3270 οἱ
427 3192 693 3289 κατηχούμενοι
719 3202 773 3292 τῷ
799 3191 939 3291 Κυρίῳ.

157 3299 203 3374 Οἱ
230 3297 363 3385 πιστοί,
388 3295 480 3394 ὑπὲρ
506 3304 584 3370 τῶν
608 3293 896 3391 κατηχουμίνων
922 3292 1136 3391 δεηθῶμεν·

141 3399 222 3475 Ἵνα
249 3399 269 3474 ὁ
295 3398 431 3496 Κύριος
457 3397 592 3481 αὐτοὺς
618 3394 761 3492 ἐλεήσῃ·

152 3497 349 3598 Κατηχήσῃ
376 3499 512 3582 αὐτοὺς
536 3500 604 3573 τὸν
628 3493 740 3598 λόγον
764 3505 829 3593 τῆς
855 3494 1047 3593 ἀληθείας·

146 3601 383 3700 Ἀποκαλίπμῃ
411 3602 536 3683 αὐτοῖς
561 3599 603 3674 τὸ
630 3599 843 3726 εὐαμγίλιον
868 3606 932 3695 τῆς
958 3591 1209 3692 δικαιοσύνης·

147 3702 287 3800 Ἑνοίσῃ
314 3704 450 3787 αὐτοὺς
473 3711 518 3799 τῇ
548 3700 636 3802 ἁγίᾳ
661 3709 790 3790 αυτοῦ,
816 3702 998 3795 καθολικῇ
1025 3696 1087 3772 καὶ
1115 3696 1336 3794 ἀποστολικῖ

95 3806 248 3903 ικλησίᾳ.
922 3893 924 3897 ¹

153 3916 305 3996 Σῶσον,
341 3906 500 4000 ἐλέησον,
539 3904 745 4001 ἀντιλαβοῦ
779 3901 842 3979 καὶ
877 3897 1107 4001 διαφύλαξον
1140 3895 1288 3988 αὐτοὺς,
1316 3896 1336 3973 ι’.4

95 4008 172 4099 ίεὸς,
197 4017 242 4105 τῇ
270 4017 315 4105 σῇ
339 4005 474 4104 χάριτι.

156 4114 202 4187 Οἱ
228 4106 507 4206 κατηχούμενοι,
533 4136 600 4190 τας
624 4105 787 4202 κεφαλὰς
813 4103 924 4202 ὑμῶν
949 4111 1003 4203 τῷ
1023 4099 1152 4201 Κυρίῳ
1178 4099 1336 4176 κλίναεε.

159 4258 246 4350 Εάχὴ
269 4257 353 4346 ὑπὲρ
375 4265 440 4327 τῶν
461 4253 717 4347 κατηχουμίνων,
739 4248 779 4346 ἣν
801 4256 889 4343 λέγει
909 4250 926 4322 c‘
951 4251 1056 4341 ἱερεὺς
1077 4257 1225 4339 μυστικῶ
1226 4275 1253 4330 ς.

148 4365 191 4441 Ὁ
219 4363 318 4453 Θεὸς,
355 4362 374 4436 ὁ
405 4362 491 4446 Θεὸς
516 4363 635 4455 ἡμῶν,
674 4359 866 4456 ὸκτίστης
900 4357 964 4433 καὶ
997 4355 1223 4457 δημιουργὸς
1259 4382 1336 4428 των

95 4464 261 4556 πάντων,
289 4466 308 4540 ὸ
335 4462 477 4548 πάντας
502 4466 625 4540 Θέλων
653 4467 824 4564 σωθῆναι
849 4460 913 4536 καὶ
941 4463 990 4544 είς
1015 4459 1217 4563 ἐπίγνωσιν
1248 4455 1337 4552 ἀλη-
