3044 4912
671 278 746 355 020

97 471 199 553 λειὺν,
226 491 247 538 0
233 460 561 562 ὑπερβαίνων
540 462 700 560 ανομίας
725 461 790 539 καὶ
815 461 973 589 ἐξαίρων
998 462 1202 555 ἀδικίας,
1184 496 1204 541 ο
1229 469 1345 565 ταχὺς

97 580 124 653 ’ς
160 561 348 664 βοήθειαν
381 565 446 640 καὶ
476 563 625 695 βραδὺς
656 571 708 649 εἰς
732 562 915 666 δργήν,ὑ
941 563 1158 664 ἐμφυσήσας
1182 572 1233 653 είς
1256 570 1345 657 τοὺς

97 675 212 745 αυτοῦ
235 665 413 795 μαθητάς
436 667 499 742 καὶ
525 663 656 742 εἰπάν·
684 667 816 762 λάβετε
840 673 988 753 πνεῦμα
1013 666 1134 767 ίίγιον,
1163 671 1213 746 ἀν
1227 700 1344 749 τινων

97 777 195 869 φῆτε
224 767 294 853 τάς
324 768 528 866 ἁμαρτίας,
570 768 743 867 ἀφίενται
776 766 914 851 αὑτοῖς.
962 765 1005 844 Ο
1036 767 1234 866 δεχόμενος
1265 783 1345 851 τῶν

97 878 311 998 μαρτφλῶν
345 869 414 966 τὴν
449 867 665 960 μετάνοιαν,
699 868 763 946 καὶ
798 869 1021 954 ἐξουσίανέ
1017 876 1101 965 ’χων
1137 882 1345 975 συγχωρεῖν

98 972 261 1070 μαρτίας
286 970 422 1056 πολλάς
446 971 510 1047 καὶ
533 972 707 1068 χαλεπὰς,
738 971 803 1047 καὶ
826 974 930 1047 ἴασιν
954 972 1127 1068 παρέχων
1151 983 1243 1050 πᾶσι
1267 984 1346 1063 τοῖς

97 1104 116 1149 ν
141 1073 321 1172 ασθενειη
346 1072 410 1148 καὶ
434 1073 666 1173 μακρονοσίη
691 1071 898 1248 διάγουσιν.
941 1070 1112 1149 Ὁκαὶέ
1096 1078 1159 1169 ε
1151 1073 1253 1152 τὸν
1276 1107 1344 1153 τα-

97 1176 204 1252 εινὸν
227 1204 291 1250 και
278 1174 541 1274 ἁμαρτωλὸν
564 1175 628 1251 καί
653 1174 809 1261 ἀνάξιον
833 1170 972 1250 δοῦλόν
997 1199 1079 1265 σου,
1104 1177 1173 1253 τὸν
1198 1182 1239 1253 ἐν
1255 1189 1344 1255 πολ-

97 1284 157 1362 αῖς
181 1276 381 1373 ἁμαρτίαις
406 1278 732 1407 συμπεπλεγμένον
755 1306 820 1353 και
808 1274 1009 1405 πάθεσιν
1031 1276 1184 1404 660666
1205 1305 1345 1382 συγκυ

97 1376 322 1507 ινδρὺμενρν
346 1379 502 1508 καλέσας
525 1384 576 1464 ελς
600 1377 669 1455 τὸν
693 1378 803 1481 άγιον
822 1377 885 1453 καὶ
901 1377 1169 1503 ὑπερμίγιστον
1183 1382 1346 1478 βαθμὸν

97 1490 140 1580 ῆς
164 1479 367 1579 ίεροσὺνης,
392 1480 457 1556 καὶ
481 1483 658 1566 είςελθεῖν
683 1486 734 1567 είς
757 1480 800 1557 εδ
825 1474 1022 1578 ἐνδότερον
1046 1489 1114 1556 τοῦ
1138 1481 1346 1611 καταπετά-

97 1612 230 1680 ματος,
263 1587 315 1666 ελς
345 1581 392 1656 τά
426 1582 515 1685 ἅγια
547 1589 626 1658 τιὺν
652 1580 785 1686 ἀγίων,
818 1581 912 1658 ὅπου
937 1581 1157 1682 παρακόψαι
1184 1585 1220 1660 06
1245 1585 1345 1687 ἅγιοι

97 1688 225 1814 ἵγγελοι
258 1685 577 1779 ἐπιθυμοῦσιν,’
555 1692 714 1760 ακοὺσαι
746 1690 811 1782 τῆς
848 1684 1081 1784 εὑαγγελικῆς
1106 1694 1236 1784 φωνῆς
1267 1695 1346 1764 Kv-

97 1786 162 1863 ίου
195 1794 263 1861 τοῦ
299 1790 404 1874 θεοῦ,
436 1787 500 1862 καί
533 1782 753 1861 θεάσασθαι
787 1785 942 1883 αὑτοψεὶ
975 1785 1019 1859 τδ
1051 1785 1247 1879 πρόςωπον
1281 1798 1347 1887 τῆς

97 1888 209 2014 γίας
221 1887 436 2014 ἀναφορᾶς,
471 1886 534 1962 καὶ
569 1888 779 1964 ἀπολαῦσαι
811 1894 875 1983 τῆς
906 1885 1015 1970 θείας
1045 1887 1109 1961 καὶ
1140 1889 1242 1981 ἱερᾶς
1274 1899 1346 1966 λει-

97 1987 270 2119 ουργίας·
305 1988 325 2064 6
356 1984 588 2075 καταξιώσας
618 2018 665 2085 με
696 1990 976 2117 ίερουργῆσαι
966 1987 1012 2061 τὰ
1046 1989 1250 2086 ἐπουράνια
1275 2019 1346 2068 σου

97 2088 313 2219 ιυστήρια,
302 2090 366 2165 καὶ
391 2090 672 2220 προςφέρειν
633 2115 692 2166 σοι
718 2089 824 2189 δῶρα
850 2118 888 2163 τε
914 2118 977 2164 και
965 2088 1180 2175 θυσίας’
1157 2090 1252 2219 υπίρ
1267 2101 1347 2170 τῶν

97 2192 265 2287 μετέρων
291 2190 584 2321 ἀμαρτηματων,
610 2192 673 2267 καὶ
698 2199 777 2267 τῶν
797 2199 866 2267 τοῦ
884 2190 1015 2266 6606’
994 2188 1257 2366 ἀγνοημάτων,
1282 2196 1346 2270 καὶ

97 2303 290 2371 εσιτεῦσαι
322 2291 414 2422 ὑπὲρ
448 2303 526 2370 τῶν
559 2301 717 2396 λογικῶν
748 2318 819 2369 σου
851 2288 1122 2391 προβάτων,’
1119 2322 1167 2369 να
1193 2293 1257 2369 διά
1282 2306 1347 2426 663

97 2394 213 2492 εολλῆς
236 2394 300 2470 καὶ
326 2392 491 2525 ἀφάιρυ
502 2421 570 2472 σου
596 2394 886 2524 φιλανθρωπίας
909 2394 957 2469 τά
960 2392 1259 2570 ἐπαραπτώματα
1277 2399 1347 2474 αὐ-

98 2496 377 2626 ωνέξαλείψης,
404 2496 516 2626 06663
532 2494 749 2625 ὑπεράγαθε
764 2497 976 2594 βασιλεῦ,έ
977 2492 1132 2571 νυίτισαι
1149 2495 1219 2594 τὴν
1235 2527 1347 2597 προς-

97 2598 191 2697 υχὴν
215 2627 290 2694 μου
316 2627 357 2673 εν
382 2595 499 2694 ταύτῃ
524 2606 571 2695 66
597 2598 676 2727 ὑίρρ
699 2599 817 2673 τεκαὶ
834 2597 1069 2726 ἀγίᾳήμέρα,
1095 2627 1158 2674 και
1147 2599 1216 2676 ἐν
1233 2601 1346 2677 παντὶ

97 2709 198 2799 αιρῷ
223 2700 285 2774 καὶ
310 2697 425 2798 τόπῳ,
452 2699 515 2775 καὶ
540 2695 696 2826 πρόσχες
720 2707 765 2796 τῇ
787 2709 897 2798 φωνῇ
914 2708 979 2797 τῆς
995 2696 1156 2829 δεήσεως
1169 2730 1257 2796 μου,
1283 2702 1348 2778 καὶ

100 2813 147 2879 06
174 2800 312 2877 δούλου
339 2826 420 2892 σου,
446 2800 569 2892 τοῦδε,
598 2811 664 2878 τοῦ
690 2806 731 2878 ἐν
756 2802 934 2899 ἀσθενείᾳ
954 2808 1078 2929 φυχής
1093 2801 1158 2878 καὶ
1175 2800 1348 2900 σώματος

97 2934 200 2994 ντος,
226 2903 294 3000 τὴν
318 2907 421 2979 ἴασιν
447 2901 627 3002 δείρησαι,
665 2905 838 3001 παρέχων
863 2904 998 3001 ἄφεσιν
1024 2903 1221 3033 ἁμαρτιῶν
1242 2907 1347 3004 αὐτῷ

97 3006 142 3082 αὶ
170 3002 405 3133 συγχώρησιν
431 3002 764 3103 πλημμελημάτων,
792 3003 972 3080 ἑκουσίων
996 3034 1034 3079 τε
1060 3005 1124 3079 καὶ
1146 3006 1346 3096 ἀκουσίων,

97 3107 318 3233 λεραπεύων
327 3107 446 3182 αὑτοῦ
470 3106 653 3233 πληγάς’
633 3104 822 3195 ανιάεους,
848 3114 975 3180 πᾶσαν
1000 3135 1039 3178 τε
1064 3101 1179 3181 νόσον
1194 3106 1258 3180 καὶ
1275 3115 1348 3181 πᾶ-

97 3237 154 3285 ιαν
179 3206 376 3305 μαλακίαν.
429 3204 605 3303 Δάρησαι
639 3208 743 3335 αάερλ
768 3206 933 3305 ψυχικὴν
956 3209 1072 3295 ιασιν,
1109 3204 1348 3340 ὑὺιμρίμενος

97 3320 145 3409 ῆς
170 3315 355 3404 πενθερᾶς
380 3316 447 3384 τοῦ
475 3308 636 3406 Πέτρου,
661 3307 726 3384 καὶ
751 3309 895 3408 ἀφῆκεν
917 3307 1036 3407 αὑτὴν
1053 3306 1073 3384 6
1091 3309 1257 3404 πυρετός,
1283 3311 1348 3387 καὶ

97 3413 222 3516 ιγέρθη
253 3411 317 3486 καὶ
349 3407 510 3508 διηκόνει
544 3434 613 3485 σοι.
664 3410 800 3501 Αὑεὸς,
835 3409 1008 3500 δέσποτα,
1041 3409 1104 3486 καὶ
1135 3421 1191 3509 τῷ
1223 3409 1348 3511 δοὺλφ

97 3544 164 3602 ιου,
189 3513 298 3612 τῶδε,
325 3509 520 3609 παράσχου
543 3511 710 3610 ἰατρείαν
735 3512 798 3588 καὶ
823 3511 1040 3638 ἀπαλλαγὴν
1064 3507 1184 3608 πάσης
1200 3514 1349 3610 φθορο-

97 3625 191 3692 ιοιοῦ
225 3613 452 3744 ἀλγηδόνος,
475 3616 538 3689 καί
570 3612 767 3743 μνήσθητι
791 3622 870 3690 τῶν
900 3611 1091 3689 πλουσίων
1117 3636 1186 3686 σου
1211 3618 1349 3711 οἰκτιρ-

97 3726 167 3792 ιῶν
198 3717 262 3792 καὶ
293 3725 361 3791 τοῦ
393 3716 514 3800 ἐλέους
540 3742 619 3791 σου.
672 3712 928 3845 Μνήσθητι“
908 3743 964 3788 οτι
989 3716 1212 3811 ἐπιμελως”
1191 3744 1348 3846 εγκειται

97 3840 104 3917 ἠ
97 3817 280 3894 διάνοια
306 3826 374 3894 τοῦ
400 3812 651 3947 666667600'
635 3818 698 3947 6616
718 3817 765 3893 τά
790 3814 934 3915 πονηρά
960 3819 1000 3890 ἐκ
1025 3813 1195 3914 νεότητος
1217 3817 1348 3909 αὑτοῦ,

97 3921 145 3998 ταὶ
178 3919 300 4004 οὐδεὶς
330 3918 535 4016 εὑρίσκεται
569 3916 829 4048 ἀναμάρτητος
861 3917 920 3993 ἐπὶ
952 3926 1017 4015 τῆς
1027 3927 1126 4046 γῆς.
1179 3917 1243 3995 Σὺ
1240 3918 1349 4049 γὰρ

97 4018 199 4106 ιόνος
222 4021 324 4106 εκτὸς
348 4019 533 4120 ἁμαρτίας
557 4019 799 4117 ὑπάρχεις,ο
779 4019 950 4096 ὁελθών
975 4019 1040 4094 καί
1065 4016 1188 4106 σώσας
1211 4020 1254 4095 τὸ
1280 4023 1349 4097 ἀν·
1399 4089 1402 4100 .

97 4123 282 4225 66666606
305 4123 447 4253 γένος,
448 4123 511 4198 καὶ
537 4120 834 4219 ελευθεραίσας“
813 4130 914 4219 ημᾶς
938 4123 978 4194 ἐκ
1003 4130 1067 4247 666
1092 4120 1261 4208 δουλείας
1280 4131 1349 4198 τοῦ

97 4231 237 4325 χθροῦ.
281 4225 370 4299 Ἔάν
403 4223 475 4327 γὰρ
511 4231 561 4309 εἰς
585 4224 707 4322 κρίσιν
732 4226 874 4319 ἐλθης
872 4221 962 4297 αετά
988 4231 1066 4300 τῶν
1092 4220 1239 4299 δούλων
1266 4249 1348 4315 σου,

97 4327 207 4411 ιὺδεῐς
237 4325 477 4425 εὑρεθήσεται
508 4325 731 4421 καθαρὸς
711 4325 783 4399 απὸ
815 4322 945 4420 ρὺπου.
991 4324 1099 4400 Ἀλλά
1125 4333 1202 4453 πρῖν
1227 4322 1348 4420 στόαα

97 4426 315 4556 φραγήσεται
339 4428 392 4526 μὴ
417 4430 505 4556 ἔχρν
528 4458 563 4502 τι
590 4424 908 4557 ἀπολογήσασθαι.
937 4426 1077 4505 Ὅτι
1047 4456 1102 4512 ως
1120 4424 1231 4524 ῥάκος
1255 4427 1349 4504 ἀπο-

97 4531 300 4630 ιαθημένης
324 4539 426 4606 πάσα
450 4561 473 4646 η
460 4526 761 4628 “δικαιοσὺνη“
740 4532 882 4629 ημωνέ
866 4525 1027 4606 ἐνώπιόν
1044 4553 1130 4606 σου
1158 4527 1222 4606 διὰ
1236 4538 1348 4607 τοῦτο

119 4655 157 4706 66.
1122 4651 1157 4702 ιε
