3044 4912
671 191 746 267 45³

156 374 336 492 Sacerdos.
389 374 515 449 Memor
549 401 606 449 ero
640 389 786 451 restrum
821 380 855 449 iu
884 389 1063 476 conspectu
1090 381 1168 477 ugni
1194 381 1256 455 Dei
1284 384 1343 458 im·

110 477 298 653 milliiirrur.
349 577 486 651 lubiiote
513 579 583 652 Deo
609 581 718 653 omnis
745 591 833 654 terro
861 591 924 652 eto.
951 579 1005 654 Ps.
1028 581 1111 655 100.
1147 584 1235 660 Dein
1259 610 1344 661 can·

109 690 189 753 ntur
223 679 379 753 aCiroro
409 679 574 777 Trcpariu
607 683 780 779 praedans,
810 683 953 780 propria
986 683 1200 782 delternpore
1225 688 1279 761 nei
1303 689 1345 762 rie
1374 768 1381 785 ⁶

109 783 220 857 unctis.
273 780 315 854 Si
339 781 486 855 celebrat
507 782 677 881 Pontifex,
702 785 793 857 inter
817 794 952 857 cantum
976 785 1071 858 chori
1095 787 1197 861 tacite
1222 791 1345 864 recitat

109 909 158 956 rae
185 884 366 970 orationes,
399 906 466 980 qnn
490 885 636 978 pratiarn
660 885 811 982 Spiritus
838 885 957 959 Sancti
980 887 1147 984 implorat.
1202 890 1359 989 canpe,

109 996 158 1056 tac
192 996 324 1158 3αότὲιίοα
357 983 394 1057 S.
425 982 587 1080 Greporio
619 986 811 1084 Naripireno
844 1011 931 1061 saco.
957 986 998 1061 X.
1031 1013 1092 1062 nec
1125 989 1194 1067 dici
1225 993 1344 1069 debent

119 1110 319 1302 wgiierao'c
340 1211 461 1285 panem
486 1198 648 1274 sanctam,
675 1200 847 1288 acceptum
871 1216 892 1263 a
919 1190 1079 1279 Diarona,
1103 1196 1197 1290 ponit
1223 1195 1261 1269 in
1275 1192 1341 1268 Di-

109 1289 407 1463 oSicinniruorium
434 1390 566 1464 Domini
592 1392 697 1465 nostri
724 1392 800 1467 lesu
827 1392 962 1468 Christi.

157 1490 244 1563 Dein
267 1492 381 1590 fundit
406 1492 519 1564 vinnm
542 1494 580 1565 in
605 1493 743 1567 calicem
768 1495 980 1569 decussatim
1031 1495 1081 1571 Ac
1107 1497 1210 1572 aicit:

143 1593 195 1709 in·
230 1595 423 1668 memoriam
467 1605 501 1667 et
542 1594 676 1669 Domini
720 1596 780 1669 Dei
823 1606 859 1671 et
899 1599 1077 1672 serraturis
1121 1600 1227 1674 nostri
1268 1601 1344 1677 lesu

107 1706 217 1871 Ἢ..
235 1797 354 1869 recitat
387 1807 515 1870 secreto
550 1798 748 1871 orationem:
781 1797 885 1893 Deus,
918 1800 1008 1874 Deus
1035 1813 1159 1893 noster,
1193 1796 1344 1891 ὖθοός,

120 1894 210 1978 θεὸς
235 1894 343 1991 ἡμῶν
368 1923 399 1994 p.
419 1898 505 1971 338.

156 1998 303 2072 Obdncit
327 2000 400 2073 neto
427 2024 527 2073 sacra
554 2000 650 2091 dono,
678 2001 779 2073 tacite
805 2024 907 2079 orans
931 2002 1058 2077 Psatrn
1076 2000 1146 2076 93:
1179 2002 1342 2077 Dominus

107 2101 235 2198 giravit,
263 2101 417 2173 decorem
443 2101 579 2175 indutus
605 2111 657 2173 est
682 2112 745 2175 etc.

159 2201 251 2274 Tunc
277 2214 330 2276 tcr
354 2203 465 2298 ripnat
492 2204 578 2276 dona
604 2203 698 2298 ripun
724 2206 836 2279 annaio
862 2205 1022 2278 dicendm

154 2303 299 2400 Spiritus
326 2303 468 2377 Sanctus
496 2304 706 2402 superveniet
738 2305 771 2377 in
799 2317 831 2378 te
858 2317 892 2380 ct
916 2308 1020 2381 virtus
1047 2305 1198 2380 altissimi
1225 2304 1343 2381 obum-

105 2405 183 2479 nbis
210 2405 279 2479 tibi.

154 2507 201 2580 Et
228 2517 361 2605 arrepto
385 2507 556 2580 thuribulo
583 2505 770 2580 aDiaacno
796 2506 946 2580 incensat
973 2509 1060 2581 dona
1086 2518 1118 2581 et
1144 2520 1219 2583 orat
1239 2510 1342 2591 tacite

104 2611 257 2681 ntionem
280 2609 417 2682 incensi.
450 2609 558 2682 Porro
584 2618 674 2681 totns
699 2608 849 2706 fidelium
874 2618 987 2683 conns
1013 2609 1217 2684 incensatur.
1249 2610 1342 2691 Pro·

107 2710 193 2783 dunt
221 2710 386 2783 Sacerdos
414 2722 444 2782 et
471 2711 619 2784 ministri
645 2734 662 2782 e
690 2711 843 2784 Prothcsi
868 2711 905 2783 in
930 2710 1213 2810 Sanctnnr'nnstp

293 2931 330 3003 B.
382 2929 552 3003 nisse
579 2929 1117 3004 GATEGHUMENORUM.

155 3081 335 3155 Maenas.
388 3082 541 3174 Domine,
567 3080 755 3155 benedices.

156 3183 332 3257 Sacerdos.
386 3184 603 3267 Benedictum
639 3207 779 3279 reguum
814 3182 919 3255 Petris
954 3192 988 3253 et
1018 3181 1095 3254 Filii
1129 3191 1162 3253 et
1195 3180 1341 3280 Spiritus

103 3287 187 3359 eneti
215 3308 303 3358 nune
329 3296 363 3358 ei
388 3311 520 3384 semper
545 3297 579 3359 et
605 3286 639 3357 in
666 3286 796 3357 saecula
823 3285 1041 3357 saeculorum.
1068 3285 1184 3357 Amen.
1211 3309 1242 3382 p.
1255 3284 1339 3361 340.

103 3539 145 3574 ren
165 3524 263 3573 Strinen
286 3523 451 3585 rrsehmurit,
475 3525 498 3574 in
526 3523 569 3574 der
588 3523 664 3583 Hand,
691 3522 754 3573 deno
779 3522 818 3573 die
842 3520 928 3584 heiiiro
946 3522 1024 3573 Scina
1043 3523 1091 3572 und
1110 3536 1194 3585 grosse
1212 3524 1342 3574 Enrtureirt

104 3610 115 3657 t
132 3608 179 3656 den
198 3608 277 3669 Zugrn
296 3607 340 3657 ter
357 3607 438 3668 trien,
456 3609 535 3659 dieser
553 3623 626 3671 genre
643 3607 940 3659 trieriichrGouesdienst
957 3608 1039 3658 mitten
1058 3607 1081 3655 in
1100 3607 1188 3666 einum,
1206 3606 1340 3658 demetri·

102 3693 195 3742 sutirum
215 3691 359 3742 teindiicirru
377 3693 467 3752 sande,
485 3701 547 3743 wire
565 3691 695 3755 eiierdinrs
713 3692 822 3755 greirnrt
840 3705 957 3754 germen,
975 3691 1018 3742 dns
1036 3690 1137 3742 aemon
1155 3691 1222 3740 rinos
1240 3691 1340 3743 Gitoni·

103 3792 119 3826 n
148 3792 176 3826 ru
204 3778 323 3838 ergreiten
352 3778 399 3827 und
426 3793 453 3826 ru
481 3777 595 3837 crisenon,
624 3792 692 3826 nean
719 3790 793 3839 regen
817 3774 900 3825 diesen
919 3780 1021 3825 iussern
1040 3773 1114 3826 Giinz
1131 3773 1174 3825 des
1192 3775 1340 3829 strenuiter

102 3870 140 3911 tus
164 3861 220 3910 der
244 3860 519 3923 sassenstein,
549 3861 634 3912 ulier
658 3860 829 3912 Hermonis
858 3858 918 3909 nni
942 3857 1081 3909 iietodie
1111 3859 1338 3921 ermingeindn

101 3946 335 4008 itabengesrnr
352 3962 399 3996 nur
416 3945 482 3995 nicia
497 3946 618 3997 oiirusehr
635 3946 772 3996 coutristirt
789 3944 863 3995 hiae.
892 3944 1023 4006 Wiener
1040 3943 1110 3992 urire
1128 3942 1190 3992 nach
1207 3941 1262 3993 dem
1280 3945 1340 3995 Arr-

101 4038 110 4080 t
127 4045 152 4079 n.
162 4045 182 4079 s.
195 4046 223 4079 w.
242 4046 264 4094 p.
278 4030 339 4081 121:
364 4030 612 4080 instrumenteimusii
636 4031 666 4078 ist
692 4030 715 4079 in
734 4027 910 4080 Eischmisdsin
935 4043 994 4091 gine
1011 4027 1149 4078 unbekannt
1166 4028 1214 4077 und
1232 4042 1278 4079 aar
1296 4028 1340 4080 uer

108 4116 226 4178 utonig
244 4114 405 4165 ueniendo
424 4117 546 4176 Gessug
565 4113 608 4163 der
626 4113 725 4163 tianeus
743 4114 856 4176 begieitrt
872 4111 918 4163 dra
937 4113 1056 4176 irinrigeo
1075 4109 1102 4172 (i)
1120 4111 1291 4162 Goncrdieust.

163 4199 186 4253 li
210 4202 306 4250 Armeni
325 4216 378 4251 cunr
397 4201 501 4251 Romani
521 4199 622 4249 ecclesia
641 4199 699 4246 uniti
714 4196 772 4257 (AC)
786 4199 897 4259 ignorant
913 4194 1020 4244 uitieinrn
1037 4191 1083 4257 τῆς
1097 4194 1258 4260 προθέσεως
1278 4210 1338 4259 pro-

100 4284 126 4333 ·ie
144 4284 180 4332 sie
198 4282 294 4334 dictum.
331 4285 474 4336 Sacerdotes
491 4291 515 4334 et
532 4283 643 4338 ministri.
661 4283 685 4332 iu
703 4281 816 4332 Sacristir
833 4280 909 4330 serris
926 4279 1030 4328 restibus
1048 4278 1135 4338 ornati,
1151 4280 1231 4328 statim
1250 4279 1329 4330 intrrn

100 4359 205 4432 »ἅγιον
220 4366 295 4433 βῆμα
321 4384 348 4418 ce
367 4369 486 4428 dicuntur,
510 4381 570 4431 quse
588 4382 661 4430 supra
679 4367 768 4430 scripte
791 4372 855 4425 sunt,
880 4371 935 4414 ente
958 4377 1032 4412 rrum.
1067 4362 1180 4412 Mittimus
1198 4362 1222 4412 in
1240 4362 1338 4415 minutis

100 4455 274 4518 serepsaiiam:
293 4455 372 4518 poscit
389 4454 493 4503 Romans
512 4451 669 4513 consuetudo,
689 4459 714 4500 ui
731 4450 784 4500 rino
803 4449 961 4500 eucherisiico
980 4447 1108 4497 miscentur
1125 4461 1195 4511 iqua.

109 4537 146 4587 ii'.
1103 4528 1136 4580 30
