3044 4912
719 226 793 300 685

119 402 295 496 σφραγίζει
315 411 421 473 ταῦτα
443 404 480 486 ἐξ
500 400 698 495 ἀμφοτέρων
717 412 784 475 τῶν
803 412 913 496 μερῶν
932 406 990 475 καί
1011 404 1124 495 ῥίπτει
1145 401 1231 473 αὐτὰ
1250 426 1395 491 σταυρο-

121 508 219 587 ιιδῶς
241 505 292 587 εἰς
310 506 370 595 τὴν
391 502 488 593 ἁγίαν
508 504 677 594 τράπεζαν
695 509 753 576 καί
774 508 916 599 φέρουσι
935 509 975 577 τδ
995 508 1132 595 χλιαρὸν
1152 505 1241 595 ὕδωρ
1261 504 1318 573 καί
1331 509 1393 574 τοῦ

121 606 277 677 διακόνου
305 606 468 689 εἰπόντος,
500 615 569 676 Τοῦ
590 607 718 696 Κυρίου
741 612 924 700 δεηθῶμεν,
953 606 972 677 6
1000 605 1170 696 ἀρχιερεὺς
1194 605 1306 687 κλίνας
1333 605 1394 695 τὴν

115 710 277 800 κεφαλὴν,
300 708 476 794 ἐπεύχεται
496 710 535 778 τό
555 708 645 798 όδωρ
665 718 839 798 μυστικῶς,
862 712 919 780 καί
935 711 1020 797 μετὰ
1034 711 1094 800 τὴν
1109 706 1293 798 ἐκφῶνησιν
1314 706 1393 776 ἐπι-

110 811 188 894 χέει
212 812 253 879 τδ
279 808 368 899 όδωρ
393 812 466 898 τρίς
486 811 546 880 ἐπί
566 819 626 902 τῆς
645 814 813 903 τραπέζης
832 813 945 901 λέγων,
972 810 1034 891 Εἰς
1054 811 1093 879 τὸ
1115 805 1221 896 όνομα
1241 817 1303 878 τοῦ
1323 835 1393 906 παῇ

109 912 197 999 πρὸς
221 912 280 981 καί
305 920 366 981 τοῦ
392 911 467 981 υίοῦ
493 913 550 981 καί
570 921 631 982 τοῦ
652 910 747 1001 ἁγίου
769 913 969 999 πνεύματος.
1001 910 1116 1002 Ἀμήν.
1160 913 1230 980 Καὶ
1252 912 1311 981 διὰ
1331 920 1392 982 τοῦ

109 1012 317 1097 ἐκχυθέντος
336 1012 458 1094 ὕδατος
477 1016 562 1101 μετὰ
583 1022 650 1081 τῶν
671 1016 897 1085 ἐπιτιθέντων
917 1015 1035 1104 νίτρων
1057 1012 1211 1083 ε’κπλόνει
1230 1014 1290 1104 τὴν
1311 1013 1392 1103 τρά-

108 1114 233 1196 πεζαν,
267 1110 340 1184 εἶτα
370 1116 541 1202 σπογγίζει
574 1112 674 1205 αὐτὴν
704 1118 789 1203 μετὰ
820 1125 885 1184 τῶν
915 1124 1038 1185 καινῶν
1069 1115 1233 1205 σπόγγων,
1265 1116 1324 1184 τόν
1353 1118 1391 1187 δέ

105 1212 223 1298 τιίονα,
246 1213 292 1295 ῶς
311 1216 357 1305 με)
380 1217 561 1302 δυνάμενος
579 1223 654 1297 ταῖς
672 1219 764 1305 χερσί
778 1216 969 1306 σπογγίσαι,
994 1215 1147 1286 έκπλόνει
1161 1244 1197 1285 τε
1211 1218 1268 1286 καί
1282 1241 1389 1306 σπογ-

111 1316 200 1405 γίζει
221 1318 305 1402 μετὰ
326 1324 386 1386 τοῦ
407 1317 564 1407 σπόγγου.
600 1316 652 1387 Ἔν
672 1321 710 1388 δέ
730 1324 777 1409 τῷ
805 1319 960 1406 γίνεσθαι
988 1327 1093 1387 ταῖτα
1121 1319 1285 1408 (βάλλεται
1306 1316 1325 1388 6
1348 1326 1389 1391 83
1416 1364 1422 1377 ‚

111 1418 265 1507 ψαλμός.
305 1417 362 1501 Ὡς
388 1417 543 1511 ἀγαπητὰ
565 1422 608 1489 τὰ
628 1420 825 1512 σκηνώμπὰ
847 1445 919 1489 σου.
963 1421 1064 1488 Μετὰ
1086 1422 1124 1488 δέ
1145 1422 1203 1509 την
1225 1418 1391 1490 ἀπόλυσιν

111 1520 172 1589 καί
205 1517 469 1609 ἀποσπόγγισιν,
504 1522 636 1605 δοξάζει
668 1520 687 1592 6
715 1520 883 1611 ἀρχιερεὺς
910 1522 1014 1609 λέγων
1041 1521 1197 1612 έκφῶνως
1217 1522 1313 1605 Δόξα
1341 1528 1389 1613 τῷ

115 1626 195 1711 Θεῷ
223 1619 316 1711 ἡμῶν
343 1622 392 1702 εἰς
417 1626 495 1703 τοὺς
522 1623 656 1704 αἰῶνας.
699 1621 784 1693 Rha
811 1624 974 1709 λαμβάνει
1000 1622 1109 1709 βικίον
1130 1619 1242 1712 (ἤγουν
1264 1625 1389 1709 κανίσν)

114 1722 326 1813 ροδοστάμου
351 1726 408 1792 καί
435 1724 577 1810 ἐπιχέων
602 1723 722 1794 πλύνει
747 1726 807 1814 τὴν
835 1724 931 1812 ἁγίαν
951 1724 1119 1811 τράπεζαν
1140 1727 1196 1792 καὶ
1218 1726 1390 1815 σπογγίζει

111 1826 200 1909 μετὰ
226 1831 294 1893 τῶν
321 1822 542 1912 ἀντιμινσίων.
588 1825 724 1895 Τούτων
744 1827 926 1915 γενομένων
947 1825 1136 1914 ψάλλουσιν
1157 1824 1207 1906 εἰς
1226 1821 1306 1916 ἦχον
1325 1835 1390 1913 βα·

109 1926 183 2011 ρδν,
212 1926 260 2008 τό,
286 1924 442 2007 Ῥαντιεῖς
466 1954 509 2013 με
536 1926 682 2017 ὑσσώπῳ
701 1930 760 1997 καί
779 1926 1091 2017 καθαρισδδσομαι,
1114 1930 1251 2009 πλυνεῖς
1269 1954 1313 2014 με
1332 1930 1390 1997 καὶ

111 2024 202 2114 ἁπέρ
221 2025 318 2111 χιόνα
338 2029 619 2118 λευκανθήσομαι.
661 2025 746 2098 Εἶτα
769 2028 901 2112 δοξάζει
921 2026 941 2098 6
964 2026 1141 2119 ἀρχιερεὺς,
1164 2030 1277 2118 λέγων.
1320 2028 1388 2098 Βά-

114 2128 254 2219 λογητδς
275 2127 294 2199 6
319 2132 404 2212 Θεὸς
424 2129 516 2220 ἡμῶν
537 2131 683 2199 πάντοτε
703 2139 759 2199 νῦν
779 2132 836 2199 καί
857 2129 912 2199 ἀεὶ
931 2132 989 2199 καί
1010 2128 1059 2210 εἰς
1079 2133 1157 2211 τοὺς
1178 2129 1302 2211 αἰῶνας
1322 2136 1388 2198 τῶν

110 2228 257 2299 αἰῶνων.
288 2227 369 2301 Εἰτα
390 2231 553 2319 λαμβάνει
573 2233 612 2300 τὸ
634 2230 765 2320 ἀγγεῖον
785 2240 845 2301 τοῦ
868 2230 962 2321 ἁγίου
984 2231 1090 2320 μόρου
1112 2232 1250 2301 καὶτοῦ
1272 2231 1389 2303 διακό-

115 2358 175 2400 νου
196 2333 359 2420 λέγοντος,
382 2332 595 2419 Πρόσχωμεν,
617 2330 636 2401 6
659 2332 826 2422 ἀρχιερεὺς
846 2335 990 2417 ἐπιχέων
1010 2342 1051 2424 τῇ
1073 2331 1151 2422 ἁγία
1172 2336 1319 2427 τραπέζῃ
1333 2336 1389 2405 λέ-

113 2456 164 2519 γει
184 2435 258 2522 τρίς
277 2436 326 2516 τὸ,
350 2432 557 2525 Ἀλληλσόϊα,
587 2434 696 2523 ὥςπερ
718 2437 775 2504 καί
797 2437 857 2504 ε’πί
877 2443 937 2505 τοῦ
957 2435 1200 2522 βαπτίσματος.
1243 2439 1315 2505 Καὶ
1336 2432 1385 2505 δι’

114 2534 218 2605 αότοῦ
249 2542 344 2605 ποιεῖ
375 2538 536 2624 σταυροὺς
564 2543 665 2624 τρεῖς,
697 2536 800 2622 μέσον
832 2537 891 2605 ἕνα
920 2539 978 2606 καὶ
1007 2536 1074 2604 δόω
1104 2535 1311 2624 ἑκατέρωθεν
1330 2539 1389 2606 καί

112 2634 249 2728 ἀλείφει
275 2646 315 2729 τῇ
342 2638 427 2725 χειρί
455 2643 513 2706 διὰ
539 2644 605 2706 τῶν
631 2646 731 2727 τριῶν
753 2637 884 2707 ἐκείνων
906 2647 1054 2727 σταυρῶν
1076 2646 1189 2708 πᾶσαν
1209 2641 1268 2728 τὴν
1290 2636 1388 2727 ἁγίαν

107 2738 290 2828 τράπεζαν,
319 2748 414 2808 ποιεῖ
441 2742 478 2809 δέ
504 2741 561 2808 καί
587 2741 750 2827 σταυροὺς
775 2739 824 2822 εἰς
850 2742 908 2809 τὸν
934 2739 1029 2809 κίονα
1055 2749 1114 2831 τῆς
1142 2741 1308 2832 τραπέζης
1336 2736 1385 2809 δι’

108 2839 218 2921 αὐτοῦ
236 2842 294 2911 καί
315 2842 487 2930 σπογγίζει
506 2842 592 2926 μετὰ
611 2849 677 2909 τῶν
699 2839 912 2929 ἀντιμινσίων
932 2843 992 2931 τὴν
1007 2840 1104 2930 ἁγίαν
1116 2841 1294 2926 τράπεζαν.
1315 2842 1387 2910 Καὶ

105 2942 239 3011 τούτων
259 2945 440 3031 γινομένων
461 2943 628 3033 ψάλλειαι
650 2942 668 3011 6
694 2950 753 3013 132
778 2945 921 3035 ψαλμδς,
942 2941 1027 3011 Ἰδοδ
1051 2945 1090 3032 δι’]
1107 2946 1140 3010 τὶ
1160 2946 1270 3011 καλὸν.
1300 2940 1387 3012 Είτα

105 3045 203 3132 λέγει
230 3043 249 3115 6
279 3042 447 3132 ἀρχιερεὺς
473 3044 647 3132 έκφώνως,
674 3045 769 3127 Δόξα
796 3051 843 3133 τῷ
872 3046 977 3128 πατρὶ
1003 3045 1060 3112 καί
1088 3049 1135 3130 τῷ
1165 3043 1226 3133 υἱῷ
1252 3046 1310 3112 καί
1337 3049 1385 3133 τῷ

106 3143 197 3236 ἁγίῳ
225 3146 400 3233 πνεύματι,
430 3152 486 3211 νῦν
510 3146 567 3213 καί
588 3143 652 3226 ἀεί,
679 3148 737 3215 καί
759 3145 808 3226 εἰς
828 3147 906 3226 τοδς
928 3144 1052 3225 αἰῶνας
1073 3152 1138 3212 τῶν
1160 3143 1299 3225 αἰῶνων,
1328 3147 1386 3214 καί

105 3250 162 3329 τὸ,
185 3244 280 3329 Δόξα
299 3273 364 3329 σοι,
388 3243 467 3333 ἁγία
492 3247 605 3333 Τριάς,
627 3245 645 3315 6
670 3245 756 3327 Θεδς
782 3245 884 3337 ἡμῶν,
913 3246 995 3328 δόξα
1017 3271 1073 3315 σοι
1095 3245 1143 3326 εἰς
1163 3247 1242 3327 τοὺς
1263 3246 1387 3329 αἰῶνας

105 3354 179 3417 τῶν
207 3346 344 3417 αἰῶνων.
387 3344 472 3418 Εἶτα
500 3350 537 3417 δέ
565 3346 614 3429 εἰς
640 3350 701 3428 τὰς
727 3350 892 3434 τέσσαρας
916 3356 976 3438 τῆς
1003 3349 1170 3438 τραπέζης
1196 3348 1316 3436 γωνίας
1342 3349 1386 3417 τδι

106 3452 258 3539 τέσσαρα
286 3449 469 3540 όφάσματα
496 3450 674 3541 ἐπιτίθησι
700 3452 779 3530 τοὺς
799 3452 962 3538 τέσσαρας
983 3448 1216 3538 εάαγγελιστὰς
1234 3474 1385 3517 τετυπω-

105 3554 234 3639 μένους
261 3550 386 3636 ἔχοντα,
415 3552 437 3642 ἢ
465 3552 552 3639 μόνα
579 3553 622 3619 τὰ
649 3549 798 3637 ὀνόματα
827 3548 945 3632 αὐτῶν,
974 3549 996 3640 ἢ
1019 3549 1086 3618 ἀντ’
1110 3549 1218 3618 αὐτῶν
1238 3551 1384 3636 τέσσαρα

105 3652 232 3742 χαρτία
258 3657 471 3740 πρσςκολλῶν
496 3661 601 3723 ταῦτα
628 3656 713 3739 μετὰ
739 3660 798 3743 τῆς
824 3649 1072 3742 κηρομαστίχης.
1116 3647 1200 3720 Εἶτα
1220 3651 1385 3738 λαμβάνει

107 3757 153 3826 τὸ
180 3752 356 3842 λεγόμενον
377 3754 608 3843 καιασάρκιον,
639 3747 678 3823 οὗ
699 3763 740 3845 τῇ
759 3754 906 3845 τραπέζῃ
928 3755 1195 3843 έφαπλουμένου,
1225 3755 1385 3838 δεσμοῦν-

109 3883 172 3926 ται
193 3856 228 3926 ολ
250 3862 377 3940 σχοῖνοι
396 3858 620 3942 σταυροειδῶς
639 3854 861 3925 ὑποκάτωθεν
882 3863 941 3945 τῆς
962 3853 1058 3943 ἁγίας
1077 3855 1244 3945 τραπέζης
1264 3853 1313 3935 εἰς
1325 3856 1384 3923 τδν

107 3957 219 4039 κίονα,
246 3959 282 4027 ἐν
308 3957 378 4047 όσην
406 3959 444 4026 δέ
470 3966 577 4025 ταῦτα
602 3955 751 4046 γίνονται
775 3957 945 4049 ψάλλεται
966 3956 1003 4037 ἐξ
1022 3952 1222 4047 ἀμφοτέρων
1241 3962 1307 4024 τῶν
1326 3980 1385 4040 χο-

109 4064 181 4148 ρῶν
202 4056 222 4128 6
247 4067 304 4129 131
328 4060 474 4151 ψαλμδς,
496 4057 682 4150 Μνήσδητι
702 4057 816 4147 Κόριε,
839 4067 900 4128 τοῦ
920 4058 1042 4145 Δαβίδ.
1064 4059 1135 4125 Καὶ
1154 4056 1275 4126 τούτου
1296 4060 1384 4148 πλη-

112 4160 277 4249 ρουμένου
299 4161 389 4249 λέγει
409 4158 428 4229 6
450 4158 627 4252 ἀρχιερεὺς.
655 4160 750 4243 Δόξα
770 4167 817 4251 τῷ
841 4166 915 4250 Θεῷ
938 4159 987 4241 εἰς
1006 4162 1085 4239 τοίς
1107 4158 1239 4239 αἰῶνας.
1268 4156 1383 4248 Ἀμήν.

113 4261 217 4331 Μετὰ
239 4263 277 4331 δέ
297 4269 404 4330 ταῦτα
424 4262 623 4349 νιπτόμενος
642 4263 704 4344 τὰς
722 4268 834 4351 χεῖρας
855 4260 890 4331 έν
902 4288 969 4331 τινι
990 4258 1110 4351 ἀγγείῳ
1131 4265 1233 4350 καινῷ
1247 4257 1269 4350 ἢ
1285 4261 1319 4330 ἐν
1334 4266 1382 4351 τῷ

109 4362 320 4455 χωνευτηρίην
342 4363 423 4445 ῶςτε
443 4363 597 4456 μηδόλως
617 4364 798 4455 ἐκχυθῆναι
818 4362 946 4446 ἔξωθεν
965 4361 1045 4434 οόδέ
1066 4364 1185 4455 ρανίδα
1204 4363 1286 4448 μίαν
1299 4367 1384 4451 μετά

110 4464 258 4558 μεγάλης
285 4464 459 4554 εὐλαβείας
484 4467 542 4536 καὶ
561 4473 735 4559 προςοχῆς,
761 4462 933 4558 μανδηλίην
953 4493 989 4536 τε
1008 4471 1111 4558 καινῷ
1132 4464 1257 4548 ταότας
1276 4490 1385 4556 σπογ-
