3044 4912
805 245 879 319 asa
923 203 932 225 “

204 430 360 513 philoehio
388 431 582 511 adscriptam,
610 440 642 493 ut
669 431 836 510 legitimum
858 430 971 493 autoris
994 431 1081 494 cuius
1102 450 1212 493 nomen
1233 431 1372 512 praefert
1394 449 1474 512 opus,

108 514 112 525 ¹
205 533 367 596 defendere
388 533 549 613 pertendit,
572 532 723 614 duplicem
745 533 782 595 ab
805 551 842 595 eo
858 532 1022 612 liturgiam
1045 534 1244 614 compositam
1266 532 1365 596 luisse
1381 533 1473 613 suspi-

205 644 290 698 catus
323 643 377 708 est,
411 653 486 715 quae
514 635 688 696 coniectura
711 633 823 696 nullum
846 635 876 696 in
899 634 1025 697 historia
1049 643 1100 697 aut
1121 634 1252 714 antiquis
1274 634 1471 697 monumentis

195 736 429 799 ‘fundamentum
451 735 551 808 habet,
573 736 741 816 meritoque
763 736 885 816 explosa
906 747 961 798 est
1004 738 1042 798 ar
1062 736 1165 815 negari
1188 754 1248 798 non
1270 744 1384 816 potest,
1407 735 1470 816 quin

203 837 254 900 illa
283 857 359 918 quae
381 837 549 909 retulimus,
580 856 615 900 ea
638 837 703 917 ipsa
726 836 796 911 sint,
830 855 906 918 quae
927 838 1035 900 Petrus
1057 838 1208 900 diaconus
1232 837 1345 900 citarit.
1391 837 1469 912 Quod

202 938 230 1001 xi
252 937 366 1019 reliqua
388 958 449 1001 non
472 938 577 1001 eodern
599 939 668 1001 loco
690 937 889 1019 reperiuntur,
911 938 1085 1020 prohabiles
1107 937 1215 1000 adduci
1242 937 1380 1001 rationes
1405 957 1468 1019 pos·

203 1050 283 1115 sunt,
306 1059 359 1102 cur
380 1040 498 1102 etiamsi
521 1040 561 1102 ita
584 1040 634 1116 sit,
657 1058 718 1102 non
740 1038 855 1102 ideirco
876 1048 978 1102 tamen
1000 1048 1174 1119 suspectum
1190 1039 1256 1102 eius
1271 1040 1469 1102 testimoninm

202 1161 272 1207 csse
293 1142 411 1205 debeat.
440 1143 517 1205 Nam
538 1161 629 1224 saepe
651 1141 827 1204 observetur
847 1141 885 1203 ab
907 1141 1048 1222 antiquis,
1072 1160 1148 1221 quae
1169 1141 1301 1221 allegant
1314 1141 1358 1204 ita
1371 1139 1469 1204 reterri

202 1254 237 1307 ut
262 1243 351 1306 verba
381 1244 448 1324 ipsa
476 1263 537 1306 non
559 1263 595 1307 eo
618 1243 725 1305 ordine
748 1261 807 1324 quo
831 1251 933 1306 extant
953 1243 984 1304 in
1006 1241 1092 1304 libris
1114 1242 1194 1305 unde
1216 1243 1374 1324 depromta
1396 1251 1467 1316 auat,

202 1346 339 1407 recitent.
370 1345 475 1407 Oratio
497 1345 535 1406 de
557 1364 614 1425 qua
638 1345 735 1424 agitur
757 1344 889 1408 occurrit
910 1344 989 1406 inter
1010 1343 1119 1407 multus
1140 1343 1215 1407 alias
1239 1363 1316 1426 quae
1338 1362 1356 1406 a
1377 1335 1469 1427 Mni-

202 1449 317 1532 rapu,
339 1465 393 1508 seu
414 1447 598 1509 Memento
621 1446 785 1526 incipiunt:
816 1456 905 1526 atque
928 1465 962 1508 ea
985 1446 1103 1508 ratione
1124 1457 1240 1508 certum
1261 1453 1311 1507 eat
1332 1444 1468 1526 quodam·

201 1549 302 1621 modo,
318 1547 413 1628 prima
429 1548 594 1610 testimonii
610 1547 715 1611 rerba:
738 1547 838 1609 Dona
854 1547 1011 1610 llomine
1032 1546 1214 1611 virtutem
1237 1557 1275 1611 et
1298 1555 1467 1619 tutamen,

201 1668 238 1712 ex
259 1649 447 1712 orationibus
467 1650 563 1729 petita
583 1669 662 1724 esse,
684 1649 735 1712 ubi
758 1651 932 1729 frequenter
953 1658 1124 1723 occurrunt,
1147 1658 1198 1711 aut
1219 1648 1277 1710 alia
1301 1667 1380 1729 quae
1396 1647 1469 1710 icen

201 1751 382 1830 significant,
411 1770 472 1813 non
499 1751 599 1814 minus
627 1770 716 1832 quam
744 1751 775 1812 in
803 1750 943 1812 omnibus
973 1750 1186 1830 cuiuscumque
1212 1749 1336 1829 linguae
1358 1748 1466 1812 Officiis

201 1852 483 1916 Sacramentalibus.
514 1853 623 1915 Ultima
644 1852 734 1916 rerba
757 1870 793 1913 ex
815 1851 874 1913 alio
898 1870 1018 1933 qnoque
1040 1852 1107 1915 loco
1122 1851 1216 1932 petita
1231 1850 1400 1914 verisimile
1412 1858 1468 1912 est:

200 1973 270 2017 nam
291 1954 323 2016 in
345 1953 532 2016 orationibus
546 1953 738 2028 continuatis,
761 1972 838 2034 quae
860 1955 1076 2017 allemento
1099 1952 1257 2033 incipiunt,
1281 1952 1469 2033 subsequitur
1510 2028 1512 2033 Ι

199 2056 376 2119 acclamatio
398 2058 459 2119 rori
479 2057 590 2118 Amen
612 2056 659 2118 rel
680 2054 792 2135 llyrie
815 2054 983 2118 eleison:
1013 2055 1146 2118 clausula
1168 2072 1325 2116 veronen
1347 2062 1396 2116 est
1416 2052 1468 2116 nisi

198 2158 230 2221 in
260 2159 393 2222 omnium
420 2158 633 2221 memoriarum
661 2158 731 2219 dne.
775 2156 860 2219 illius
889 2168 987 2220 autem
1016 2156 1163 2237 termulae
1191 2174 1252 2218 nou
1279 2174 1363 2218 unae
1389 2162 1466 2228 sunt3

200 2261 388 2323 communior
403 2259 463 2331 illa,
487 2259 582 2333 Quia
604 2269 705 2322 tuum
728 2266 971 2337 estregnum,
993 2266 1187 2337 potestas,
1209 2242 1467 2336 virtusetgl'o·

198 2361 254 2424 ria
283 2361 427 2435 Patris,
456 2361 548 2423 Filii
579 2371 618 2424 et
639 2359 811 2440 Spiritus
838 2360 981 2423 sancti:
1004 2369 1057 2423 aut
1076 2359 1166 2441 paulo
1189 2358 1286 2422 aliter.
1332 2358 1411 2422 Sunt
1428 2365 1465 2419 tr·

198 2480 267 2523 men
283 2462 443 2543 aliquando
460 2462 587 2523 dirersis
600 2461 700 2523 verbis
717 2479 893 2542 expressae:
918 2470 950 2523 ut
971 2461 1059 2542 quia
1082 2472 1120 2523 tu
1141 2478 1180 2523 es
1202 2471 1365 2523 sanctus
1379 2461 1465 2523 lleus

198 2572 340 2627 noster.
385 2563 477 2635 Quia
509 2572 544 2624 tu
567 2581 604 2625 es
626 2562 855 2623 misericors
877 2571 914 2624 ct
934 2562 1141 2625 miserator
1161 2563 1275 2636 llaus,
1305 2571 1337 2626 et
1359 2561 1463 2624 similes

199 2663 286 2726 aliae.
329 2664 429 2725 Facile
457 2663 550 2740 igitur
571 2664 636 2737 luit,
666 2676 698 2724 ut
721 2663 750 2725 in
774 2662 936 2726 (lodicibus
959 2684 1035 2744 quos
1058 2664 1162 2726 habuit
1182 2665 1290 2726 Petrus
1313 2665 1463 2733 [diaconus

197 2765 273 2825 haec
295 2763 426 2825 clausula
449 2764 559 2826 alicubi
582 2765 773 2843 reperiretur,
796 2784 864 2826 curn
887 2784 923 2826 ex
945 2767 1118 2846 scripturae
1140 2767 1238 2828 verbis
1261 2775 1402 2829 contexta
1423 2766 1463 2836 sit,

198 2874 336 2944 extatque
359 2865 390 2927 in
412 2865 502 2927 variis
524 2865 640 2927 Latinis
662 2866 844 2940 Missalibus,
868 2867 926 2928 imo
950 2876 979 2928 et
1002 2869 1033 2928 in
1055 2869 1202 2930 Romano.
1248 2868 1404 2948 Quidquid
1424 2867 1464 2936 sit,

198 2976 317 3028 constat
345 2987 380 3029 ex
402 2968 484 3028 Petri
513 2968 688 3029 testimonio
718 2987 771 3029 sua
800 2968 858 3029 iam
891 2979 997 3042 aetate,
1026 2970 1084 3031 hoc
1107 2979 1154 3030 est
1176 2977 1261 3030 sexto
1285 2970 1409 3031 saeculo
1431 2968 1464 3029 la·

196 3067 286 3131 bento
315 3078 346 3130 et
372 3071 500 3150 septimo
524 3069 656 3142 ineunte,
684 3080 778 3131 totum
801 3088 896 3150 prope
919 3069 1071 3133 Orientem
1094 3090 1181 3133 usum
1205 3089 1273 3132 esse
1295 3071 1402 3133 Basilii
1424 3068 1463 3131 Li·

196 3170 303 3246 turgia‚
327 3189 424 3250 neque
446 3171 621 3243 dubitatum,
646 3172 717 3252 quin
740 3190 842 3233 sacras
864 3191 971 3251 preces
994 3193 1069 3253 quae
1092 3181 1175 3234 erant
1199 3171 1229 3232 in
1253 3173 1390 3235 omnium
1412 3189 1464 3234 ma·

196 3269 285 3332 nibus
308 3271 495 3332 ordinasset:
519 3281 608 3351 atque
630 3283 677 3334 cst
698 3274 748 3336 illa
772 3265 875 3352 εὐχῶν
896 3267 1057 3350 διάταξις,
1089 3275 1127 3336 de
1149 3292 1207 3353 qua
1230 3274 1395 3353 Gregorius
1416 3273 1465 3335 lla·

194 3371 355 3433 ziauzenus
383 3370 516 3451 loquitur
544 3374 640 3452 (Orat.
662 3376 715 3438 xx
743 3376 774 3437 in
802 3375 919 3436 laudem
947 3374 1051 3436 Basilii
1079 3394 1109 3455 p.
1126 3378 1211 3451 340).
1257 3378 1465 3455 Quaecumque

195 3492 266 3536 reru
290 3492 325 3535 ex
339 3473 509 3535 orationum
525 3474 676 3545 varietate,
700 3485 730 3537 et
744 3475 957 3556 exemplarium
974 3487 1031 3537 tam
1049 3477 1241 3551 Graecorum,
1264 3496 1354 3558 quam
1372 3475 1467 3557 Copti·

196 3595 300 3639 corum
332 3585 363 3639 et
385 3577 527 3656 Syrorum
559 3575 804 3638 dissimilitudine
835 3586 978 3657 petuntur
1008 3587 1190 3657 argumenta,
1226 3579 1264 3640 ad
1298 3580 1467 3642 elevandam

194 3676 282 3740 istius
304 3677 456 3755 Liturgiae
479 3677 678 3754 autoritatem,
702 3679 887 3741 sufficienter
909 3699 943 3741 cx
966 3678 1027 3739 illis
1050 3698 1126 3760 quae
1149 3680 1289 3761 superius
1306 3681 1470 3744 dictasunt

195 3779 426 3859 dispunguntur.
470 3781 590 3842 Sulficit
610 3782 789 3861 praecipuas
811 3800 918 3861 preces
940 3781 1061 3842 easdem
1086 3800 1162 3856 esse,
1194 3793 1224 3843 et
1246 3781 1384 3861 quamuis
1406 3800 1467 3843 rer·

192 3878 241 3941 bis
264 3881 412 3954 differant,
434 3881 466 3941 in
489 3901 578 3943 unam
601 3884 760 3944 convenire
783 3882 973 3969 sententiam,
999 3892 1113 3943 utnon
1137 3883 1332 3963 supposititia
1354 3882 1470 3945 iudice·

193 3986 258 4055 tur3
290 3991 320 4043 at
348 3983 399 4063 qui
429 3983 581 4056 Graecam,
617 3983 770 4063 Syriacam
798 3995 828 4046 et
851 3984 1005 4064 Copticam
1034 3993 1147 4046 attente
1176 3983 1290 4065 legerit,
1326 3994 1471 4062 agnoscet

192 4101 297 4144 omnes
321 4102 356 4144 ex
378 4102 437 4145 uno
460 4085 674 4165 limpidissimo
697 4086 780 4147 lonte
801 4085 985 4166 prodiisse.“

275 4183 313 4245 Ut
332 4203 431 4245 meam
453 4186 634 4249 sententiam
655 4188 760 4267 paucis
783 4187 950 4259 ostendum,
974 4205 1035 4248 non
1058 4188 1229 4265 ambiguum
1252 4185 1361 4260 habeo,
1386 4187 1469 4266 quod

191 4283 229 4345 da
250 4286 362 4347 Basilio
386 4305 421 4347 ac
437 4287 649 4366 chrysostomo
670 4288 858 4366 liturgiarum
879 4288 1052 4350 auctoribus
1074 4289 1196 4351 tradunt
1215 4298 1343 4351 veteres.
1373 4289 1471 4350 Immo

190 4387 344 4465 profiteor,
373 4397 543 4450 sanctorum
566 4398 684 4467 patrum
708 4389 853 4451 calamum
876 4392 1000 4470 agnosci
1023 4392 1053 4453 in
1076 4391 1324 4452 caerimoniarum
1348 4399 1381 4451 et
1402 4408 1472 4451 ora·

189 4486 306 4549 tionum
334 4488 535 4568 dispositione
563 4500 594 4552 et
620 4491 726 4552 ordine
756 4500 786 4553 et
813 4491 882 4554 ideo
905 4493 1120 4574 superscriptis
1142 4492 1317 4555 nominibus
1339 4492 1365 4554 si
1388 4493 1473 4556 hunc
