3044 4912
694 270 765 344 159

105 456 188 526 θεοῦ
220 449 284 526 καὶ
318 458 482 548 σωτῆρος
512 450 622 549 ἡμῶν
640 452 761 550 Ἰησοῦ
786 458 972 551 Χριστοῦ·
1008 448 1204 551 πλήρωσον
1230 453 1249 530 ὃ
1274 454 1365 540 θεὸς

105 553 157 627 καὶ
180 550 323 648 ταύτην
347 551 416 649 τὴν
440 555 586 628 θυσίαν
610 562 675 650 τῆς
698 553 801 651 παρὰ
827 563 895 629 σοῦ
921 554 1100 656 εὐλογίας,
1127 555 1192 631 διὰ
1208 564 1272 652 τῆς
1287 559 1365 631 dns-

105 650 299 754 φυιιήσιως
324 661 392 729 τοῦ
416 656 602 756 παναγίιιυ
623 678 692 730 σου
710 652 929 753 πνεύματος.
946 655 1045 732 Ὅτι
1071 657 1212 742 αὐτὸς
1236 657 1262 735 ὅ·
1281 656 1363 735 κύ-

105 896 165 944 ιιιιιι
189 895 267 959 ipsius
291 908 305 944 e
324 893 392 944 coelo
410 893 524 944 adientes
542 893 656 944 terribilis
674 903 698 945 et
715 894 791 957 pluria
811 896 954 959 plenissimi,
973 896 1144 962 offerimusque
1162 898 1204 948 tibi
1222 898 1282 949 boec
1298 898 1361 951 dona

105 981 209 1030 exbouis
227 980 284 1041 tais,
301 992 346 1043 pre
365 979 486 1040 omnibns,
510 992 538 1028 ex
556 981 675 1040 omnibns,
699 981 764 1029 et'in
782 980 902 1030 omnibns.
939 980 1066 1031 lliaeonns.
1092 981 1196 1032 bdorate
1214 981 1288 1032 lleum
1307 999 1361 1035 cum

105 1066 178 1114 tinore
197 1073 222 1114 et
238 1073 352 1114 tremore.
370 1089 404 1099 -
422 1064 492 1126 Greg.
522 1064 649 1115 Sacerdos.
681 1064 763 1114 tlllero
787 1065 839 1127 tibi,
856 1064 967 1127 Domine,
984 1067 1093 1130 symbola
1112 1067 1261 1117 liberationis
1280 1083 1361 1120 meae:

105 1147 174 1197 scribo
197 1162 273 1212 opera
295 1162 349 1198 mea
367 1147 499 1198 secundnm
516 1150 587 1199 rerba
606 1157 660 1200 tua:
683 1149 718 1198 ‘lu
738 1163 764 1199 es
783 1149 823 1214 qni
841 1148 928 1199 dedisti
946 1151 1004 1200 mibi
1022 1151 1069 1201 boc
1086 1150 1244 1202 ministerium
1263 1153 1362 1218 plenum

105 1231 221 1295 misterio:
238 1231 374 1298 dedistique
392 1231 449 1282 mibi
468 1233 676 1297 participationem
690 1234 800 1298 corporis
818 1234 852 1284 tui
870 1235 894 1285 in
912 1249 974 1298 pone
992 1244 1016 1285 et
1033 1236 1094 1286 rino.
1130 1234 1244 1302 Populus.
1277 1236 1361 1288 Credi-

106 1329 157 1365 ιιι.
189 1315 318 1366 Sacerdos.
345 1316 404 1366 llam
423 1331 450 1366 ea
468 1327 539 1367 nocte
556 1317 580 1367 in
599 1333 644 1382 qua
663 1318 724 1369 trudi
742 1319 846 1379 noluisti,
869 1319 990 1370 volontate
1007 1329 1031 1370 ιι
1048 1327 1166 1384 potestate
1183 1329 1223 1372 tua
1241 1321 1302 1382 sola,
1320 1338 1361 1373 ac·

106 1400 178 1463 cepisti
195 1414 283 1464 panem
301 1401 325 1450 in
342 1414 427 1450 manns
445 1409 499 1451 tuas
516 1387 620 1462 sancus,
638 1417 721 1465 puras,
739 1403 913 1464 immaculatis,
932 1405 1015 1454 beatas
1033 1413 1057 1455 et
1070 1406 1219 1455 ririllcantea.
1246 1406 1361 1470 Populus.

108 1483 219 1533 Credimus
236 1485 270 1534 ita
287 1499 349 1535 esse.
384 1485 510 1535 Sacerdos.
535 1487 564 1535 Et
581 1487 710 1550 inspexisti
728 1487 752 1537 in
770 1488 864 1538 coelum
883 1488 913 1538 ad
932 1489 1025 1539 Patrem
1043 1497 1109 1539 tuum
1127 1489 1211 1549 Deum,
1232 1504 1260 1540 ac
1278 1490 1361 1540 bomi-

108 1581 154 1617 ιιιι
175 1569 292 1631 omniurn,
315 1577 340 1618 ιι
362 1570 451 1631 cratiae
468 1570 545 1632 ιιίιιι.
580 1569 696 1633 l’opnlns.
722 1569 805 1622 Amen.
841 1572 969 1623 Sacerdos
995 1574 1025 1625 lit
1042 1572 1182 1624 benedixisti
1199 1573 1277 1624 illum.
1314 1574 1361 1624 Po·

109 1652 174 1715 psius
199 1658 283 1705 dmen.
318 1653 444 1703 Sacerdos.
471 1648 501 1703 na
523 1654 677 1705 sanctiticastl
695 1655 772 1705 illum.
808 1657 922 1722 Populus.
949 1659 1031 1707 Amen.
1066 1658 1192 1708 Sacerdos.
1221 1658 1251 1708 Et
1269 1659 1361 1721 fregisti
1420 1674 1423 1679 ·

108 1737 172 1799 illan,
199 1746 224 1788 et
246 1739 333 1788 dedisti
351 1737 419 1787 illum
437 1737 485 1787 tuis
502 1738 616 1800 gloriosis
634 1739 760 1805 discipulis
777 1743 876 1801 sanctia,
902 1749 926 1791 ιι
942 1741 1064 1805 lpostulis
1081 1742 1150 1806 poris
1168 1742 1266 1792 dicens:
1291 1728 1361 1792 dcci)

109 1824 154 1886 pits,
170 1823 312 1892 manducate
330 1837 357 1872 ex
374 1836 403 1871 eo
422 1836 525 1873 omnes:
553 1824 604 1874 lloc
622 1833 659 1875 est
676 1826 740 1876 enim
758 1840 846 1890 corpus
864 1840 943 1875 meum
963 1825 1027 1889 qnod
1046 1826 1163 1888 lranpbur
1180 1841 1225 1890 pro
1243 1829 1319 1888 iobis,
1337 1836 1362 1878 et

109 1921 144 1970 pro
158 1908 238 1957 multis
255 1908 359 1965 dabitur,
382 1907 407 1956 in
425 1907 594 1957 remissionem
611 1918 780 1972 peccatorum:
806 1910 852 1958 boc
871 1910 941 1958 tacite
959 1910 982 1958 iu
1001 1923 1077 1959 meam
1097 1914 1359 1963 commemorationem.

110 1990 207 2055 lupulus.
230 1992 265 2042 lta
283 2001 322 2041 est
338 1991 363 2039 in
379 1992 416 2040 rei
432 1993 538 2043 venitote.
561 1995 644 2043 dinen.
679 1993 805 2044 Sacerdos.
829 1993 945 2043 Similiter
963 2002 1089 2058 postquem
1108 1995 1273 2053 comederunt,
1290 2011 1360 2046 scoe-

110 2076 152 2138 pisti
167 2077 275 2137 calicem,
292 2084 316 2124 ιι
334 2075 450 2125 miscuisti
469 2091 524 2126 enin
542 2092 569 2128 ex
589 2079 667 2128 lrnctu
686 2079 738 2128 uitis
755 2087 779 2127 et
797 2092 873 2142 aqua,
892 2087 915 2127 et
933 2078 1108 2141 pratiasepisti.
1143 2078 1258 2143 Populus.
1276 2082 1359 2128 Amen.

110 2158 218 2210 Sacerdos.
245 2161 274 2209 Et
298 2160 439 2211 benedixisti
456 2161 533 2211 illum.
569 2163 683 2227 Populus.
709 2161 792 2212 lmen.
828 2161 955 2211 Sacerdos.
984 2161 1013 2211 Et
1030 2161 1183 2212 sanctificasti
1200 2161 1277 2211 illum.
1312 2163 1360 2211 Po·

109 2244 172 2306 palas.
199 2246 282 2294 Amen.
317 2245 444 2295 Sacerdos.
472 2246 502 2296 lit
519 2248 628 2310 genesii,
647 2254 670 2295 et
687 2247 772 2297 dedisti
792 2247 860 2297 illum
879 2248 927 2296 tuis
945 2246 1059 2309 gloriosis
1076 2245 1202 2310 discipulis
1219 2248 1317 2306 sanctis,
1336 2255 1360 2297 et

108 2327 213 2391 tpcstolis
236 2331 304 2393 puris
327 2330 424 2380 dicens:
448 2331 561 2395 decipite,
587 2332 661 2381 bibite
686 2346 713 2380 ex
731 2345 759 2381 eo
779 2346 872 2382 omnes.
907 2331 952 2381 llic
969 2337 1007 2380 est
1023 2331 1086 2379 enim
1105 2331 1202 2392 sanguis
1221 2344 1288 2379 meus
1306 2331 1359 2380 uoii

109 2411 246 2475 Testamenti,
271 2415 312 2478 qui
336 2415 465 2465 effunditur
487 2430 533 2480 pro
557 2417 632 2476 rubis,
656 2423 680 2465 et
703 2429 748 2481 pro
773 2417 855 2466 multis
874 2417 944 2465 datur
961 2416 985 2465 in
1004 2415 1170 2464 remissionem
1188 2423 1359 2478 peecatorum:

108 2496 143 2547 boe
162 2500 231 2549 tacite
255 2499 277 2548 in
303 2513 379 2548 meam
404 2502 666 2551 commemorationem.
702 2501 817 2566 Populus.
844 2502 878 2551 lta
904 2514 1000 2565 quoquo
1024 2507 1062 2549 est
1078 2500 1103 2549 in
1121 2500 1154 2549 rei
1173 2500 1278 2548 ienitate.
1314 2499 1359 2548 Sa-

107 2582 186 2632 cerdos.
204 2585 418 2648 .Quotiescnmque
436 2586 498 2635 enim
518 2585 715 2635 manducaveritis
733 2600 760 2634 ex
779 2587 824 2635 buc
842 2600 921 2650 pane,
938 2593 962 2635 et
978 2584 1087 2634 biberitis
1105 2598 1132 2633 ex
1150 2584 1197 2633 boc
1214 2583 1297 2644 calice,
1316 2599 1359 2633 an·

106 2667 234 2717 asaeiabitis
252 2677 354 2718 mortem
373 2684 451 2719 meam
469 2679 492 2720 et
510 2671 680 2721 confitebimini
698 2672 899 2720 resurrectionem
916 2684 1003 2729 meam,
1022 2678 1045 2719 et
1064 2670 1110 2718 mei
1128 2669 1269 2718 memoriam
1286 2670 1361 2719 lacie-

106 2750 136 2810 tis,
152 2752 227 2801 donec
244 2754 346 2802 veniam.
381 2753 494 2819 Pupulus.
522 2754 620 2804 llortem
645 2762 718 2814 turm,
743 2755 852 2816 Domine,
877 2754 1051 2805 annunciamus
1075 2762 1098 2802 ιι
1124 2760 1231 2802 sanctam
1248 2767 1359 2802 resurre-

105 2836 196 2886 ctionem
214 2845 288 2897 tuam,
308 2845 331 2886 ιι
349 2840 515 2889 escensionem
533 2841 689 2899 eontltemur;
710 2848 733 2888 te
752 2839 886 2902 laudamus,
904 2840 946 2889 tibi
964 2839 1052 2901 gratiae
1069 2838 1171 2900 agimus,
1189 2846 1213 2886 ιι
1230 2846 1253 2887 ιι
1271 2839 1358 2902 depre-

105 2934 183 2980 csnnar,
202 2922 304 2971 llomine
323 2922 386 2972 [teus
404 2932 493 2974 noster.
528 2925 655 2974 Sacerdos.
679 2923 707 2972 Ει
725 2939 789 2974 nunc
807 2926 886 2983 etiam,
911 2924 1020 2982 Domine,
1045 2922 1186 2971 memoriam
1205 2923 1298 2983 agimus
1316 2910 1359 2971 ile-

105 3019 194 3057 roessus
208 3008 241 3057 ιιι
260 3008 291 3056 ad
310 3015 406 3067 terram,
430 3015 454 3057 et
472 3011 556 3058 mortis
574 3017 628 3057 tune
647 3010 791 3069 tirilicantis,
817 3019 840 3058 et
857 3010 996 3072 sepulturae
1014 3015 1068 3055 tuae
1086 3006 1218 3065 triduanae,
1237 3015 1261 3054 et
1277 3021 1359 3055 resur-

105 3092 235 3141 rectionisa
255 3093 365 3152 mortuis,
384 3100 407 3141 et
425 3094 573 3142 ascensionis
591 3094 620 3143 ad
639 3093 730 3153 coelos,
749 3100 772 3142 et
788 3093 906 3142 sessionis
924 3102 977 3141 tuae
996 3091 1025 3140 ad
1044 3091 1162 3139 dexteram
1183 3090 1258 3140 Patris
1276 3092 1319 3151 tui,
1337 3099 1360 3138 ιι

105 3175 205 3225 adrentus
223 3178 257 3226 tui
274 3177 374 3226 secundi
392 3176 421 3226 de
439 3178 514 3227 coelis
533 3178 649 3227 tremendi
668 3186 691 3226 et
708 3176 822 3239 gloriosi:
849 3177 1020 3240 offerimusque
1037 3176 1079 3224 tibi
1097 3173 1157 3224 baec
1174 3172 1236 3224 dous
1255 3182 1303 3235 tuo,
1331 3188 1360 3222 ex

105 3260 127 3308 iis
146 3277 206 3324 qnae
229 3271 268 3311 tua
293 3270 357 3321 snut,
381 3277 425 3326 pro
444 3264 565 3322 omnibus,
590 3271 613 3312 ιι
630 3270 731 3326 propter
749 3263 837 3322 omnia,
862 3271 885 3311 ιι
902 3263 926 3311 in
945 3261 1064 3311 omnibus.
1101 3260 1227 3310 Diaconos.
1255 3260 1358 3310 ldurato

105 3343 166 3394 besni
186 3361 239 3395 cnm
258 3347 344 3396 timore
361 3356 384 3396 et
402 3356 554 3398 tremore.—
568 3348 620 3410 Cpr.
639 3348 733 3412 Quippe
741 3348 814 3397 Filius
832 3346 1031 3407 tuusunipeuitns
1043 3345 1167 3404 Dominus,
1186 3344 1258 3405 bons,
1276 3344 1359 3394 Salia·

104 3434 135 3476 tor
155 3437 177 3478 et
200 3445 240 3479 rex
265 3439 348 3481 noster
370 3434 476 3483 omnium
495 3433 563 3482 lesus
581 3432 700 3492 Christus,
727 3447 754 3482 ιι
772 3440 842 3481 nocte
861 3447 907 3495 qua
925 3430 1021 3480 tradidit
1038 3445 1065 3480 se
1083 3431 1171 3493 ipsum,
1196 3437 1220 3477 nt
1237 3438 1360 3492 pateretur

105 3516 262 3578 propeccatis
280 3517 379 3577 nostris,
397 3524 452 3567 ante
471 3526 581 3577 mortem,
601 3532 671 3582 quam
690 3517 788 3581 propriu
807 3530 849 3564 sna
868 3515 988 3565 uoluntate
1005 3516 1112 3578 suscepit
1129 3528 1173 3577 pro
1192 3513 1262 3561 nobis
1280 3513 1358 3561 omni-

105 3596 148 3647 bns.
180 3598 296 3664 Populos.
326 3601 460 3651 Credimus.
495 3603 623 3652 Sacerdos.
650 3604 748 3665 Accepit
771 3614 856 3663 ponem
875 3600 899 3648 in
919 3613 1003 3648 manns
1021 3613 1078 3648 snas
1096 3605 1199 3656 sanctas,
1218 3595 1358 3644 immacula-

105 3688 140 3741 tas,
163 3699 244 3746 puras,
270 3686 361 3747 beatas,
385 3695 408 3749 et
431 3688 581 3748 vivificantes,
607 3695 629 3736 et
644 3687 750 3749 suspexit
768 3685 792 3732 in
810 3683 919 3743 metum,
937 3683 965 3731 ad
985 3692 1007 3731 te
1026 3682 1099 3730 licum
1120 3681 1213 3730 Patrem
1231 3695 1310 3740 sunm,
1336 3687 1360 3729 et

105 3768 199 3817 initum
217 3769 354 3837 Dominum,
373 3779 396 3820 et
414 3773 575 3834 gratiasepit.
610 3771 724 3834 Populus.
748 3770 829 3818 Amen.
865 3766 991 3817 Sacerdos.
1017 3766 1046 3815 Et
1062 3765 1181 3815 benedixit
1200 3765 1276 3816 illum.
1311 3764 1358 3813 Po-

105 3851 172 3912 pulus.
198 3857 281 3904 tmen.
316 3855 443 3905 Sacerdos.
476 3856 505 3905 Et
528 3856 682 3906 sanctificarit
705 3854 781 3904 illum.
818 3851 932 3916 Populus.
958 3853 1040 3899 tmen.
1075 3850 1202 3899 Sacerdos.
1234 3849 1262 3898 Et
1288 3849 1360 3910 lrepit

105 3934 169 3999 llam,
185 3947 211 3988 et
228 3939 294 3989 dedit
311 3940 378 3988 illum
396 3941 447 3989 suis
465 3938 592 4005 discipulis
610 3939 707 3997 sanctis,
733 3946 757 3988 ιι
772 3937 893 4001 Apostolis
911 3935 979 3999 puris
996 3934 1093 3984 dicens:
1118 3933 1232 3998 Accipite,
1256 3934 1359 3984 mandu-

105 4028 146 4083 ιιιι
168 4037 195 4072 ιι
218 4038 250 4073 eo
273 4039 315 4074 ios
339 4039 432 4086 omnes,
459 4026 509 4075 llos
533 4034 569 4074 est
587 4039 675 4088 corpus
693 4037 772 4072 meum
791 4021 854 4086 quod
872 4036 916 4084 pro
935 4021 1002 4069 iobis
1021 4020 1144 4080 insopitus,
1172 4025 1196 4067 ιι
1213 4032 1258 4083 pro
1277 4019 1359 4068 multis

105 4083 199 4163 histor
225 4111 249 4158 in
275 4109 441 4159 remissionem
459 4119 630 4174 peccatorum
658 4109 704 4158 lioc
722 4108 791 4157 tacite
810 4108 832 4156 in
852 4120 927 4154 meam
947 4104 1208 4155 commemorationem.
1244 4103 1358 4166 Pupulus.

105 4166 174 4241 [ιιι
208 4194 337 4244 Sacerdos.
370 4194 485 4244 Similiter
509 4204 532 4245 et
556 4195 654 4246 calicem
678 4201 734 4257 post
758 4205 866 4250 coenam,
893 4190 989 4238 miscuit
1012 4189 1064 4238 rino
1082 4195 1200 4252 staqun
1229 4188 1358 4248 etpratiaa

105 4274 148 4334 trit
183 4277 298 4342 l‘epplns.
327 4279 410 4328 tmen.
451 4279 578 4333 Sacerdos.
608 4280 637 4329 Et
663 4275 784 4327 benedixit
813 4291 874 4325 eum.
910 4273 1024 4337 Populus.
1053 4275 1136 4321 lmen.
1172 4272 1299 4322 Sacerdos.
1329 4272 1359 4320 Et

105 4361 328 4413 medicaviteum.
363 4363 477 4428 Populos.
501 4364 583 4413 Amen.
619 4363 745 4412 Sacerdos.
770 4361 798 4410 Et
816 4361 923 4423 gustavit,
941 4359 1052 4421 deditque
1071 4372 1124 4407 enm
1143 4357 1202 4417 suis,
1220 4354 1360 4420 praeclaris,

105 4447 183 4495 nactis
200 4447 337 4513 discipulis,
355 4456 378 4498 ιι
396 4449 516 4513 lpoetolis
534 4446 631 4498 dicens:
649 4445 761 4510 Accipite,
780 4446 854 4523 bibite
872 4458 899 4492 ex
916 4457 946 4492 eo
965 4457 1121 4493 insomnes:
1149 4443 1191 4492 llic
1209 4450 1246 4491 est
1261 4443 1359 4504 sanguis

105 4538 161 4579 neus
178 4533 232 4582 nori
250 4534 395 4597 testamenti,
413 4535 453 4599 qni
470 4548 515 4600 pro
533 4533 600 4584 tobis
618 4531 747 4582 effunditur
765 4537 789 4581 et
804 4545 849 4595 pro
868 4529 949 4580 multis
967 4528 1062 4579 dabitur
1079 4529 1103 4578 in
1120 4522 1362 4593 remissionem'pec·
