<?xml version="1.0" encoding="UTF-8"?>
<!DOCTYPE html PUBLIC "-//W3C//DTD XHTML 1.0 Transitional//EN"
    "http://www.w3.org/TR/xhtml1/DTD/xhtml1-transitional.dtd">
<html xmlns="http://www.w3.org/1999/xhtml" xml:lang="en" lang="en">
 <head>
  <title>
</title>
<meta http-equiv="Content-Type" content="text/html;charset=utf-8" />
  <meta name='ocr-system' content='tesseract 3.04.00' />
  <meta name='ocr-capabilities' content='ocr_page ocr_carea ocr_par ocr_line ocrx_word'/>
</head>
<body>
  <div class='ocr_page' id='page_1' title='image "./codexliturgicus05danigoog_0133.png"; bbox 0 0 3044 4912; ppageno 0'>
   <div class='ocr_carea' id='block_1_1' title="bbox 797 218 870 294">
    <p class='ocr_par' dir='ltr' id='par_1_1' title="bbox 797 218 870 294">
     <span class='ocr_line' id='line_1_1' title="bbox 797 218 870 294; baseline -0.027 0"><span class='ocrx_word' id='word_1_1' title='bbox 797 218 870 294; x_wconf 82' lang='lat'><strong><em>122</em></strong></span> 
     </span>
    </p>
   </div>
   <div class='ocr_carea' id='block_1_2' title="bbox 195 397 1476 1310">
    <p class='ocr_par' dir='ltr' id='par_1_2' title="bbox 289 397 933 491">
     <span class='ocr_line' id='line_1_2' title="bbox 289 397 933 491; baseline 0.002 -22"><span class='ocrx_word' id='word_1_2' title='bbox 289 484 293 491; x_wconf 31' lang='grc' dir='ltr'>Ι</span> <span class='ocrx_word' id='word_1_3' title='bbox 742 398 780 469; x_wconf 88' lang='lat'><strong><em>‘0</em></strong></span> <span class='ocrx_word' id='word_1_4' title='bbox 803 397 933 489; x_wconf 67' lang='grc' dir='ltr'><strong><em>ἱερεύς,</em></strong></span> 
     </span>
    </p>

    <p class='ocr_par' dir='ltr' id='par_1_3' title="bbox 195 501 1476 895">
     <span class='ocr_line' id='line_1_3' title="bbox 231 501 1476 606; baseline 0.002 -27"><span class='ocrx_word' id='word_1_5' title='bbox 231 524 238 537; x_wconf 82' lang='lat'><strong><em>‘</em></strong></span> <span class='ocrx_word' id='word_1_6' title='bbox 271 501 411 603; x_wconf 86' lang='grc' dir='ltr'><strong><em>Χαίριτι</em></strong></span> <span class='ocrx_word' id='word_1_7' title='bbox 444 504 508 579; x_wconf 80' lang='grc' dir='ltr'><strong><em>καὶ</em></strong></span> <span class='ocrx_word' id='word_1_8' title='bbox 541 508 742 602; x_wconf 80' lang='grc' dir='ltr'><strong><em>οἶκτιρμοῖς</em></strong></span> <span class='ocrx_word' id='word_1_9' title='bbox 766 505 830 589; x_wconf 71' lang='grc' dir='ltr'><strong><em>καί</em></strong></span> <span class='ocrx_word' id='word_1_10' title='bbox 855 503 1125 604; x_wconf 70' lang='grc' dir='ltr'><strong><em>φιλανθρωπίᾳ</em></strong></span> <span class='ocrx_word' id='word_1_11' title='bbox 1149 511 1218 579; x_wconf 87' lang='grc' dir='ltr'><strong><em>τοῦ</em></strong></span> <span class='ocrx_word' id='word_1_12' title='bbox 1242 513 1476 606; x_wconf 74' lang='grc' dir='ltr'><em>μονογενοῦς</em></span> 
     </span>
     <span class='ocr_line' id='line_1_4' title="bbox 195 599 1473 733; baseline 0 -51"><span class='ocrx_word' id='word_1_13' title='bbox 195 631 265 682; x_wconf 91' lang='grc' dir='ltr'><strong><em>σου</em></strong></span> <span class='ocrx_word' id='word_1_14' title='bbox 297 607 397 696; x_wconf 75' lang='grc' dir='ltr'><strong><em>Υἶοῦ,</em></strong></span> <span class='ocrx_word' id='word_1_15' title='bbox 429 606 521 702; x_wconf 73' lang='grc' dir='ltr'><strong><em>μεθ’</em></strong></span> <span class='ocrx_word' id='word_1_16' title='bbox 553 599 598 681; x_wconf 84' lang='grc' dir='ltr'><strong><em>οὗ</em></strong></span> <span class='ocrx_word' id='word_1_17' title='bbox 630 604 825 733; x_wconf 65' lang='grc' dir='ltr'><strong><em>εὐλοηιμὸς</em></strong></span> <span class='ocrx_word' id='word_1_18' title='bbox 858 606 889 681; x_wconf 81' lang='grc' dir='ltr'><strong><em>εί</em></strong></span> <span class='ocrx_word' id='word_1_19' title='bbox 913 606 978 681; x_wconf 79' lang='grc' dir='ltr'><strong><em>καὶ</em></strong></span> <span class='ocrx_word' id='word_1_20' title='bbox 1003 603 1284 701; x_wconf 76' lang='grc' dir='ltr'><strong><em>δεδοξασμένος,</em></strong></span> <span class='ocrx_word' id='word_1_21' title='bbox 1318 606 1393 683; x_wconf 81' lang='grc' dir='ltr'><strong><em>σὺν</em></strong></span> <span class='ocrx_word' id='word_1_22' title='bbox 1417 616 1473 706; x_wconf 75' lang='grc' dir='ltr'><strong><em>τῷ</em></strong></span> 
     </span>
     <span class='ocr_line' id='line_1_5' title="bbox 195 705 1469 810; baseline 0.001 -27"><span class='ocrx_word' id='word_1_23' title='bbox 195 706 368 810; x_wconf 70' lang='grc' dir='ltr'><strong><em>παναγίῳ</em></strong></span> <span class='ocrx_word' id='word_1_24' title='bbox 399 707 463 782; x_wconf 81' lang='grc' dir='ltr'><strong><em>καὶ</em></strong></span> <span class='ocrx_word' id='word_1_25' title='bbox 496 707 634 809; x_wconf 71' lang='grc' dir='ltr'><strong><em>ἀγαθῷ</em></strong></span> <span class='ocrx_word' id='word_1_26' title='bbox 666 736 730 782; x_wconf 85' lang='grc' dir='ltr'><strong><em>και</em></strong></span> <span class='ocrx_word' id='word_1_27' title='bbox 762 707 931 807; x_wconf 84' lang='grc' dir='ltr'><strong><em>ζωοποιῷ</em></strong></span> <span class='ocrx_word' id='word_1_28' title='bbox 965 731 1034 783; x_wconf 89' lang='grc' dir='ltr'><strong><em>σου</em></strong></span> <span class='ocrx_word' id='word_1_29' title='bbox 1063 705 1271 803; x_wconf 82' lang='grc' dir='ltr'><strong><em>Πνεῦματι,</em></strong></span> <span class='ocrx_word' id='word_1_30' title='bbox 1307 717 1383 785; x_wconf 88' lang='grc' dir='ltr'><strong><em>νῦν</em></strong></span> <span class='ocrx_word' id='word_1_31' title='bbox 1407 709 1469 784; x_wconf 71' lang='grc' dir='ltr'><strong><em>καὶ</em></strong></span> 
     </span>
     <span class='ocr_line' id='line_1_6' title="bbox 196 808 704 895; baseline -0.004 -10"><span class='ocrx_word' id='word_1_32' title='bbox 196 811 254 886; x_wconf 79' lang='grc' dir='ltr'><strong><em>ἀεὶ</em></strong></span> <span class='ocrx_word' id='word_1_33' title='bbox 279 810 343 887; x_wconf 84' lang='grc' dir='ltr'><strong><em>καὶ</em></strong></span> <span class='ocrx_word' id='word_1_34' title='bbox 367 814 418 894; x_wconf 73' lang='grc' dir='ltr'><strong><em>εἰς</em></strong></span> <span class='ocrx_word' id='word_1_35' title='bbox 442 808 529 895; x_wconf 82' lang='grc' dir='ltr'><strong><em>τοὺς</em></strong></span> <span class='ocrx_word' id='word_1_36' title='bbox 553 814 704 892; x_wconf 73' lang='grc' dir='ltr'><strong><em>αἰῶνας.</em></strong></span> 
     </span>
    </p>

    <p class='ocr_par' dir='ltr' id='par_1_4' title="bbox 265 919 920 1310">
     <span class='ocr_line' id='line_1_7' title="bbox 402 919 913 1005; baseline 0.002 -13"><span class='ocrx_word' id='word_1_37' title='bbox 402 919 406 929; x_wconf 68' lang='grc'>’</span> <span class='ocrx_word' id='word_1_38' title='bbox 753 919 792 992; x_wconf 87' lang='lat'><strong><em>‘0</em></strong></span> <span class='ocrx_word' id='word_1_39' title='bbox 821 921 913 1005; x_wconf 84' lang='grc' dir='ltr'><strong><em>λαός.</em></strong></span> 
     </span>
     <span class='ocr_line' id='line_1_8' title="bbox 265 1009 393 1109; baseline 0 -22"><span class='ocrx_word' id='word_1_40' title='bbox 265 1009 393 1109; x_wconf 74' lang='grc' dir='ltr'><strong><em>Ἀμήν.</em></strong></span> 
     </span>
     <span class='ocr_line' id='line_1_9' title="bbox 744 1106 920 1198; baseline -0.011 -20"><span class='ocrx_word' id='word_1_41' title='bbox 744 1106 783 1178; x_wconf 90' lang='lat'><strong><em>‘0</em></strong></span> <span class='ocrx_word' id='word_1_42' title='bbox 805 1106 920 1198; x_wconf 82' lang='grc' dir='ltr'><strong><em>ίερεῦς.</em></strong></span> 
     </span>
     <span class='ocr_line' id='line_1_10' title="bbox 274 1209 776 1310; baseline -0.002 -20"><span class='ocrx_word' id='word_1_43' title='bbox 274 1217 444 1292; x_wconf 84' lang='lat' dir='ltr'><strong><em>XXXVII.</em></strong></span> <span class='ocrx_word' id='word_1_44' title='bbox 486 1209 625 1310; x_wconf 67' lang='grc' dir='ltr'><strong><em>Εἰρήνη</em></strong></span> <span class='ocrx_word' id='word_1_45' title='bbox 650 1222 776 1290; x_wconf 86' lang='grc' dir='ltr'><strong><em>πᾶσιν.</em></strong></span> 
     </span>
    </p>
   </div>
   <div class='ocr_carea' id='block_1_3' title="bbox 194 1341 1472 3066">
    <p class='ocr_par' dir='ltr' id='par_1_5' title="bbox 753 1341 913 1424">
     <span class='ocr_line' id='line_1_11' title="bbox 753 1341 913 1424; baseline 0 -11"><span class='ocrx_word' id='word_1_46' title='bbox 753 1342 792 1413; x_wconf 88' lang='grc' dir='ltr'><em>Ὁ</em></span> <span class='ocrx_word' id='word_1_47' title='bbox 821 1341 913 1424; x_wconf 84' lang='grc' dir='ltr'><strong><em>λαός.</em></strong></span> 
     </span>
    </p>

    <p class='ocr_par' dir='ltr' id='par_1_6' title="bbox 272 1428 742 1531">
     <span class='ocr_line' id='line_1_12' title="bbox 272 1428 742 1531; baseline -0.002 -24"><span class='ocrx_word' id='word_1_48' title='bbox 272 1433 347 1508; x_wconf 82' lang='grc' dir='ltr'><strong><em>Καὶ</em></strong></span> <span class='ocrx_word' id='word_1_49' title='bbox 372 1439 426 1531; x_wconf 76' lang='grc' dir='ltr'><strong><em>τῷ</em></strong></span> <span class='ocrx_word' id='word_1_50' title='bbox 452 1428 636 1527; x_wconf 81' lang='grc' dir='ltr'><strong><em>πνεύματί</em></strong></span> <span class='ocrx_word' id='word_1_51' title='bbox 662 1456 742 1507; x_wconf 92' lang='grc' dir='ltr'><strong><em>σου.</em></strong></span> 
     </span>
    </p>

    <p class='ocr_par' dir='ltr' id='par_1_7' title="bbox 716 1560 940 1642">
     <span class='ocr_line' id='line_1_13' title="bbox 716 1560 940 1642; baseline 0.004 -12"><span class='ocrx_word' id='word_1_52' title='bbox 716 1562 755 1630; x_wconf 87' lang='lat'><strong><em>‘0</em></strong></span> <span class='ocrx_word' id='word_1_53' title='bbox 778 1560 940 1642; x_wconf 77' lang='grc' dir='ltr'><strong><em>διάκονος.</em></strong></span> 
     </span>
    </p>

    <p class='ocr_par' dir='ltr' id='par_1_8' title="bbox 275 1664 1429 1767">
     <span class='ocr_line' id='line_1_14' title="bbox 275 1664 1429 1767; baseline 0.002 -24"><span class='ocrx_word' id='word_1_54' title='bbox 275 1668 368 1761; x_wconf 83' lang='grc' dir='ltr'><strong><em>[Ἔτι</em></strong></span> <span class='ocrx_word' id='word_1_55' title='bbox 393 1666 456 1742; x_wconf 78' lang='grc' dir='ltr'><strong><em>καί</em></strong></span> <span class='ocrx_word' id='word_1_56' title='bbox 481 1665 545 1743; x_wconf 80' lang='grc' dir='ltr'><strong><em>διὰ</em></strong></span> <span class='ocrx_word' id='word_1_57' title='bbox 571 1667 710 1751; x_wconf 88' lang='grc' dir='ltr'><strong><em>παντὸς</em></strong></span> <span class='ocrx_word' id='word_1_58' title='bbox 734 1671 776 1742; x_wconf 77' lang='grc' dir='ltr'><strong><em>ἐν</em></strong></span> <span class='ocrx_word' id='word_1_59' title='bbox 802 1664 926 1766; x_wconf 76' lang='grc' dir='ltr'><strong><em>εἰρήνῃ</em></strong></span> <span class='ocrx_word' id='word_1_60' title='bbox 952 1675 1020 1743; x_wconf 89' lang='grc' dir='ltr'><strong><em>τοῦ</em></strong></span> <span class='ocrx_word' id='word_1_61' title='bbox 1046 1668 1190 1767; x_wconf 81' lang='grc' dir='ltr'><strong><em>Κυρίου</em></strong></span> <span class='ocrx_word' id='word_1_62' title='bbox 1217 1668 1429 1766; x_wconf 79' lang='grc' dir='ltr'><strong><em>ῦεηθῦμεν.</em></strong></span> 
     </span>
    </p>

    <p class='ocr_par' dir='ltr' id='par_1_9' title="bbox 194 1768 1469 2074">
     <span class='ocr_line' id='line_1_15' title="bbox 268 1768 1469 1871; baseline 0.003 -29"><span class='ocrx_word' id='word_1_63' title='bbox 268 1768 372 1866; x_wconf 74' lang='grc' dir='ltr'><strong><em>Ὑπὲρ</em></strong></span> <span class='ocrx_word' id='word_1_64' title='bbox 412 1778 490 1846; x_wconf 80' lang='grc' dir='ltr'><strong><em>τῶν</em></strong></span> <span class='ocrx_word' id='word_1_65' title='bbox 529 1769 882 1869; x_wconf 79' lang='grc' dir='ltr'><strong><em>προςκομισθίντων</em></strong></span> <span class='ocrx_word' id='word_1_66' title='bbox 920 1769 984 1844; x_wconf 78' lang='grc' dir='ltr'><strong><em>καὶ</em></strong></span> <span class='ocrx_word' id='word_1_67' title='bbox 1023 1769 1286 1871; x_wconf 72' lang='grc' dir='ltr'><strong><em>ἁγιασθίντων</em></strong></span> <span class='ocrx_word' id='word_1_68' title='bbox 1322 1771 1469 1868; x_wconf 88' lang='grc' dir='ltr'><strong><em>τιμίων,</em></strong></span> 
     </span>
     <span class='ocr_line' id='line_1_16' title="bbox 196 1868 1469 1973; baseline 0.002 -27"><span class='ocrx_word' id='word_1_69' title='bbox 196 1870 442 1970; x_wconf 76' lang='grc' dir='ltr'><strong><em>ἐπουρανίων,</em></strong></span> <span class='ocrx_word' id='word_1_70' title='bbox 458 1870 638 1970; x_wconf 75' lang='grc' dir='ltr'><strong><em>ἀρρήτων,</em></strong></span> <span class='ocrx_word' id='word_1_71' title='bbox 659 1868 871 1970; x_wconf 82' lang='grc' dir='ltr'><strong><em>ἀχραίντων,</em></strong></span> <span class='ocrx_word' id='word_1_72' title='bbox 890 1868 1066 1967; x_wconf 66' lang='grc' dir='ltr'><strong><em>ἐνδόξων,</em></strong></span> <span class='ocrx_word' id='word_1_73' title='bbox 1083 1875 1272 1972; x_wconf 80' lang='grc' dir='ltr'><strong><em>φοβερῶν,</em></strong></span> <span class='ocrx_word' id='word_1_74' title='bbox 1288 1881 1469 1973; x_wconf 81' lang='grc' dir='ltr'><strong><em>φρικτιῦν,</em></strong></span> 
     </span>
     <span class='ocr_line' id='line_1_17' title="bbox 194 1971 1055 2074; baseline -0.002 -26"><span class='ocrx_word' id='word_1_75' title='bbox 194 1971 315 2049; x_wconf 83' lang='grc' dir='ltr'><strong><em>Θείων</em></strong></span> <span class='ocrx_word' id='word_1_76' title='bbox 340 1971 477 2072; x_wconf 76' lang='grc' dir='ltr'><strong><em>δώρων</em></strong></span> <span class='ocrx_word' id='word_1_77' title='bbox 502 1975 631 2074; x_wconf 85' lang='grc' dir='ltr'><strong><em>Κυρίῳ</em></strong></span> <span class='ocrx_word' id='word_1_78' title='bbox 656 1981 711 2072; x_wconf 80' lang='grc' dir='ltr'><strong><em>τῷ</em></strong></span> <span class='ocrx_word' id='word_1_79' title='bbox 741 1979 819 2072; x_wconf 79' lang='grc' dir='ltr'><strong><em>Θεῷ</em></strong></span> <span class='ocrx_word' id='word_1_80' title='bbox 846 1972 1055 2070; x_wconf 78' lang='grc' dir='ltr'><strong><em>ῦεηΘιῦμεν.</em></strong></span> 
     </span>
    </p>

    <p class='ocr_par' dir='ltr' id='par_1_10' title="bbox 194 2070 1472 2577">
     <span class='ocr_line' id='line_1_18' title="bbox 260 2070 1470 2175; baseline -0.003 -21"><span class='ocrx_word' id='word_1_81' title='bbox 260 2075 389 2160; x_wconf 83' lang='grc' dir='ltr'><strong><em>Ὅπως</em></strong></span> <span class='ocrx_word' id='word_1_82' title='bbox 420 2074 557 2175; x_wconf 81' lang='grc' dir='ltr'><strong><em>Κύριος</em></strong></span> <span class='ocrx_word' id='word_1_83' title='bbox 589 2076 609 2151; x_wconf 86' lang='grc' dir='ltr'>ὁ</span> <span class='ocrx_word' id='word_1_84' title='bbox 639 2075 726 2159; x_wconf 82' lang='grc' dir='ltr'><em>Θεὸς</em></span> <span class='ocrx_word' id='word_1_85' title='bbox 757 2075 867 2172; x_wconf 80' lang='grc' dir='ltr'><strong><em>ἡμῶν</em></strong></span> <span class='ocrx_word' id='word_1_86' title='bbox 900 2070 1190 2173; x_wconf 76' lang='grc' dir='ltr'><strong><em>προςῦεξιίμενυς</em></strong></span> <span class='ocrx_word' id='word_1_87' title='bbox 1223 2073 1319 2149; x_wconf 82' lang='grc' dir='ltr'><strong><em>αῦιὰ</em></strong></span> <span class='ocrx_word' id='word_1_88' title='bbox 1353 2081 1404 2159; x_wconf 75' lang='grc' dir='ltr'><strong><em>εἰς</em></strong></span> <span class='ocrx_word' id='word_1_89' title='bbox 1428 2075 1470 2150; x_wconf 80' lang='grc' dir='ltr'><strong><em>τὸ</em></strong></span> 
     </span>
     <span class='ocr_line' id='line_1_19' title="bbox 197 2175 1472 2279; baseline 0.002 -28"><span class='ocrx_word' id='word_1_90' title='bbox 197 2175 307 2279; x_wconf 74' lang='grc' dir='ltr'><strong><em>ἅγιον</em></strong></span> <span class='ocrx_word' id='word_1_91' title='bbox 331 2177 394 2253; x_wconf 82' lang='grc' dir='ltr'><strong><em>καί</em></strong></span> <span class='ocrx_word' id='word_1_92' title='bbox 419 2175 705 2278; x_wconf 83' lang='grc' dir='ltr'><strong><em>ῦπερουραίνιον,</em></strong></span> <span class='ocrx_word' id='word_1_93' title='bbox 732 2178 876 2275; x_wconf 82' lang='grc' dir='ltr'><strong><em>νοερὸν,</em></strong></span> <span class='ocrx_word' id='word_1_94' title='bbox 902 2177 966 2252; x_wconf 82' lang='grc' dir='ltr'><strong><em>καὶ</em></strong></span> <span class='ocrx_word' id='word_1_95' title='bbox 991 2176 1243 2272; x_wconf 83' lang='grc' dir='ltr'><strong><em>πνευματικὸν</em></strong></span> <span class='ocrx_word' id='word_1_96' title='bbox 1261 2178 1379 2253; x_wconf 82' lang='grc' dir='ltr'><strong><em>αὐτοῦ</em></strong></span> <span class='ocrx_word' id='word_1_97' title='bbox 1397 2179 1472 2252; x_wconf 83' lang='grc' dir='ltr'><strong><em>Θυ-</em></strong></span> 
     </span>
     <span class='ocr_line' id='line_1_20' title="bbox 197 2277 1470 2377; baseline 0.001 -25"><span class='ocrx_word' id='word_1_98' title='bbox 197 2277 412 2377; x_wconf 81' lang='grc' dir='ltr'><strong><em>σιαστήριον</em></strong></span> <span class='ocrx_word' id='word_1_99' title='bbox 445 2286 495 2364; x_wconf 78' lang='grc' dir='ltr'><strong><em>είς</em></strong></span> <span class='ocrx_word' id='word_1_100' title='bbox 528 2278 649 2377; x_wconf 80' lang='grc' dir='ltr'><strong><em>ὀσμὴν</em></strong></span> <span class='ocrx_word' id='word_1_101' title='bbox 681 2278 840 2363; x_wconf 76' lang='grc' dir='ltr'><strong><em>εὐωδίας</em></strong></span> <span class='ocrx_word' id='word_1_102' title='bbox 865 2287 1125 2374; x_wconf 79' lang='grc' dir='ltr'><strong><em>πνευματικῆς,</em></strong></span> <span class='ocrx_word' id='word_1_103' title='bbox 1162 2279 1470 2377; x_wconf 47' lang='lat' dir='ltr'><strong><em>&amp;tecantandum</em></strong></span> 
     </span>
     <span class='ocr_line' id='line_1_21' title="bbox 194 2378 1472 2482; baseline 0.004 -29"><span class='ocrx_word' id='word_1_104' title='bbox 194 2378 287 2477; x_wconf 83' lang='grc' dir='ltr'><strong><em>ἡμῖν</em></strong></span> <span class='ocrx_word' id='word_1_105' title='bbox 310 2383 379 2477; x_wconf 80' lang='grc' dir='ltr'><strong><em>τὴν</em></strong></span> <span class='ocrx_word' id='word_1_106' title='bbox 406 2380 519 2456; x_wconf 82' lang='grc' dir='ltr'><strong><em>Θείαν</em></strong></span> <span class='ocrx_word' id='word_1_107' title='bbox 541 2378 655 2480; x_wconf 80' lang='grc' dir='ltr'><strong><em>χάριν</em></strong></span> <span class='ocrx_word' id='word_1_108' title='bbox 680 2381 838 2478; x_wconf 73' lang='grc' dir='ltr'><strong><em>κοίτην</em></strong></span> <span class='ocrx_word' id='word_1_109' title='bbox 863 2380 1012 2479; x_wconf 76' lang='grc' dir='ltr'><strong><em>δωρεὰν</em></strong></span> <span class='ocrx_word' id='word_1_110' title='bbox 1035 2387 1105 2455; x_wconf 86' lang='grc' dir='ltr'><strong><em>τοῦ</em></strong></span> <span class='ocrx_word' id='word_1_111' title='bbox 1129 2379 1316 2482; x_wconf 73' lang='grc' dir='ltr'><strong><em>παναγίου</em></strong></span> <span class='ocrx_word' id='word_1_112' title='bbox 1344 2380 1472 2458; x_wconf 83' lang='grc' dir='ltr'><strong><em>Πνεῦ-</em></strong></span> 
     </span>
     <span class='ocr_line' id='line_1_22' title="bbox 195 2480 1457 2577; baseline -0.001 -22"><span class='ocrx_word' id='word_1_113' title='bbox 195 2509 325 2577; x_wconf 83' lang='grc' dir='ltr'><strong><em>ματος,</em></strong></span> <span class='ocrx_word' id='word_1_114' title='bbox 351 2480 561 2577; x_wconf 82' lang='grc' dir='ltr'><strong><em>δεηΘῶμεν.</em></strong></span> <span class='ocrx_word' id='word_1_115' title='bbox 1455 2492 1457 2497; x_wconf 74' lang='grc'>’</span> 
     </span>
    </p>

    <p class='ocr_par' dir='ltr' id='par_1_11' title="bbox 195 2579 1472 3009">
     <span class='ocr_line' id='line_1_23' title="bbox 278 2579 1472 2681; baseline 0.003 -26"><span class='ocrx_word' id='word_1_116' title='bbox 278 2582 357 2677; x_wconf 84' lang='grc' dir='ltr'><strong><em>Τὴν</em></strong></span> <span class='ocrx_word' id='word_1_117' title='bbox 383 2579 536 2678; x_wconf 81' lang='grc' dir='ltr'><strong><em>ἑνότητα</em></strong></span> <span class='ocrx_word' id='word_1_118' title='bbox 563 2591 627 2679; x_wconf 81' lang='grc' dir='ltr'><strong><em>τῆς</em></strong></span> <span class='ocrx_word' id='word_1_119' title='bbox 652 2581 819 2670; x_wconf 88' lang='grc' dir='ltr'><strong><em>πίστεως,</em></strong></span> <span class='ocrx_word' id='word_1_120' title='bbox 846 2582 909 2657; x_wconf 82' lang='grc' dir='ltr'><strong><em>καὶ</em></strong></span> <span class='ocrx_word' id='word_1_121' title='bbox 934 2582 1003 2681; x_wconf 88' lang='grc' dir='ltr'><strong><em>τὴν</em></strong></span> <span class='ocrx_word' id='word_1_122' title='bbox 1027 2583 1229 2659; x_wconf 84' lang='grc' dir='ltr'><strong><em>κοινωνίαν</em></strong></span> <span class='ocrx_word' id='word_1_123' title='bbox 1254 2591 1323 2658; x_wconf 86' lang='grc' dir='ltr'><strong><em>τοῦ</em></strong></span> <span class='ocrx_word' id='word_1_124' title='bbox 1350 2612 1472 2659; x_wconf 91' lang='grc' dir='ltr'><strong><em>πανα-</em></strong></span> 
     </span>
     <span class='ocr_line' id='line_1_24' title="bbox 195 2681 1472 2785; baseline 0.004 -30"><span class='ocrx_word' id='word_1_125' title='bbox 195 2681 281 2785; x_wconf 80' lang='lat' dir='ltr'>yc‘ov</span> <span class='ocrx_word' id='word_1_126' title='bbox 315 2683 433 2757; x_wconf 80' lang='grc' dir='ltr'><strong><em>αὐτοῦ</em></strong></span> <span class='ocrx_word' id='word_1_127' title='bbox 464 2683 528 2757; x_wconf 83' lang='grc' dir='ltr'><strong><em>καὶ</em></strong></span> <span class='ocrx_word' id='word_1_128' title='bbox 560 2693 814 2782; x_wconf 71' lang='grc' dir='ltr'><strong><em>προςνυνητοῦ</em></strong></span> <span class='ocrx_word' id='word_1_129' title='bbox 842 2683 1066 2781; x_wconf 88' lang='grc' dir='ltr'><strong><em>Πνείματυς</em></strong></span> <span class='ocrx_word' id='word_1_130' title='bbox 1098 2681 1349 2781; x_wconf 73' lang='grc' dir='ltr'><strong><em>αἰτησάμενοι,</em></strong></span> <span class='ocrx_word' id='word_1_131' title='bbox 1384 2688 1472 2760; x_wconf 85' lang='grc' dir='ltr'><strong><em>ἑαυ-</em></strong></span> 
     </span>
     <span class='ocr_line' id='line_1_25' title="bbox 195 2782 1471 2886; baseline 0.003 -29"><span class='ocrx_word' id='word_1_132' title='bbox 195 2783 283 2867; x_wconf 81' lang='grc' dir='ltr'><strong><em>τοὺς</em></strong></span> <span class='ocrx_word' id='word_1_133' title='bbox 314 2783 377 2858; x_wconf 83' lang='grc' dir='ltr'><strong><em>καὶ</em></strong></span> <span class='ocrx_word' id='word_1_134' title='bbox 411 2782 588 2880; x_wconf 78' lang='grc' dir='ltr'><strong><em>ἀλλήλους</em></strong></span> <span class='ocrx_word' id='word_1_135' title='bbox 619 2784 682 2860; x_wconf 84' lang='grc' dir='ltr'><strong><em>καὶ</em></strong></span> <span class='ocrx_word' id='word_1_136' title='bbox 714 2794 842 2862; x_wconf 85' lang='grc' dir='ltr'><strong><em>πᾶσαν</em></strong></span> <span class='ocrx_word' id='word_1_137' title='bbox 874 2786 943 2883; x_wconf 81' lang='grc' dir='ltr'><strong><em>τὴν</em></strong></span> <span class='ocrx_word' id='word_1_138' title='bbox 976 2787 1074 2884; x_wconf 84' lang='grc' dir='ltr'><strong><em>ζωὴν</em></strong></span> <span class='ocrx_word' id='word_1_139' title='bbox 1099 2787 1208 2884; x_wconf 81' lang='grc' dir='ltr'><strong><em>ἡμῶν</em></strong></span> <span class='ocrx_word' id='word_1_140' title='bbox 1234 2792 1390 2886; x_wconf 76' lang='grc' dir='ltr'><strong><em>Χριστῷ</em></strong></span> <span class='ocrx_word' id='word_1_141' title='bbox 1418 2796 1471 2886; x_wconf 83' lang='grc' dir='ltr'><strong><em>τῷ</em></strong></span> 
     </span>
     <span class='ocr_line' id='line_1_26' title="bbox 199 2882 762 3009; baseline 0.009 -50"><span class='ocrx_word' id='word_1_142' title='bbox 199 2889 278 2985; x_wconf 79' lang='grc' dir='ltr'><strong><em>Θεῷ</em></strong></span> <span class='ocrx_word' id='word_1_143' title='bbox 303 2882 583 2984; x_wconf 83' lang='grc' dir='ltr'><strong><em>παραΘυίμεΘα.</em></strong></span> <span class='ocrx_word' id='word_1_144' title='bbox 752 2982 762 3009; x_wconf 35' lang='grc' dir='ltr'>ί</span> 
     </span>
    </p>

    <p class='ocr_par' dir='ltr' id='par_1_12' title="bbox 762 2985 911 3066">
     <span class='ocr_line' id='line_1_27' title="bbox 762 2985 911 3066; baseline 0.02 -13"><span class='ocrx_word' id='word_1_145' title='bbox 762 2988 790 3053; x_wconf 93' lang='grc'><strong>0</strong></span> <span class='ocrx_word' id='word_1_146' title='bbox 820 2985 911 3066; x_wconf 86' lang='grc' dir='ltr'><strong><em>λαός.</em></strong></span> 
     </span>
    </p>
   </div>
   <div class='ocr_carea' id='block_1_4' title="bbox 263 3069 1470 3377">
    <p class='ocr_par' dir='ltr' id='par_1_13' title="bbox 263 3069 1470 3377">
     <span class='ocr_line' id='line_1_28' title="bbox 263 3069 392 3170; baseline 0.008 -24"><span class='ocrx_word' id='word_1_147' title='bbox 263 3069 392 3170; x_wconf 73' lang='grc' dir='ltr'><strong><em>Ἀμήν.</em></strong></span> 
     </span>
     <span class='ocr_line' id='line_1_29' title="bbox 640 3170 1019 3260; baseline -0.003 -20"><span class='ocrx_word' id='word_1_148' title='bbox 640 3170 678 3240; x_wconf 88' lang='lat'><strong><em>‘0</em></strong></span> <span class='ocrx_word' id='word_1_149' title='bbox 701 3171 806 3260; x_wconf 78' lang='grc' dir='ltr'><strong><em>ἱερεὺς</em></strong></span> <span class='ocrx_word' id='word_1_150' title='bbox 834 3170 1019 3256; x_wconf 79' lang='grc' dir='ltr'><strong><em>ἐπεύχεται.</em></strong></span> 
     </span>
     <span class='ocr_line' id='line_1_30' title="bbox 274 3274 1470 3377; baseline 0.002 -29"><span class='ocrx_word' id='word_1_151' title='bbox 274 3276 459 3351; x_wconf 84' lang='lat' dir='ltr'><strong><em>XXXVIII.</em></strong></span> <span class='ocrx_word' id='word_1_152' title='bbox 483 3277 527 3352; x_wconf 87' lang='grc' dir='ltr'><strong><em>Ὁ</em></strong></span> <span class='ocrx_word' id='word_1_153' title='bbox 556 3275 654 3365; x_wconf 84' lang='grc' dir='ltr'><strong><em>Θεὸς,</em></strong></span> <span class='ocrx_word' id='word_1_154' title='bbox 681 3278 744 3352; x_wconf 82' lang='grc' dir='ltr'><strong><em>καὶ</em></strong></span> <span class='ocrx_word' id='word_1_155' title='bbox 772 3275 906 3377; x_wconf 82' lang='grc' dir='ltr'><strong><em>Πατὴρ</em></strong></span> <span class='ocrx_word' id='word_1_156' title='bbox 932 3285 1000 3351; x_wconf 84' lang='grc' dir='ltr'><strong><em>τοῦ</em></strong></span> <span class='ocrx_word' id='word_1_157' title='bbox 1026 3274 1170 3374; x_wconf 84' lang='grc' dir='ltr'><strong><em>Κυρίου</em></strong></span> <span class='ocrx_word' id='word_1_158' title='bbox 1195 3275 1258 3349; x_wconf 82' lang='grc' dir='ltr'><strong><em>καὶ</em></strong></span> <span class='ocrx_word' id='word_1_159' title='bbox 1288 3281 1381 3351; x_wconf 83' lang='grc' dir='ltr'><strong><em>Θεοῦ</em></strong></span> <span class='ocrx_word' id='word_1_160' title='bbox 1407 3277 1470 3351; x_wconf 77' lang='grc' dir='ltr'><strong><em>καί</em></strong></span> 
     </span>
    </p>
   </div>
   <div class='ocr_carea' id='block_1_5' title="bbox 196 3375 1470 3480">
    <p class='ocr_par' dir='ltr' id='par_1_14' title="bbox 196 3375 1470 3480">
     <span class='ocr_line' id='line_1_31' title="bbox 196 3375 1470 3480; baseline 0.005 -32"><span class='ocrx_word' id='word_1_161' title='bbox 196 3383 376 3475; x_wconf 80' lang='grc' dir='ltr'><strong><em>Σωτῆρος</em></strong></span> <span class='ocrx_word' id='word_1_162' title='bbox 406 3377 514 3474; x_wconf 80' lang='grc' dir='ltr'><strong><em>ἡμῶν</em></strong></span> <span class='ocrx_word' id='word_1_163' title='bbox 541 3380 662 3474; x_wconf 80' lang='grc' dir='ltr'><strong><em>Ἰησοῦ</em></strong></span> <span class='ocrx_word' id='word_1_164' title='bbox 694 3385 875 3478; x_wconf 83' lang='grc' dir='ltr'><strong><em>Χριστοῦ,</em></strong></span> <span class='ocrx_word' id='word_1_165' title='bbox 911 3379 930 3453; x_wconf 82' lang='grc' dir='ltr'>ὁ</span> <span class='ocrx_word' id='word_1_166' title='bbox 962 3375 1230 3480; x_wconf 66' lang='grc' dir='ltr'><strong><em>μεγαλώνυμος</em></strong></span> <span class='ocrx_word' id='word_1_167' title='bbox 1262 3376 1413 3475; x_wconf 78' lang='grc' dir='ltr'><strong><em>Κύριος,</em></strong></span> <span class='ocrx_word' id='word_1_168' title='bbox 1446 3408 1470 3475; x_wconf 93' lang='grc' dir='ltr'><strong><em>η</em></strong></span> 
     </span>
    </p>
   </div>
   <div class='ocr_carea' id='block_1_6' title="bbox 184 3627 1472 4546">
    <p class='ocr_par' dir='ltr' id='par_1_15' title="bbox 195 3627 1471 3854">
     <span class='ocr_line' id='line_1_32' title="bbox 280 3627 1471 3700; baseline 0.002 -16"><span class='ocrx_word' id='word_1_169' title='bbox 280 3634 339 3699; x_wconf 80' lang='lat' dir='ltr'><strong>Cap.</strong></span> <span class='ocrx_word' id='word_1_170' title='bbox 357 3635 461 3685; x_wconf 80' lang='lat' dir='ltr'><strong><em>XXXVII.</em></strong></span> <span class='ocrx_word' id='word_1_171' title='bbox 498 3636 564 3685; x_wconf 80' lang='lat' dir='ltr'>Hand</span> <span class='ocrx_word' id='word_1_172' title='bbox 591 3636 703 3685; x_wconf 75' lang='lat' dir='ltr'>dissentit</span> <span class='ocrx_word' id='word_1_173' title='bbox 726 3635 755 3685; x_wconf 84' lang='lat' dir='ltr'><strong><em>n.</em></strong></span> <span class='ocrx_word' id='word_1_174' title='bbox 780 3634 806 3686; x_wconf 88' lang='lat' dir='ltr'><strong><em>n.</em></strong></span> <span class='ocrx_word' id='word_1_175' title='bbox 825 3643 882 3700; x_wconf 81' lang='lat' dir='ltr'>poet</span> <span class='ocrx_word' id='word_1_176' title='bbox 900 3627 1234 3700; x_wconf 77' lang='grc' dir='ltr'><strong><em>χάριτιιιαλοῖιιειρμοΐς.</em></strong></span> <span class='ocrx_word' id='word_1_177' title='bbox 1271 3634 1389 3698; x_wconf 82' lang='lat' dir='ltr'>Populus.</span> <span class='ocrx_word' id='word_1_178' title='bbox 1411 3635 1471 3686; x_wconf 75' lang='lat' dir='ltr'>titt</span> 
     </span>
     <span class='ocr_line' id='line_1_33' title="bbox 195 3711 1471 3787; baseline -0.001 -20"><span class='ocrx_word' id='word_1_179' title='bbox 195 3718 304 3769; x_wconf 81' lang='lat' dir='ltr'>Domine.</span> <span class='ocrx_word' id='word_1_180' title='bbox 340 3719 400 3768; x_wconf 81' lang='lat' dir='ltr'>[Ioni</span> <span class='ocrx_word' id='word_1_181' title='bbox 412 3719 531 3769; x_wconf 82' lang='lat' dir='ltr'>IIieconus</span> <span class='ocrx_word' id='word_1_182' title='bbox 550 3721 633 3785; x_wconf 84' lang='lat' dir='ltr'>inprit</span> <span class='ocrx_word' id='word_1_183' title='bbox 651 3720 710 3770; x_wconf 86' lang='lat' dir='ltr'>hece</span> <span class='ocrx_word' id='word_1_184' title='bbox 728 3720 817 3781; x_wconf 87' lang='lat' dir='ltr'>dicere,</span> <span class='ocrx_word' id='word_1_185' title='bbox 836 3721 954 3770; x_wconf 79' lang='lat' dir='ltr'>Sacerdos</span> <span class='ocrx_word' id='word_1_186' title='bbox 973 3720 1101 3771; x_wconf 74' lang='lat' dir='ltr'>inclinatus</span> <span class='ocrx_word' id='word_1_187' title='bbox 1119 3728 1185 3769; x_wconf 81' lang='lat' dir='ltr'>oret:</span> <span class='ocrx_word' id='word_1_188' title='bbox 1206 3713 1220 3768; x_wconf 83' lang='grc' dir='ltr'><strong>ὁ</strong></span> <span class='ocrx_word' id='word_1_189' title='bbox 1238 3718 1305 3774; x_wconf 72' lang='grc' dir='ltr'><strong><em>θεὸς</em></strong></span> <span class='ocrx_word' id='word_1_190' title='bbox 1321 3717 1369 3768; x_wconf 80' lang='grc' dir='ltr'><strong><em>καὶ</em></strong></span> <span class='ocrx_word' id='word_1_191' title='bbox 1379 3711 1471 3787; x_wconf 76' lang='grc' dir='ltr'><strong><em>πατήρ</em></strong></span> 
     </span>
     <span class='ocr_line' id='line_1_34' title="bbox 195 3802 501 3854; baseline 0.003 -2"><span class='ocrx_word' id='word_1_192' title='bbox 195 3811 240 3853; x_wconf 89' lang='lat' dir='ltr'>etc.</span> <span class='ocrx_word' id='word_1_193' title='bbox 260 3812 286 3852; x_wconf 88' lang='lat' dir='ltr'><strong><em>ut</em></strong></span> <span class='ocrx_word' id='word_1_194' title='bbox 303 3805 327 3852; x_wconf 89' lang='lat' dir='ltr'><strong><em>in</em></strong></span> <span class='ocrx_word' id='word_1_195' title='bbox 346 3804 410 3854; x_wconf 86' lang='lat' dir='ltr'>edito</span> <span class='ocrx_word' id='word_1_196' title='bbox 429 3802 501 3853; x_wconf 71' lang='lat' dir='ltr'><strong><em>cdd.</em></strong></span> 
     </span>
    </p>

    <p class='ocr_par' dir='ltr' id='par_1_16' title="bbox 194 3881 1472 4040">
     <span class='ocr_line' id='line_1_35' title="bbox 279 3881 1472 3954; baseline -0.001 -17"><span class='ocrx_word' id='word_1_197' title='bbox 279 3889 338 3953; x_wconf 85' lang='lat' dir='ltr'>Cep.</span> <span class='ocrx_word' id='word_1_198' title='bbox 356 3888 473 3938; x_wconf 82' lang='lat' dir='ltr'><strong><em>XXXVIII.</em></strong></span> <span class='ocrx_word' id='word_1_199' title='bbox 508 3889 575 3939; x_wconf 88' lang='lat' dir='ltr'><strong><em>Idem</em></strong></span> <span class='ocrx_word' id='word_1_200' title='bbox 592 3897 616 3938; x_wconf 90' lang='lat' dir='ltr'><strong><em>et</em></strong></span> <span class='ocrx_word' id='word_1_201' title='bbox 634 3904 706 3938; x_wconf 88' lang='lat' dir='ltr'>unum</span> <span class='ocrx_word' id='word_1_202' title='bbox 726 3890 831 3938; x_wconf 85' lang='lat' dir='ltr'>sentiunt</span> <span class='ocrx_word' id='word_1_203' title='bbox 848 3888 877 3938; x_wconf 85' lang='lat' dir='ltr'><strong><em>tt.</em></strong></span> <span class='ocrx_word' id='word_1_204' title='bbox 896 3897 919 3938; x_wconf 87' lang='lat' dir='ltr'><strong><em>et</em></strong></span> <span class='ocrx_word' id='word_1_205' title='bbox 937 3890 965 3938; x_wconf 84' lang='lat' dir='ltr'><strong><em>n.</em></strong></span> <span class='ocrx_word' id='word_1_206' title='bbox 1000 3888 1079 3939; x_wconf 77' lang='lat' dir='ltr'>Lits,</span> <span class='ocrx_word' id='word_1_207' title='bbox 1091 3887 1163 3937; x_wconf 76' lang='lat' dir='ltr'>Marci</span> <span class='ocrx_word' id='word_1_208' title='bbox 1181 3887 1280 3952; x_wconf 76' lang='lat' dir='ltr'>praebet</span> <span class='ocrx_word' id='word_1_209' title='bbox 1298 3881 1472 3954; x_wconf 72' lang='grc' dir='ltr'><strong><em>ἰκηώνησιν,</em></strong></span> 
     </span>
     <span class='ocr_line' id='line_1_36' title="bbox 194 3971 1239 4040; baseline -0.003 -20"><span class='ocrx_word' id='word_1_210' title='bbox 194 3972 295 4021; x_wconf 79' lang='lat' dir='ltr'>etmihi</span> <span class='ocrx_word' id='word_1_211' title='bbox 314 3973 406 4022; x_wconf 78' lang='lat' dir='ltr'>videtur</span> <span class='ocrx_word' id='word_1_212' title='bbox 423 3973 588 4037; x_wconf 82' lang='lat' dir='ltr'>tpostoIIcetn.</span> <span class='ocrx_word' id='word_1_213' title='bbox 625 3973 670 4022; x_wconf 86' lang='lat' dir='ltr'><strong><em>Pro</em></strong></span> <span class='ocrx_word' id='word_1_214' title='bbox 689 3972 906 4040; x_wconf 77' lang='grc' dir='ltr'><strong><em>συντειριμμένη</em></strong></span> <span class='ocrx_word' id='word_1_215' title='bbox 924 3974 1016 4023; x_wconf 76' lang='lat' dir='ltr'>Marcus</span> <span class='ocrx_word' id='word_1_216' title='bbox 1034 3971 1239 4040; x_wconf 75' lang='grc' dir='ltr'><strong><em>πεφωτισμένη.</em></strong></span> 
     </span>
    </p>

    <p class='ocr_par' dir='ltr' id='par_1_17' title="bbox 184 4056 1470 4375">
     <span class='ocr_line' id='line_1_37' title="bbox 279 4056 1470 4122; baseline 0.001 -16"><span class='ocrx_word' id='word_1_217' title='bbox 279 4057 330 4120; x_wconf 67' lang='lat' dir='ltr'><strong><em>Syr.</em></strong></span> <span class='ocrx_word' id='word_1_218' title='bbox 355 4057 482 4108; x_wconf 78' lang='lat' dir='ltr'>Sacerdos.</span> <span class='ocrx_word' id='word_1_219' title='bbox 507 4082 538 4093; x_wconf 92' lang='lat'><strong><em>—-</em></strong></span> <span class='ocrx_word' id='word_1_220' title='bbox 557 4067 634 4108; x_wconf 90' lang='lat' dir='ltr'><strong><em>—ut</em></strong></span> <span class='ocrx_word' id='word_1_221' title='bbox 658 4073 726 4122; x_wconf 84' lang='lat' dir='ltr'>pore,</span> <span class='ocrx_word' id='word_1_222' title='bbox 750 4065 850 4121; x_wconf 77' lang='lat' dir='ltr'>pungite</span> <span class='ocrx_word' id='word_1_223' title='bbox 868 4058 947 4107; x_wconf 82' lang='lat' dir='ltr'>enimn</span> <span class='ocrx_word' id='word_1_224' title='bbox 965 4064 988 4106; x_wconf 89' lang='lat' dir='ltr'><strong><em>et</em></strong></span> <span class='ocrx_word' id='word_1_225' title='bbox 1005 4071 1092 4106; x_wconf 78' lang='lat' dir='ltr'>cereno</span> <span class='ocrx_word' id='word_1_226' title='bbox 1111 4056 1175 4106; x_wconf 83' lang='lat' dir='ltr'>vultu</span> <span class='ocrx_word' id='word_1_227' title='bbox 1201 4057 1332 4107; x_wconf 77' lang='lat' dir='ltr'>audeamus</span> <span class='ocrx_word' id='word_1_228' title='bbox 1356 4059 1470 4108; x_wconf 74' lang='lat' dir='ltr'><strong><em>iuvocare</em></strong></span> 
     </span>
     <span class='ocr_line' id='line_1_38' title="bbox 193 4138 1470 4207; baseline 0.002 -17"><span class='ocrx_word' id='word_1_229' title='bbox 193 4148 216 4190; x_wconf 89' lang='lat' dir='ltr'><strong><em>te</em></strong></span> <span class='ocrx_word' id='word_1_230' title='bbox 235 4141 309 4191; x_wconf 84' lang='lat' dir='ltr'>Deum</span> <span class='ocrx_word' id='word_1_231' title='bbox 335 4143 464 4191; x_wconf 86' lang='lat' dir='ltr'>cocIestem</span> <span class='ocrx_word' id='word_1_232' title='bbox 483 4138 576 4191; x_wconf 74' lang='lat' dir='ltr'>Patrem</span> <span class='ocrx_word' id='word_1_233' title='bbox 601 4144 790 4207; x_wconf 77' lang='lat' dir='ltr'>omnipotentem</span> <span class='ocrx_word' id='word_1_234' title='bbox 815 4151 839 4192; x_wconf 89' lang='lat' dir='ltr'><strong><em>ct</em></strong></span> <span class='ocrx_word' id='word_1_235' title='bbox 861 4155 958 4190; x_wconf 87' lang='lat' dir='ltr'>oremns</span> <span class='ocrx_word' id='word_1_236' title='bbox 983 4141 1097 4190; x_wconf 87' lang='lat' dir='ltr'>dicentes.</span> <span class='ocrx_word' id='word_1_237' title='bbox 1133 4142 1202 4191; x_wconf 82' lang='lat' dir='ltr'>Peter</span> <span class='ocrx_word' id='word_1_238' title='bbox 1226 4150 1308 4193; x_wconf 85' lang='lat' dir='ltr'>noster</span> <span class='ocrx_word' id='word_1_239' title='bbox 1333 4143 1373 4206; x_wconf 86' lang='lat' dir='ltr'><strong><em>qui</em></strong></span> <span class='ocrx_word' id='word_1_240' title='bbox 1399 4159 1425 4192; x_wconf 87' lang='lat' dir='ltr'><strong><em>es</em></strong></span> <span class='ocrx_word' id='word_1_241' title='bbox 1444 4143 1470 4192; x_wconf 91' lang='lat' dir='ltr'><strong><em>in</em></strong></span> 
     </span>
     <span class='ocr_line' id='line_1_39' title="bbox 184 4226 1470 4291; baseline 0.002 -18"><span class='ocrx_word' id='word_1_242' title='bbox 184 4226 277 4274; x_wconf 83' lang='lat' dir='ltr'>coelis.</span> <span class='ocrx_word' id='word_1_243' title='bbox 313 4226 427 4291; x_wconf 84' lang='lat' dir='ltr'>Populus.</span> <span class='ocrx_word' id='word_1_244' title='bbox 456 4227 726 4277; x_wconf 77' lang='lat' dir='ltr'>Sanctificeturnotnen</span> <span class='ocrx_word' id='word_1_245' title='bbox 745 4236 811 4277; x_wconf 87' lang='lat' dir='ltr'>tunm</span> <span class='ocrx_word' id='word_1_246' title='bbox 830 4236 875 4277; x_wconf 86' lang='lat' dir='ltr'>etc.</span> <span class='ocrx_word' id='word_1_247' title='bbox 910 4227 1038 4276; x_wconf 78' lang='lat' dir='ltr'><strong>Sacerdos.</strong></span> <span class='ocrx_word' id='word_1_248' title='bbox 1066 4226 1107 4275; x_wconf 83' lang='lat' dir='ltr'><strong><em>Eit</em></strong></span> <span class='ocrx_word' id='word_1_249' title='bbox 1126 4226 1227 4276; x_wconf 79' lang='lat' dir='ltr'>Iiomitie</span> <span class='ocrx_word' id='word_1_250' title='bbox 1245 4226 1308 4275; x_wconf 79' lang='lat' dir='ltr'>Dens</span> <span class='ocrx_word' id='word_1_251' title='bbox 1327 4234 1420 4288; x_wconf 80' lang='lat' dir='ltr'>noster,</span> <span class='ocrx_word' id='word_1_252' title='bbox 1439 4241 1470 4276; x_wconf 89' lang='lat' dir='ltr'><strong><em>ne</em></strong></span> 
     </span>
     <span class='ocr_line' id='line_1_40' title="bbox 195 4311 1036 4375; baseline 0.004 -19"><span class='ocrx_word' id='word_1_253' title='bbox 195 4322 239 4357; x_wconf 83' lang='lat' dir='ltr'><strong><em>noe</em></strong></span> <span class='ocrx_word' id='word_1_254' title='bbox 258 4311 357 4360; x_wconf 84' lang='lat' dir='ltr'>Inducne</span> <span class='ocrx_word' id='word_1_255' title='bbox 376 4313 399 4360; x_wconf 87' lang='lat' dir='ltr'><strong><em>in</em></strong></span> <span class='ocrx_word' id='word_1_256' title='bbox 418 4311 573 4360; x_wconf 74' lang='lat' dir='ltr'>tentationem</span> <span class='ocrx_word' id='word_1_257' title='bbox 592 4319 637 4361; x_wconf 85' lang='lat' dir='ltr'>eto.</span> <span class='ocrx_word' id='word_1_258' title='bbox 674 4312 714 4360; x_wconf 89' lang='lat' dir='ltr'><strong><em>Sic</em></strong></span> <span class='ocrx_word' id='word_1_259' title='bbox 732 4318 770 4361; x_wconf 76' lang='lat' dir='ltr'><strong><em>est</em></strong></span> <span class='ocrx_word' id='word_1_260' title='bbox 787 4325 882 4375; x_wconf 86' lang='lat' dir='ltr'>quoquc</span> <span class='ocrx_word' id='word_1_261' title='bbox 900 4312 963 4374; x_wconf 81' lang='lat' dir='ltr'>epud</span> <span class='ocrx_word' id='word_1_262' title='bbox 982 4311 1036 4374; x_wconf 77' lang='lat' dir='ltr'><strong><em>Cyn.</em></strong></span> 
     </span>
    </p>

    <p class='ocr_par' dir='ltr' id='par_1_18' title="bbox 193 4388 1471 4546">
     <span class='ocr_line' id='line_1_41' title="bbox 210 4388 1471 4459; baseline 0.004 -16"><span class='ocrx_word' id='word_1_263' title='bbox 210 4388 215 4395; x_wconf 85' lang='lat'>&#39;</span> <span class='ocrx_word' id='word_1_264' title='bbox 279 4394 409 4457; x_wconf 77' lang='lat' dir='ltr'>doxologin</span> <span class='ocrx_word' id='word_1_265' title='bbox 435 4410 480 4459; x_wconf 82' lang='lat' dir='ltr'><strong><em>qne</em></strong></span> <span class='ocrx_word' id='word_1_266' title='bbox 500 4395 582 4444; x_wconf 78' lang='lat' dir='ltr'>Oratio</span> <span class='ocrx_word' id='word_1_267' title='bbox 602 4396 725 4446; x_wconf 77' lang='lat' dir='ltr'>dominica</span> <span class='ocrx_word' id='word_1_268' title='bbox 745 4395 873 4454; x_wconf 82' lang='lat' dir='ltr'>concludit,</span> <span class='ocrx_word' id='word_1_269' title='bbox 895 4396 1000 4445; x_wconf 83' lang='lat' dir='ltr'>ostendit</span> <span class='ocrx_word' id='word_1_270' title='bbox 1018 4397 1124 4447; x_wconf 83' lang='lat' dir='ltr'>codicem</span> <span class='ocrx_word' id='word_1_271' title='bbox 1143 4405 1253 4446; x_wconf 82' lang='lat' dir='ltr'>nostrum</span> <span class='ocrx_word' id='word_1_272' title='bbox 1271 4406 1394 4448; x_wconf 77' lang='lat' dir='ltr'>excretum</span> <span class='ocrx_word' id='word_1_273' title='bbox 1413 4412 1471 4449; x_wconf 84' lang='lat' dir='ltr'>esse</span> 
     </span>
     <span class='ocr_line' id='line_1_42' title="bbox 193 4476 1281 4546; baseline 0.006 -20"><span class='ocrx_word' id='word_1_274' title='bbox 193 4476 292 4527; x_wconf 72' lang='lat' dir='ltr'>soeculo</span> <span class='ocrx_word' id='word_1_275' title='bbox 310 4481 408 4544; x_wconf 80' lang='lat' dir='ltr'>quicto:</span> <span class='ocrx_word' id='word_1_276' title='bbox 429 4493 483 4530; x_wconf 81' lang='lat' dir='ltr'><strong><em>nem</em></strong></span> <span class='ocrx_word' id='word_1_277' title='bbox 503 4488 570 4530; x_wconf 83' lang='lat' dir='ltr'>antee</span> <span class='ocrx_word' id='word_1_278' title='bbox 589 4482 626 4533; x_wconf 85' lang='lat' dir='ltr'><strong><em>tix</em></strong></span> <span class='ocrx_word' id='word_1_279' title='bbox 642 4488 744 4546; x_wconf 77' lang='lat' dir='ltr'>opponet</span> <span class='ocrx_word' id='word_1_280' title='bbox 760 4479 904 4543; x_wconf 74' lang='lat' dir='ltr'>dochogioe</span> <span class='ocrx_word' id='word_1_281' title='bbox 923 4495 981 4531; x_wconf 81' lang='lat' dir='ltr'>usne</span> <span class='ocrx_word' id='word_1_282' title='bbox 1000 4482 1024 4533; x_wconf 89' lang='lat' dir='ltr'><strong><em>in</em></strong></span> <span class='ocrx_word' id='word_1_283' title='bbox 1042 4481 1143 4532; x_wconf 82' lang='lat' dir='ltr'>echesin</span> <span class='ocrx_word' id='word_1_284' title='bbox 1163 4481 1281 4533; x_wconf 77' lang='lat' dir='ltr'>orientali.</span> 
     </span>
    </p>
   </div>
   <div class='ocr_carea' id='block_1_7' title="bbox 0 0 1527 4912">
    <p class='ocr_par' dir='ltr' id='par_1_19' title="bbox 0 0 1527 4912">
     <span class='ocr_line' id='line_1_43' title="bbox 0 0 1527 4912; baseline 0 0"><span class='ocrx_word' id='word_1_285' title='bbox 0 0 1527 4912; x_wconf 95' lang='lat' dir='ltr'><strong><em> </em></strong></span> 
     </span>
    </p>
   </div>
  </div>
 </body>
</html>
