3044 4912
676 247 750 321 489

93 457 188 524 ητος
212 438 291 505 τῶν
319 432 540 505 εκλεκτιῦν
525 459 627 526 εντχ
621 427 832 557 Ῑβασιλείρι
858 453 936 505 σου.
962 426 1100 524 Χάριτι
1125 431 1189 506 καὶ
1215 441 1351 529 φιλαν

93 530 234 661 λροιπόηι
269 540 337 606 τοῦ
374 540 600 659 μονογενοῦς
635 558 705 607 σου
739 533 839 621 υἱοῦ,
874 530 959 627 μεθ’
995 528 1041 608 οὗ
1075 533 1269 662 εὐλογητὸς
1302 530 1349 622 ελ,

93 631 152 708 νῦν
176 641 232 730 τῷ
229 632 442 762 παναγέσι,
478 633 540 707 καὶ
566 635 718 762 ἀγαθῷ,
750 632 814 709 καὶ
848 632 1016 730 ζωοποιῷ
1049 659 1118 709 σου
1151 632 1347 730 πνεύματι,

93 742 152 810 νῦν
177 734 241 809 καὶ
267 735 336 823 ἀεὶ,
361 736 424 810 καὶ
450 740 501 819 εἰς
524 734 611 818 τοὺς
636 741 776 820 αλῶνας
799 742 879 810 τῶν
904 732 999 810 αἲιάι
990 763 1065 811 ων
1109 734 1237 833 Ἀμήν.

164 860 303 934 Εἶτα’
283 867 346 934 ανά
372 873 483 956 χεῖρας
511 867 623 953 λαβὼν
647 868 686 936 τὸ
711 864 917 947 πατόλσν,“
901 890 1035 936 ισταται
1061 865 1255 956 ἔμπροσθεν
1282 875 1348 936 τῶν

93 969 194 1034 τελῶν
215 974 275 1036 τοῦ
295 975 386 1051 ναοῦ,
408 965 429 1057 ἢ
450 975 509 1056 τῆς
529 965 711 1057 ῦπεραγίας
731 967 904 1051 θεοτόκοο,
931 967 990 1037 καὶ
1009 974 1104 1038 ποιεῖ
1124 975 1269 1057 σταυροῦ
1289 966 1348 1038 τό-

93 1092 156 1151 ιον,
178 1068 298 1156 λέγων·

160 1179 279 1270 Χαῖρε
304 1173 574 1270 κεχαριτωμένη
601 1169 753 1249 θεστόκε
777 1173 955 1273 παρθένε,
981 1176 1021 1248 ἐκ
1047 1181 1116 1249 σοῦ
1140 1171 1224 1276 γάρ.

509 1322 579 1391 Καὶ
601 1321 726 1410 γίνεται
746 1319 920 1403 ἀπόλυσις.

164 1444 228 1507 Δεῖ
253 1437 430 1526 γινώσκειν,
458 1438 513 1509 ὅτι
539 1441 577 1509 τὸ
600 1442 755 1531 γεννηθὲν
774 1440 911 1535 βρέφος,
939 1438 998 1509 ἐὰν
1018 1435 1085 1529 ἀρα
1105 1439 1162 1508 καὶ
1182 1436 1348 1510 ἀσόενοῦν

93 1541 120 1630 ιη
145 1537 285 1631 θηλάζη,
307 1537 392 1609 ἀλλὰ
412 1540 498 1629 πρὸς
517 1539 667 1610 θάνατον
689 1537 813 1634 ἀφορᾷ,
837 1538 876 1610 05
896 1541 955 1632 χρὴ
978 1543 1177 1630 περιμένειν,
1201 1540 1246 1623 ὥς
1259 1568 1348 1626 τινες

93 1649 186 1722 ,ακῶς
211 1643 306 1731 φασὶ,
333 1643 392 1731 τὴν
419 1642 512 1732 ἕκτην
539 1640 561 1732 ἢ
585 1642 644 1732 τὴν
673 1640 792 1734 ὀγδόην
823 1640 959 1732 ἡμέραν,
986 1642 1044 1710 καὶ
1064 1640 1152 1710 οῦτοι
1172 1641 1348 1728 βαπτίζειν
1417 1684 1420 1689 ·

93 1740 171 1825 ιάτὸ,
194 1739 279 1811 ἀλλὰ
299 1749 339 1833 τῇ
361 1742 431 1834 ὥρη
452 1735 472 1833 ᾗ
495 1741 663 1834 ἐγεννήθη,
684 1742 787 1829 μόνον
809 1740 1062 1833 ἀποπλαβῆναι,
1083 1743 1141 1811 καὶ
1161 1742 1264 1825 εὐθὺς
1283 1751 1350 1831 βα-

93 1851 274 1933 ιτισθηναι,
297 1846 351 1912 ἵνα
371 1846 415 1934 μη
438 1842 613 1935 τελευτήσῃ
636 1842 836 1939 ἀφώτιστον.
858 1842 910 1913 Αἱ
931 1844 992 1932 γὰρ
1014 1845 1113 1913 πέντε
1133 1851 1239 1933 μῆνας
1254 1842 1348 1932 ἐγκο-

93 1952 250 2026 ιονοῦσαι,
280 1944 310 2013 εἶ
337 1944 414 2037 τόχη
443 1943 513 2015 ἀπὸ
541 1948 630 2026 τινὸς
656 1949 784 2038 πληγῆς
809 1945 847 2013 τὸ
877 1942 1019 2034 ἔμβρυον
1040 1944 1210 2030 ἐκτρῶσαι,
1239 1944 1346 2035 φόνου

93 2046 170 2138 λίκην
189 2047 274 2116 κατὰ
295 2048 372 2127 τοῦς
393 2044 522 2133 νόμους,
545 2047 601 2115 καὶ
621 2048 698 2128 τοὺς
718 2045 857 2128 κανόνας
879 2047 1054 2130 ἐνέχονται.
1076 2047 1200 2135 Πολλῷ
1219 2048 1348 2132 μᾶλλον

93 2150 114 2218 5
142 2155 244 2238 κρῖμα
271 2152 322 2216 δεῖ
349 2147 519 2238 ἐκφεύγειν
544 2155 610 2215 τῶν
635 2149 853 2236 γεννωμένων,
881 2151 936 2216 ἵνα
961 2147 1005 2236 μὴ
1037 2145 1212 2238 ἀφώτιστα
1234 2149 1348 2216 τελεο-

93 2275 189 2319 σοιν.

93 2527 112 2599 3.
168 2520 289 2618 Εῦχη
329 2526 393 2605 εἷς
432 2527 633 2623 γυναῖκα
677 2528 790 2615 λεχιῦ
833 2520 946 2617 μετὰ
991 2515 1346 2616 τεσσαράκοντα

617 2666 798 2737 ημΰθας·

164 2830 214 2913 Τῇ
251 2824 288 2892 55
321 2820 564 2913 τεσσαρακόστη
599 2819 707 2912 ἡμέρᾳ
733 2820 836 2890 πάλιν
863 2819 1066 2911 προςάγεται
1092 2829 1139 2910 τῷ
1167 2829 1252 2911 ναῷ,
1287 2821 1347 2890 ἐπὶ

93 2931 123 3015 ρῖ
143 2925 434 3014 ἐκκλησιασθῆναι,
457 2922 574 3006 εἴτοον,
598 2921 697 3012 ἀρχὴν
719 2925 833 3008 λαβεῖν
853 2929 912 2990 τοῦ
934 2920 1128 3010 εἶςάγεσθαι
1150 2921 1199 3004 εἷς
1219 2924 1277 3011 τὴν
1294 2922 1347 2991 ἕκ-

94 3024 224 3117 λησίαν.

161 3125 371 3216 Προςάγεται
400 3127 436 3194 δὲ
464 3126 557 3211 παρὰ
583 3132 642 3214 τῆς
668 3125 801 3214 μητρὸς,
833 3117 896 3213 ἤδη
923 3123 1180 3213 κεκαθαρμένης,
1207 3124 1262 3191 καὶ
1292 3125 1349 3190 λε-

93 3228 237 3353 ουμένης
270 3224 386 3316 οόσης,
420 3224 586 3314 παρόντος
619 3226 675 3293 καὶ
701 3233 761 3294 τοῦ
787 3224 967 3310 μέλλοντος
994 3221 1220 3309 ἀναδέχεσθαι
1247 3232 1347 3294 τοῦτο

94 3331 162 3399 αιά
183 3331 222 3398 τὸ
243 3329 428 3415 βάπτισμα.

159 3445 197 3515 ‘0
227 3450 265 3516 δέ
291 3473 326 3535 7⁶
356 3446 460 3560 ἱερεὺς
487 3451 581 3513 ποιεῖ
596 3429 836 3567 Εὐλογητόν,
867 3426 1073 3533 Τριςάγιον,
1105 3445 1143 3513 τὸ
1167 3429 1346 3530 Παναγία

93 3535 193 3632 ριὰς,
220 3550 278 3617 σὺν
299 3557 347 3638 τῷ
375 3533 548 3631 Πάτερ“
528 3540 648 3628 ηιιιῦν,
676 3547 714 3615 τὸ
727 3531 811 3606 Ὅτι
837 3541 906 3606 σοῦ
932 3536 1041 3608 ἐστιν.
1085 3541 1170 3615 Εἶτα
1196 3546 1235 3613 τὸ
1258 3540 1347 3613 ἀπο-

95 3649 232 3732 υτίκιον,
255 3676 354 3739 ητης
396 3652 500 3737 μέρας
521 3650 559 3715 τὸ
581 3648 685 3731 τιχὸν,
707 3675 727 3736 η
751 3653 811 3716 τοῦ
832 3645 1030 3731 λαχόντοςε
1010 3645 1117 3735 αγίσο.
1143 3630 1256 3720 Δόξαι
1283 3631 1347 3706 καὶ

93 3747 162 3827 ῦν,
195 3745 248 3833 1η
267 3647 461 3836 πρεσχάειᾳ,
489 3734 613 3832 Κύριε,
640 3732 793 3810 πάντων
814 3765 893 3809 των
911 3733 1039 3835 ἁγιων.
1083 3748 1154 3817 Καὶ
1174 3745 1348 3838 κλινούσης

93 3851 181 3942 ἀτῆς
206 3855 265 3942 τὴν
291 3850 497 3962 κεφαλην,“
477 3879 546 3937 αμα
572 3858 619 3941 τῷ
629 3850 774 3960 βρέφει,
802 3856 897 3920 ποιεῖ
917 3847 936 3918 5
959 3846 1064 3938 ἱερεὺς
1084 3849 1157 3957 τὴν
1163 3856 1223 3917 τοῦ
1245 3873 1347 3916 σταο-

95 3945 135 4006 οῦ
158 3941 326 4062 σφραγῖδα
348 3937 401 4006 ἐπ’
425 3934 524 4026 αὐτῷ.
568 3936 637 4004 Καὶ
659 3935 847 4022 απτόμενος
867 3961 927 4023 της
948 3936 1095 4025 κεφαλης
1117 3930 1227 4014 αὐτοῦ,
1257 3933 1349 4021 λέγει

94 4066 135 4128 ην
158 4036 263 4127 εὐχήν

477 4215 550 4283 Τοῦ
577 4206 719 4306 Κυρίου
745 4207 955 4304 (λεηθιῦμεν.

144 4357 343 4492 Κόρα,τ
326 4392 346 4435 ο
384 4359 540 4448 Θεὸς,“
524 4391 543 4434 ο
576 4355 864 4490 παντοκράτωρ,
899 4357 918 4434 5
950 4358 1070 4486 παιηρ
1102 4366 1170 4432 τοῦ
1203 4353 1348 4485 Kvgn'ov

93 4463 185 4562 ’χμιῦν
205 4465 326 4560 Ἰησοῦ
352 4469 533 4563 Χριστοῦ,
569 4462 749 4539 555055'
778 4460 898 4567 φύσιν
924 4458 1073 4563 λογικόν
1098 4488 1136 4535 τε
1170 4459 1233 4534 καὶ
1259 4459 1349 4534 ἀλσ-
