3044 4912
657 276 732 353 433

97 459 221 558 ενίηι,
253 489 317 534 και
305 459 529 587 εὐλαβείᾳ,
562 458 640 535 καὶ
674 455 887 556 ἀσκήσει,
919 459 998 534 καὶ
1031 469 1175 557 σεμνῇ
1201 469 1332 537 πολι-

97 560 160 658 ιίᾳ
185 557 454 689 διαγόντων
479 565 554 657 (lac.
567 565 640 658 22).
674 557 896 657 Μνήσθητι,
921 557 1047 658 Κύριε,
1078 570 1158 638 τῶν
1183 562 1332 660 εὐσεβε-

97 660 209 739 τάτων
246 662 310 739 καὶ
355 660 589 739 πιστοτάτων
623 661 734 758 ήμῶν
768 662 975 758 βασιλέων,
1013 662 1078 747 οὓς
1112 662 1331 751 εδικαίωσας

97 762 271 841 τσιλεύειν
296 764 356 840 ἐπὶ
379 773 444 861 τῆς
467 772 551 867 γῆς·
579 763 682 862 ὅπλῳ
707 764 899 860 ἀληθείας,
924 764 1027 863 όπλφ
1054 763 1225 850 εὐδοκίας
1249 792 1331 842 στε-

97 865 240 943 ίνωσον
283 866 438 956 αὐτούς,
480 864 697 941 ἐπισκίασον
736 864 796 940 ἐπὶ
831 864 903 962 τήν
933 864 1099 965 κεφαλήν
1130 867 1258 944 αὐτῶν
1288 874 1331 945 ἐν

97 998 177 1068 ιερηι
202 969 373 1063 πολέμου.
400 967 599 1063 ἐνίσχυσον
624 967 752 1043 αὐτῶν
777 967 844 1042 τὸν
859 966 1109 1064 βραχίονα,“
1085 988 1243 1064 υψωσον
1259 971 1330 1046 αύ-

96 1070 238 1168 νντὴν
269 1069 408 1158 δεξιὰν,
442 1066 632 1166 κράτυνον
656 1069 785 1145 αὐτῶν
808 1067 878 1166 τήν
901 1069 1110 1166 βασιλείαν,
1142 1067 1330 1157 ύπύιαξον

96 1174 186 1256 ’σοῖς
210 1169 332 1247 πάντα
358 1171 405 1246 τὰ
431 1170 612 1271 βάρβαρα
632 1172 740 1265 ἔθνη,
765 1169 815 1247 τὰ
838 1169 926 1257 τοὺς
949 1171 1130 1257 πολέμους
1153 1170 1327 1253 θέλοντα.

96 1270 224 1372 αρισαι
250 1274 377 1357 αὐτοῖς
399 1274 568 1370 βαθεῖαν
605 1271 668 1347 καὶ
694 1269 947 1371 ἀναφαίρετον
972 1270 1134 1400 εἰρήνην,
1167 1270 1329 1371 λάλησον

96 1374 201 1504 ςτήν
225 1373 386 1500 καρδίαν
413 1375 540 1449 αὐτῶν
565 1403 589 1449 α
616 1372 753 1448 αθά
730 1403 823 1472 υπερ
848 1381 912 1471 τῆς
937 1375 1126 1504 ἐκκλησίας
1150 1401 1232 1463 σου,
1264 1377 1329 1451 καί

96 1476 197 1561 τντὸς
228 1484 296 1552 τοῦ
328 1484 420 1550 λαοῦ
453 1501 540 1551 σου
574 1373 640 1550 δύο
673 1477 715 1551 ἐν
738 1483 784 1573 τῇ
809 1473 952 1605 γαλήνη
991 1476 1119 1552 αὐτῶν
1150 1477 1328 1608 ήρεμον

96 1577 133 1653 εἰ
158 1575 357 1675 ἡσύχιον
382 1576 492 1672 βίον
518 1573 777 1706 διάγωμεν,
811 1579 860 1654 ίν
885 1575 1005 1674 πόση
1032 1575 1224 1674 εάδοκιᾳ
1249 1580 1329 1653 και

96 1677 312 1777 μνότητι
339 1681 453 1775 (Clem.
473 1682 543 1778 16).
582 1675 801 1775 Μνήσθητι,
828 1677 955 1776 Κύριε,
982 1676 1100 1776 πάσης
1126 1680 1241 1806 ἀρχῆς
1264 1681 1328 1755 καὶ

96 1784 235 1870 ουσίας,
267 1810 331 1855 και
362 1789 441 1856 τῶν
472 1785 513 1856 ἐν
544 1779 712 1878 παλατίῳ
746 1778 967 1908 ἀδελφῶν
945 1789 1067 1877 ημῶν,
1100 1781 1163 1855 καὶ
1188 1780 1328 1867 παντὸς

96 1893 123 1960 ῦ
150 1881 413 1981 στρατοπέδου.
444 1882 540 1966 Τούς
564 1852 778 2010 ἀγαθόάς’
761 1909 804 1956 εν
819 1911 865 1977 τη
847 1879 1093 1985 ἀγαθότητί
1110 1907 1180 1956 σου
1198 1879 1326 1980 διατή-

95 2010 189 2061 ισον·
218 1985 307 2069 τούς
323 1984 507 2112 πονηρούς
528 1982 701 2086 ἀγαθοὺς
716 1981 872 2079 ποίησον
889 1986 991 2059 ἐν
946 2013 991 2080 τη
1006 1981 1229 2079 χρηστάτητί
1245 2008 1325 2059 σου.

95 2084 336 2214 Ῐνήσθητι,
356 2084 517 2184 Κύριε,
543 2094 625 2160 τοῦ
643 2093 951 2181 περιεστῶτος
968 2087 1166 2179 monac.
1173 2088 1245 2212 12),
1262 2085 1326 2214 κφὶ

95 2199 133 2264 λν
159 2187 204 2264 δι
234 2184 408 2317 εὐλόγους
434 2186 555 2271 αἰτίας
580 2186 906 2285 ἀπολειφθέντων,
931 2186 995 2261 καί
1019 2186 1166 2282 ἐλέησον
1187 2186 1326 2272 αὐτούς

95 2321 116 2365 ι
140 2288 240 2387 ἡμᾶς
263 2289 359 2364 κατὰ
384 2290 428 2365 τὸ
453 2292 597 2385 πλῆθος
622 2296 689 2363 τοῦ
714 2288 836 2371 ε’λεους
861 2288 1027 2363 σου.Τά
1046 2293 1180 2383 ταμεῖα
1197 2287 1325 2364 αὐτων

95 2400 241 2489 πλησον
266 2390 405 2474 παντὸς
430 2391 596 2514 ἀγαθοῦ,
620 2389 688 2474 τὰς
713 2388 962 2518 συζυγίας’
917 2398 1046 2467 αυτῶν
1061 2393 1102 2465 ἐν
1119 2387 1244 2485 εἰρήνη
1261 2388 1326 2465 καὶ

95 2492 212 2592 ιονοίηι
244 2489 481 2621 διατήρησον,
514 2490 568 2566 τὰ
603 2489 743 2588 νήπια
775 2493 1014 2618 ἔκθρεφον
1040 2493 1153 2587 (clem.
1173 2493 1223 2584 8),
1255 2490 1325 2589 τήν

95 2593 208 2724 ότητα
234 2591 607 2722 παιδαγάγησον,
569 2624 613 2668 το
637 2601 753 2721 γῆρας
777 2592 1057 2721 περικράτησον,
1091 2592 1178 2676 τούς
1204 2593 1324 2723 όλιγο-

95 2695 200 2792 ίχους
217 2693 508 2824 παραμύθησον,
533 2697 621 2778 τοὺς
637 2695 945 2791 ἐσκορπισμένους
960 2690 1221 2821 ε’πισυνάγαγε,
1238 2694 1325 2779 τοὺς

95 2798 393 2926 πλανημένους’
378 2796 600 2899 επανάγαγε,
635 2797 699 2871 καὶ
723 2798 897 2893 σύναψον
922 2804 967 2893 τῇ
993 2795 1098 2922 ἁγίᾳ
1110 2822 1179 2872 σου
1203 2798 1324 2872 καθο-

94 2908 132 2996 ci]
168 2900 231 2974 καὶ
263 2901 484 2994 ἀποστολικη
518 2897 699 2996 ἐκκλησίᾳ.
755 2898 869 2981 Τοὺς
894 2898 1259 2994 ὀχλουμένους“
1238 2899 1323 2974 υπὸ

94 2997 332 3097 νευμάτων
369 2997 658 3092 ἀκαθάρτων
699 2997 1023 3096 ἐλευθέρωσον
1068 3001 1142 3093 (lac.
1165 3004 1224 3074 22.
1247 3004 1321 3096 34),
1427 3090 1431 3099 Ι

94 3110 129 3187 ἴς
154 3103 329 3177 πλέουσιν
354 3098 649 3230 σύμπλευσον,τ
628 3128 705 3183 τοις
729 3098 969 3196 ὁδοιποροῦσι
988 3098 1230 3187 συνόδευσον,
1254 3130 1323 3195 χη-

94 3232 132 3280 ιν
150 3200 415 3336 πρόστηθι,’
399 3210 581 3302 ορφανῶν
610 3198 876 3298 ύπεράσπισον,
912 3198 1169 3298 αἰχμαλώτους
1200 3206 1322 3297 ῥῦσαι,

94 3314 260 3389 σοῦντας
291 3311 406 3379 ἴασαι.
464 3307 597 3378 Τῶν
581 3332 622 3379 εν
652 3301 807 3400 βήματι,
842 3303 906 3378 καὶ
930 3303 1099 3401 ἐξορίαις,
1132 3302 1195 3378 καὶ
1220 3300 1322 3433 πόση

94 3408 183 3507 λίφει
215 3407 279 3482 καὶ
312 3403 470 3536 ἀνάγκη,
506 3405 569 3479 καὶ
601 3403 809 3501 περιστάσει
836 3407 970 3492 ὄντων,
1005 3401 1319 3502 μνημόνευσον
1300 3435 1320 3481 ο

94 3509 156 3598 ὸς,
181 3509 245 3584 καὶ
270 3505 425 3584 πάντων
449 3515 528 3581 τῶν
553 3505 741 3599 δεομένων
766 3514 831 3602 τῆς
854 3505 1014 3635 μεγάλης
1043 3532 1114 3581 σου
1138 3506 1323 3633 εὐσπλαγ-

94 3611 170 3700 ίας,
203 3640 267 3685 και
299 3639 378 3685 των
404 3605 640 3735 ἀγαπώντων
663 3606 773 3703 ἡμᾶς,
808 3607 872 3682 καὶ
895 3616 974 3684 τῶν
998 3604 1226 3702 μισούντων,
1258 3606 1322 3681 καὶ

94 3741 129 3788 ιν
161 3709 473 3806 ἐντειλαυὲνων“
453 3716 544 3806 ηιιῖν
568 3716 646 3792 τοῖς
670 3707 835 3794 ἀναξίοις
859 3707 1084 3805 εὔχεσθαι
1061 3736 1155 3802 υπερ
1181 3709 1320 3783 αὐτῶν.

93 3814 125 3887 τὶ
158 3812 297 3896 παντὸς
332 3820 400 3887 τοῦ
432 3820 524 3887 λαοῦ
551 3837 633 3899 σου,
666 3808 867 3908 μνήσθητι,
894 3808 1050 3907 Κύριε
1032 3840 1053 3884 ο
1082 3808 1214 3893 Θεὸς
1192 3837 1319 3907 ημων·

93 3946 114 3990 ι
140 3915 199 3991 ἐπὶ
223 3913 366 3998 πάντας
391 3915 515 4009 ε’κχεον
540 3914 583 3988 τὸ
608 3910 786 3988 πλούσιόν
812 3939 881 3988 σου
907 3914 1014 4000 ἔλεος,
1041 3921 1132 3987 πᾶσι
1149 3910 1321 4040 παρέχων

93 4018 224 4116 πρὸς
256 4014 444 4113 σωτηρίαν
471 4013 669 4112 αἰτήματα,
701 4014 765 4089 καὶ
791 4007 846 4089 τόν
870 4013 973 4112 ἡμεῖς
998 4013 1068 4090 οάκ
1092 4009 1321 4111 ἐμνημονεύ-

93 4148 171 4216 ιμεν
205 4119 249 4194 δι
288 4121 459 4247 ἄγνοιαν,
492 4115 516 4212 ἢ
548 4114 740 4213 λήθην,
723 4145 747 4212 η
780 4117 971 4213 πληθος
955 4112 1172 4244 ονομήτων,
1209 4113 1322 4243 αὐτός

93 4221 313 4318 ιητιόνευσον
339 4220 358 4346 6
389 4218 540 4307 θεὸς,
522 4250 542 4292 ο
568 4217 717 4301 εἰδως
701 4214 857 4292 εκάστου
882 4219 951 4315 τήν
976 4217 1132 4315 ήλικίαν,
1164 4244 1226 4290 και
1251 4214 1321 4311 τὴν

93 4323 310 4453 ιοςηγορίαν,
337 4353 358 4395 ο
344 4319 538 4403 εἰδώς”
516 4345 671 4394 εκαστον
697 4348 738 4394 εκ
761 4320 900 4404 κοιλίας
923 4319 1062 4448 μητρὸς
1087 4318 1215 4393 αὐτοῦ.
1255 4316 1320 4393 Σύ

93 4432 124 4523 ἰρ
150 4425 195 4514 εἰ,
221 4422 348 4519 Κύριε,
372 4453 395 4519 η
382 4421 577 4520 βοηθεία
594 4430 673 4496 τῶν
690 4418 979 4550 ἀβοηθήταιν,“
957 4452 981 4519 η
999 4421 1098 4506 ελπίς
1114 4427 1192 4494 τῶν
1209 4418 1320 4495 ἀπελ-

93 4527 254 4623 σμένων,
281 4524 302 4631 6
326 4532 405 4599 τῶν
427 4523 709 4621 χειααζοιιίνων
734 4525 870 4623 σωτήρ,
902 4522 1026 4601 ὁτῶν
1052 4520 1240 4601 πλεόντων
1265 4528 1320 4596 λι-
