3044 4912
352 105 444 200 Εάχὴ
464 107 683 197 θυμιάματος
703 107 753 191 εἷς
768 109 832 201 τὴν
853 106 994 203 λσχάιην
1013 107 1153 195 ε’ίςσδσν.

196 228 312 307 XMV.
354 226 679 328 [Εάχαριστσῦμίν
714 255 773 307 σοι
807 238 862 329 τῷ
888 239 1042 330 Σωτῆρι
1063 239 1156 314 ,τῶν
1186 231 1285 309 ὅλοιν
1313 236 1393 333 θεῷ
1503 256 1508 271 ’

143 323 183 402 lui
201 337 315 408 πᾶσιν
340 330 397 417 οῖς
420 331 607 430 παρέσχου
631 331 725 430 ἡμῖν
749 333 922 436 ἀγαθοῖς,
949 333 1012 409 καὶ
1038 335 1097 409 ἐπὶ
1121 342 1166 431 τῇ
1192 333 1393 435 μεταλήψει

17 491 27 510 ..
73 492 83 523 ·.
143 437 199 506 τάν
229 431 352 536 ἁγίων
376 433 440 511 καὶ
465 430 667 533 ἀχρύνταιν
692 457 762 509 σου
786 432 1016 532 μυστηρίων,
1051 435 1114 509 καί
1140 437 1395 535 προςφίρομόν

47 540 82 640 ‚4³
141 556 182 606 σοι
211 533 254 609 τὸ
289 535 471 631 θυμίαμα
506 543 631 626 τοῦτο,
667 532 848 634 δεόμενοι,
885 532 1052 636 φύλαξον
1084 536 1183 633 ἡμᾶς
1215 538 1289 613 ὑπὸ
1323 537 1396 637 τὴν

55 637 71 656 “
137 635 253 733 σιίπην
283 645 363 712 τῶν
395 633 591 740 πτερύγων
617 662 699 726 σου,
732 637 803 712 καὶ·
820 638 1052 722 καταξίωσον
1075 637 1174 734 ἡμᾶς
1196 641 1304 737 μέχρι
1329 648 1395 737 τῆς

134 734 271 835 ἐσχάτης
302 737 412 836 ἡμῶν
445 739 635 835 ἀναπνοῆς
658 739 824 836 μετέχειν
848 746 928 815 τῶν
953 737 1199 842 ἀγιασμύταιν
1224 764 1305 831 σου,
1341 746 1393 827 εὶς

10 852 50 904 ἔτι
131 837 305 938 ἀγισσμόν
329 849 467 939 ψυχῶν
491 839 555 915 καί
582 837 782 936 σωμάτιον,
815 847 866 925 εἷς
889 841 1081 939 βασιλείας
1106 843 1282 941 οὐρανῶν
1305 851 1395 940 κλη-

129 939 317 1035 ρονομίαν·
351 942 407 1017 ὅτι
442 941 490 1018 σὺ
522 940 554 1016 εἶ
579 941 599 1017 ὁ
625 942 809 1044 ἁγιασμὸς
832 942 943 1040 ἡμῶν
968 943 988 1017 ὁ
1018 941 1117 1032 θεὸς,
1150 944 1213 1018 καί
1234 944 1298 1020 σοὶ
1322 944 1393 1042 τὴν

10 1065 30 1138 g:
127 1039 233 1125 δόξαν
255 1041 412 1141 καλιὴν
437 1044 676 1140 εὐχαριστίαν
702 1045 980 1142 ἀναπίμπομεν,
1016 1053 1070 1144 τῷ
1097 1046 1225 1145 Πατρί
1248 1046 1313 1122 καί
1335 1053 1391 1147 τῷ

18 1140 26 1150 “
130 1144 195 1241 Υίῴ
219 1143 362 1244 καὶτῷ
389 1145 486 1247 ἁγίῳ
512 1143 720 1240 Πνεύματι.

394 1294 465 1364 Καὶ
487 1288 622 1384 ἀρχεται
644 1292 663 1364 ὁ
687 1291 840 1378 διάκονος
861 1295 897 1365 όν
917 1301 958 1387 τῇ
980 1293 1109 1385 είςόδῳ.

191 1409 293 1498 Δόξα
320 1439 391 1504 σοι,
418 1412 510 1501 δόξα
537 1440 607 1504 σοι,
635 1412 726 1501 δόξα
748 1439 819 1505 σοι,
838 1414 977 1514 Χριστὲ
998 1418 1167 1513 βασιλεῦ,
1193 1415 1392 1520 μονογενὲς

123 1521 184 1588 τοῦ
211 1515 373 1611 Πατρός,
401 1515 458 1592 ὅτι
482 1516 711 1614 κατηξίωσας
735 1517 834 1615 ἡμᾶς
850 1516 938 1601 τοὺς
955 1516 1199 1614 ἁμαρτωλοὺς
1215 1518 1278 1593 καί
1296 1519 1391 1594 ἀνα-

125 1614 215 1701 ξίους
239 1615 398 1702 δούλους
423 1642 492 1694 σου
517 1623 558 1694 ἐν
584 1615 785 1693 ἀπολαύσει
809 1620 987 1720 γενέσθαι
1005 1628 1085 1696 τῶν
1102 1617 1390 1716 ἀχρόνταινσσυ

124 1718 351 1890 ηυστηρίοιν,
387 1725 437 1804 ελς
471 1722 607 1821 ἄφεσιν
643 1719 839 1819 ἁμαρτιῶν
845 1776 858 1809 ,
895 1718 958 1795 καὶ
994 1725 1045 1804 εἰς
1081 1719 1181 1817 ζωὴν
1217 1716 1387 1796 αλοίνισν·

148 1822 208 1903 οξα
232 1843 301 1895 σοι.

155 1968 221 2038 Καὶ
241 1966 322 2038 ὅταν
343 1965 469 2062 ποιήσῃ
490 1971 550 2061 τὴν
572 1966 710 2052 είςοδον,
734 1963 869 2057 ἀρχεται
890 1969 998 2058 λέγειν
1020 1965 1038 2037 ὁ
1062 1964 1215 2049 διάκονος
1236 1966 1353 2069 οὕτως.

193 2091 292 2166 XLV.
320 2091 399 2164 Ἔτι
422 2090 486 2165 καί
511 2092 564 2165 ἔτι
588 2091 652 2167 καί
677 2089 741 2166 διὰ
767 2089 907 2174 παντὸς
932 2093 973 2165 ἐν
998 2086 1123 2189 εἰρήνη
1150 2098 1218 2167 τοῦ
1244 2088 1387 2190 Κυρίου

10 2253 20 2261 .
129 2187 480 2396 δωὲίλιίιύζγίνηται
505 2293 595 2390 ἡμῖν
620 2292 643 2390 ἡ
668 2289 872 2390 μετάληψις
895 2300 974 2368 τῶν
1000 2289 1246 2395 ἀγιασμοίταιν
1271 2293 1389 2370 αὐτοῦ

131 2396 171 2476 εἷς
192 2392 404 2507 ἀποτροπὴν
427 2395 567 2479 παντὸς
591 2403 757 2493 πονηροῦ
782 2391 1012 2495 προίγματσς,
1039 2400 1089 2478 ελς
1114 2392 1268 2494 ἐφόδιον
1294 2394 1390 2493 ζωῆς

134 2496 283 2586 αἰωνίου,
320 2500 371 2581 ελς
403 2496 606 2574 κοινωνίαν
633 2497 704 2582 ,καὶ
738 2495 887 2594 δωρεὰν
919 2503 987 2571 τοῦ
1014 2495 1125 2599 ἀγίου
1151 2495 1387 2593 Πνεύματος,

17 2689 23 2699 ¹
133 2592 324 2696 διηθῶμεν.

10 2721 25 2759 ¹³
587 2709 626 2782 ‘0
649 2710 754 2802 ἱερεύς
776 2704 917 2797 εάχεται.

196 2838 264 2930 Ίῆς
295 2832 493 2935 παναγίας,
523 2830 731 2930 ἀχρόντσυ,
765 2827 1025 2929 ὑπερενδόξου,
1059 2832 1300 2934 εὐλογημένης
1326 2831 1388 2909 δτ-

135 2935 266 3032 σποίνης
289 2934 413 3032 ἡμῶν,
438 2932 621 3011 θεοτόιιου
646 2934 709 3009 καί
737 2933 987 3032 ἀειπαρθίνσυ
1009 2934 1177 3032 Μαρίας,
1203 2934 1267 3010 καὶ
1291 2931 1389 3011 ποίν-

133 3061 195 3109 τυν
224 3045 304 3112 τῶν
340 3035 460 3140 ἀγίαιν
494 3045 572 3112 τῶν
598 3038 662 3111 ἀπ’
695 3033 831 3120 αἰῶνός
856 3061 914 3112 σοι
941 3035 1268 3136 εὐαρεστησοίνταιν
1292 3065 1388 3132 μνη-

133 3135 373 3227 μονεύσαντες,
409 3137 563 3222 ἑαυτοὺς
598 3138 662 3213 καὶ
698 3136 887 3233 ἀλλήλους,
924 3138 988 3211 καὶ
1022 3148 1149 3214 πᾶσαν
1182 3136 1251 3234 τὴν
1289 3137 1388 3233 ζωὴν

10 3296 30 3305 -
131 3233 221 3329 ἡμῶν
243 3246 399 3342 Χριστῷ
425 3248 478 3339 τῷ
508 3244 586 3341 Θεῷ
613 3237 893 3338 παραθαίμεθα.

665 3384 703 3457 ‘0
734 3383 827 3466 λαός.

192 3475 263 3551 Σοί
290 3473 417 3575 Κύριε.
503 3525 507 3531 -
613 3522 615 3526 »

658 3586 697 3658 ‘O
720 3585 836 3678 ἱερεύς.

190 3713 305 3787 XLVI.
327 3710 373 3789 Ὁ
400 3709 499 3800 θεὸς,
527 3710 547 3785 ὃ
574 3709 639 3786 διὰ
664 3708 802 3806 πολλὴν
826 3707 890 3783 καὶ
916 3707 1064 3805 ἄφατον
1090 3707 1384 3809 φιλανθρωπίαν

130 3812 354 3912 συγκαταβὰς
386 3821 432 3910 τῇ
470 3811 649 3915 ἀσθενείᾳ
674 3818 753 3887 τῶν
778 3806 925 3886 δούλοιν
950 3835 1032 3901 σου,
1068 3811 1132 3886 καὶ
1155 3808 1388 3913 καταξιώσας

10 3972 29 3983 .
129 3907 209 4005 ἡμᾶς
237 3921 436 4011 μετασχεῖν
466 3911 604 4013 ταύτης
628 3921 693 4012 τῆς
717 3913 942 4015 ἐπουρανίου
967 3912 1159 4016 τραπέζης,
1194 3912 1246 4011 μὴ
1271 3940 1385 3989 κατα-

165 4210 172 4233 =
194 4176 254 4259 ἀρ.
271 4189 348 4244 τιτι.
364 4189 453 4244 nvn.
468 4189 568 4243 ειιιιι.
603 4189 658 4242 Non
676 4189 821 4242 εειιειιειι
837 4189 867 4241 ιι
885 4189 948 4241 σοι
967 4188 997 4240 ιι.
1015 4195 1038 4241 ει
1055 4187 1083 4240 ιι.
1169 4269 1187 4325 (ὃ

154 4271 185 4320 Π.
