3044 4912
152 162 155 167 ·
205 126 337 211 ούσιόν
367 156 406 205 τε
439 127 502 205 καὶ
535 126 749 205 συναίδιον
787 127 830 203 τὸ
856 134 1022 225 λαλῆσρν
1045 128 1088 202 ἐν
1112 120 1219 223 νόμῳ
1244 124 1311 201 καὶ
1333 119 1484 224 προφή·

204 262 287 317 ταις
318 231 381 307 καὶ
412 238 459 327 τῇ
484 237 594 358 καινῇ
620 251 688 305 σου
714 225 898 326 διαθήκῃ·
931 228 975 304 τὸ
999 226 1215 404 καταβὰνέἐ
1215 256 1240 303 ν
1198 225 1357 303 ἐτ’ίδει
1380 255 1468 303 πε.

206 341 339 432 σειρᾶς
363 332 423 408 6666
446 331 515 408 τὸν
519 328 716 429 K6ptov‘
694 338 804 427 ημῶν
822 331 968 427 Ἰησοῦν
982 329 1192 424 Χριστδνέ
1193 356 1217 405 ν
1241 358 1296 427 τῳ
1277 326 1483 427 ’Ἰορδανρ

206 443 362 533 ποταμῷ
395 433 459 509 καὶ
489 438 625 529 μεῖναν
657 433 713 507 ἐπ’
744 429 877 508 αὐτόν·
913 430 955 505 τὸ
991 429 1165 528 καταβὰν
1190 431 1250 506 ἐπὶ
1274 430 1364 514 τοὺς
1388 429 1479 505 ἄπο-

206 535 360 620 στόλους
392 561 461 611 σου
495 537 536 610 ἐν
495 533 655 609 ἐείδει
688 534 857 629 πυρίνων
880 536 1104 659 γλωσσῶν’
1088 560 1129 608 εν
1153 540 1208 630 τῷ
1233 528 1393 658 ὑπερῴῳ
1417 538 1482 628 τῆς

207 638 315 769 ἁγίας
339 638 402 713 καὶ
427 633 581 721 ἐνδόξου
599 633 787 724 2666
764 644 857 732 ντῇ
882 634 1000 763 ἡμέρᾳ
1017 641 1082 730 τῆς
1098 641 1361 731 πεντηκοστῆς·
1390 631 1483 708 αὐτὸ

206 742 249 815 τὸ
286 737 448 835 Πνεῦμα
484 765 553 814 σου
588 736 630 811 τὸ
667 733 853 865 πμνοίγιον
887 734 1154 833 κατάπεμψον,
1187 735 1380 825 Δέσποτα,
1417 733 1475 833 ἐφ’

204 842 303 941 ἡμᾶς
326 842 389 917 καὶ
415 840 474 915 6666
498 839 544 915 τὰ
571 837 792 936 προκείμενα
818 838 908 941 ἅγια
935 837 1041 937 δῶρα
1066 845 1216 930 ταῦτα]

600 986 710 1056 Καὶ’
693 987 911 1118 ανιστοίμενος
932 984 1083 1078 ἔκφωνεῖ.

205 1098 269 1169 ἵνα
303 1097 546 1220 ἐπιτροιτῆσαν
578 1099 622 1187 τῇ
650 1092 739 1193 ἁγίᾳ
765 1093 827 1167 καὶ
853 1092 988 1220 ἁγμθῇ
1013 1092 1075 1165 καὶ
1100 1088 1240 1188 ἐνδόξου
1267 1089 1386 1165 αὑτοῦ
1413 1116 1487 1161 πα-

209 1196 340 1293 ρουσίᾳ
367 1191 503 1296 ἁγιάσῃ
529 1222 592 1268 και
579 1191 812 1291 ποιήσῃ
775 1222 842 1268 τον
866 1192 937 1290 μὲν
963 1194 1079 1290 ἄρτον
1095 1200 1230 1268 τοῦτον
1247 1198 1358 1290 σῶμα
1376 1189 1487 1293 ἅγιον

207 1304 276 1371 τοῦ
303 1302 472 1394 Χριστοῦ
499 1321 579 1369 σου.
765 1390 804 1461 Ὁ
831 1390 893 1460 λ

853 1417 923 1474 αος.

277 1478 405 1579 Ἀμήν.

756 1574 794 1645 ‘O
817 1574 932 1666 ἱερεύς.

284 1683 358 1759 Καὶ
382 1684 425 1758 τὸ
453 1679 628 1781 ποτήριον
653 1690 785 1773 τοῦτο,
812 1680 907 1777 αἷμα
933 1680 1060 1776 τίμιον
1084 1688 1152 1754 τοῦ
1177 1687 1348 1779 Χριστοῦ
1375 1705 1455 1755 σου.

763 1810 802 1881 ‘0
831 1810 923 1894 λαός.

277 1901 405 2000 Ἀμήν·
795 1962 798 1967 -

533 1998 604 2068 “0
594 2001 699 2089 ιερεῦς
719 1997 802 2068 καθ’
826 1998 955 2082 ἑαυτὸν,
978 1997 1163 2129 ἱστάμενος.

286 2108 441 2181 XXXIII.
458 2105 539 2179 ’ίνα
542 2105 713 2229 γένηται
738 2111 830 2178 πᾶσι
849 2110 932 2188 τοῖς
956 2106 995 2188 έξ
1020 2103 1147 2178 αὐτῶν
1168 2099 1485 2200 μεταλαμβάνου-

209 2234 271 2284 σιν
296 2214 347 2290 είς
371 2208 507 2304 ἄφεσιν
532 2204 727 2331 ἁμαρτιῶν
752 2205 816 2281 καὶ
841 2210 891 2288 εἷς
917 2205 1016 2303 ζωὴν
1033 2201 1200 2330 αλρίνιον,
1228 2204 1316 2289 εἰς
1294 2204 1488 2306 αγιασμὸν

208 2316 345 2406 ψυχῶν
377 2306 440 2380 καὶ
466 2303 673 2431 σωμάτων,
708 2311 758 2390 είς
789 2306 1050 2405 καρποφορίαν
1075 2307 1196 2407 ἔργων
1214 2308 1402 2436 ἁγαθῶν,
1437 2312 1486 2390 εἰς

210 2407 414 2536 στηριγμὸν
438 2416 503 2504 τῆς
527 2406 636 2508 ἁγίας
662 2431 730 2481 σου
755 2411 957 2504 καθολικῆς
982 2408 1232 2505 ἐκκλησίας,“
1209 2437 1257 2506 ην
1282 2406 1484 2504 ἐθεμελίω-

209 2536 277 2593 σας
310 2508 368 2583 ἐπὶ
399 2508 469 2606 τὴν
501 2509 639 2613 πέτραν
663 2516 729 2605 τῆς
753 2508 919 2599 πίστεως,
952 2510 1017 2584 ἵνα
1042 2508 1154 2584 πύλαι
1180 2510 1275 2608 ᾆδον
1302 2511 1355 2608 μὴ
1380 2539 1480 2585 κατι-

208 2610 398 2708 σχύσωσιν
434 2611 559 2706 αὐτῆς,
595 2607 773 2706 ῥυόιιενος
808 2611 925 2707 αὐτὴν
961 2609 1034 2686 ἀπὸ
1069 2608 1187 2710 πάσης
1221 2613 1395 2709 αἱρέσεως
1420 2612 1479 2686 καὶ

210 2711 447 2843 σκανδάλων,
474 2742 537 2786 και
525 2712 879 2839 ἐργαζομένων
840 2743 909 2809 την
925 2713 1100 2810 ἀνομίαν,
1127 2712 1459 2815 διαφυλάττων’
1415 2744 1479 2789 αυ-

209 2814 278 2911 τὴν
303 2817 409 2912 μέχρι
435 2823 499 2910 τῆς
525 2815 733 2898 συντελείας
757 2824 825 2889 τοῦ
852 2821 997 2899 αἰῶνος.

640 2964 711 3032 Καὶ
732 2965 923 3046 έπικλιθεὶς
944 2967 1042 3054 λέγει.

288 3071 439 3144 XXXIV.
467 3068 735 3196 Προςφέρουεν
762 3093 831 3159 σοι,
860 3071 1042 3159 Δέσποτα,
1069 3069 1132 3144 καὶ
1157 3070 1250 3196 6669
1267 3077 1347 3146 τῶν
1364 3068 1481 3172 ἁγίων

210 3193 279 3246 σου
315 3166 453 3259 τόπων,
491 3168 556 3254 οὓς
590 3167 769 3255 ε’δόξασας
803 3178 848 3268 τῇ
876 3170 1083 3272 θεοφανείᾳ
1109 3180 1177 3247 606
1204 3177 1374 3271 Χριστοῦ
1401 3198 1479 3261 σου,

295 3444 353 3508 Cap.
371 3443 466 3493 xxxiv,
502 3443 589 3495 Multus
614 3453 650 3494 est
673 3444 702 3496 bi.
728 3447 752 3495 in
775 3446 937 3510 superadditis
959 3448 1130 3509 rogationibus.
1168 3449 1224 3497 Post
1247 3449 1350 3512 primam
1374 3446 1481 3509 vulgatae

209 3529 320 3591 liturgiae
343 3529 483 3593 petitionem
507 3538 561 3580 oroi
584 3546 628 3594 pro
653 3531 788 3594 patriarcba
812 3531 848 3580 rol
867 3530 982 3595 episcopo
1002 3540 1025 3580 et
1043 3532 1094 3582 eius
1113 3532 1178 3581 clero
1197 3557 1229 3567 -
1246 3529 1333 3596 γῆρας
1349 3527 1424 3593 αὐτῷ
1441 3532 1481 3578 τί-

208 3625 276 3679 μιον
295 3612 419 3677 χαρίσαι,
442 3607 649 3680 μακροχρόνιον
672 3607 757 3663 αὐτὸν
780 3605 955 3680 διαρίλαξον
972 3641 1003 3651 -
1022 3631 1067 3679 pro
1086 3617 1231 3680 presbyteris
1250 3626 1273 3665 et
1292 3617 1413 3675 maeonis,
1438 3632 1482 3679 pro

209 3698 359 3747 adstantibus
377 3699 555 3759 Sacerdotibus,
572 3715 616 3762 pro
635 3700 689 3762 ipso
709 3699 860 3758 celebrante,
878 3715 923 3763 pro
944 3701 1090 3762 Imperatore
1109 3710 1132 3750 et
1151 3702 1202 3752 oius
1220 3717 1303 3762 uxore,
1322 3709 1373 3750 toto
1391 3701 1482 3764 polntio

211 3792 235 3834 ot
259 3783 371 3841 exercitu,
395 3797 439 3847 pro
460 3791 542 3834 sancto
568 3784 660 3833 civitate
684 3791 708 3832 et
731 3784 791 3835 orbo
815 3784 943 3849 imperiali,
967 3785 1089 3836 bionocbis
1113 3811 1145 3820 -
1164 3813 1194 3823 -
1212 3777 1351 3853 μνήσθητι
1375 3783 1429 3832 τῶν
1453 3781 1484 3833 ἐν

211 3857 288 3931 ὄρεσι
305 3865 352 3914 καὶ
376 3864 527 3929 σπηλαίοις,
550 3861 581 3915 ἐν
604 3868 662 3922 ταῖς
686 3860 768 3922 ὀπαῖς
785 3868 830 3929 τῆς
845 3867 895 3932 γῆς
911 3861 1130 3934 ἀγωνιζομένων,
1140 3862 1226 3920 ὁσίων
1243 3870 1371 3935 πατέρων
1388 3883 1417 3918 τε
1435 3866 1484 3917 καὶ

211 3943 343 4015 ἀδελφῶν
370 3946 417 3996 καὶ
443 3948 498 3997 τῶν
522 3943 591 3998 κατὰ
619 3939 712 4000 τόπων
738 3943 899 4018 ὀρθοδόξων
927 3950 1065 4002 συνοδιιῦν
1091 3953 1138 4003 καὶ
1162 3952 1206 4018 τῆς
1230 3945 1332 4003 ἐνθάδε
1351 3950 1485 4009 συνοδίας

208 4027 289 4099 ἡμῶν
308 4061 337 4071 -
358 4049 402 4098 pro
421 4035 638 4098 peregrinantibus,
654 4051 699 4100 pro
717 4036 815 4086 senibus
834 4046 858 4087 et
875 4040 988 4100 aegrotis,
1013 4055 1058 4104 pro
1077 4040 1248 4102 navigantibus,
1274 4056 1318 4104 pro
1337 4041 1400 4089 aur-is
1420 4045 1484 4088 iom-

209 4120 284 4181 porio,
304 4120 378 4168 storiis
397 4127 420 4167 et
438 4121 515 4183 aquis,
534 4135 577 4183 pro
596 4122 751 4171 offerentibus
769 4123 881 4186 (quorum
900 4125 997 4173 nomino
1015 4126 1176 4175 recitabantur
1194 4140 1221 4174 et
1235 4125 1360 4190 Diptgobis
1379 4133 1405 4175 ut
1417 4133 1485 4175 recto

210 4202 321 4264 opinator
339 4204 510 4264 Assumonnos)
528 4220 572 4268 pro
591 4207 739 4269 parentibus,
758 4210 841 4259 otoiois
860 4225 880 4260 e.
893 4227 913 4260 a.
950 4209 1036 4260 blultoe
1061 4226 1091 4273 ou
1106 4212 1143 4261 bis
1160 4211 1316 4274 petitionibus
1336 4211 1487 4272 inuestigan-
