3044 4912
793 240 866 314 410

192 455 257 499 seer
278 433 484 514 duocndlr'ole,
512 441 578 510 sapt
606 429 662 492 der
689 428 791 506 bellipe
819 426 972 488 dohanas
996 423 1316 502 chrysostomus,
1348 418 1458 482 mardes

190 537 268 600 oieb
298 534 402 615 belline
425 533 557 595 Mdaner
584 534 624 592 im
645 528 830 609 Heiliptbum
853 525 947 605 Kopai
968 524 1099 605 canole,
1128 524 1176 586 die
1196 526 1253 585 mit
1274 520 1369 584 idaea
1389 520 1457 582 dioc
1498 499 1512 541 ²

191 649 254 711 ten,
277 637 342 699 arrd
362 635 428 698 ooli
450 631 659 713 dottessurcirt
681 648 722 692 on
744 630 799 692 der
821 628 947 709 leiiiyerr
971 625 1058 706 Yosel
1077 625 1241 690 stanneum

280 738 352 817 Cap.
374 736 478 798 xxix.
506 730 852 797 Memoriacoanao
875 746 1008 792 sacrae
1029 747 1047 790 a
1069 725 1229 788 Domino
1253 724 1461 787 institutae.

192 841 256 904 lant
278 839 429 902 Diaconus
443 835 628 899 asteriscum
653 830 732 895 tollit
752 849 770 893 e
792 829 877 894 disco
899 865 942 876 -
964 820 1075 893 οὐκέτι
1097 818 1116 890 d
1139 818 1247 910 inperio
1261 820 1323 890 dod
1336 818 1461 911 sepitur

1499 601 1513 639 d

197 934 245 1017 ὥς
260 935 346 1004 ποτὲ
366 931 518 1024 Modone
539 931 575 1000 ἐν
595 937 636 1021 τῇ
657 934 756 1018 σκηνῇ
775 935 836 996 τοῦ
856 924 1050 1014 μαρτυρίου,
1072 919 1142 993 ἀλλ’
1165 920 1462 1010 ἀνακεκαλυμμένῳ

193 1034 367 1127 πρυςώπῳ
392 1036 451 1124 τὴν
474 1032 576 1116 δόξαν
595 1037 656 1100 τοῦ
677 1030 806 1119 Κυρίου
828 1026 1040 1097 reconcedere.
1080 1031 1209 1093 ltcmoto
1231 1047 1306 1091 vero
1329 1026 1461 1092 asterisco

192 1143 314 1208 flabello
338 1143 358 1205 i.
375 1142 506 1220 e..ligno
530 1139 561 1201 in
584 1136 747 1202 Cherubini
775 1135 895 1208 taciem,
925 1134 1040 1196 alarum
1068 1131 1189 1194 senario
1217 1129 1462 1210 circumstipante
1511 1196 1513 1200 ρ

193 1246 320 1319 caelato,
348 1253 381 1307 ut
402 1241 585 1305 Terentiana
613 1250 679 1302 ntar
704 1255 779 1300 roco
806 1239 940 1318 prolana,
969 1233 1122 1296 ventulum
1153 1231 1225 1295 lacit
1246 1250 1345 1312 snper
1365 1230 1462 1293 sancho
1507 1299 1509 1308 ¹

195 1349 295 1419 donis,
324 1365 363 1407 ne
395 1342 535 1406 animalia
563 1338 718 1403 volitantia
752 1338 888 1402 incidant
915 1337 945 1398 in
980 1335 1105 1398 calicem
1138 1355 1168 1415 p.
1185 1337 1236 1399 ot.
1281 1331 1465 1412 Allogoristaa

195 1448 386 1512 {labellorum
416 1453 500 1507 motu
526 1441 756 1505 admirationem
783 1451 814 1501 et
834 1437 1094 1502 conturbationem
1118 1435 1295 1498 coelestium
1320 1432 1464 1514 spiritunon

195 1565 371 1630 expressam
400 1544 522 1616 nolunt,¹
543 1543 595 1624 qui
616 1543 654 1605 ad
675 1541 778 1604 crucia
802 1540 936 1622 stipitem
960 1547 1171 1601 convenerant.
1215 1536 1250 1598 Si
1273 1534 1357 1598 desit
1376 1531 1463 1597 mtu-
1508 1518 1514 1558 ²

196 1651 270 1724 lum,
298 1649 449 1710 Diaconos
477 1644 543 1707 relo
572 1642 762 1726 apprehenso
792 1651 822 1705 et
851 1641 936 1723 quasi
964 1639 1107 1731 manibus·
1131 1655 1269 1719 appenso
1292 1653 1380 1699 sacra
1400 1635 1464 1696 dona
1509 1722 1514 1729 .

199 1750 333 1813 ventilat.
1510 1750 1515 1759 ·

674 2403 810 2461 ‘Panldrov
833 2412 1005 2465 ventilabrum.

287 2563 482 2627 llenaldotius
504 2563 529 2624 l.
550 2582 580 2643 p.
596 2565 675 2626 211:
707 2562 890 2636 „Orationis
922 2583 997 2644 qoao
1019 2583 1035 2623 a
1059 2563 1222 2624 Sacerdote
1246 2572 1317 2642 post
1341 2564 1466 2644 hymnum

200 2665 415 2746 triumphalem
438 2684 455 2724 a
476 2663 565 2742 plebe
587 2666 701 2726 dictum
724 2667 948 2744 pronunciatur,
971 2665 1140 2726 communis
1163 2676 1210 2724 ost
1225 2665 1255 2725 in
1273 2665 1412 2726 omnihus
1426 2664 1468 2724 0l·

202 2770 282 2830 fioiis
312 2768 422 2826 iorma:
453 2764 512 2824 nisi
542 2766 622 2844 qnod
644 2766 676 2826 in
700 2767 831 2845 antiquis
854 2768 982 2837 brevior,
1013 2768 1043 2826 in
1067 2765 1135 2828 aliis
1159 2764 1314 2845 aliquanto
1339 2767 1471 2846 prolixior

204 2877 262 2930 est.
307 2864 448 2926 Omnium
472 2866 619 2927 sententia
645 2867 758 2939 eadem,
780 2886 888 2949 nempe
911 2868 1123 2929 beneficiorum
1148 2867 1200 2927 [lei
1226 2886 1297 2945 erga
1320 2869 1472 2929 humanum

206 2987 299 3049 genus
323 2966 507 3029 enumeratio
532 2986 548 3028 a
572 2967 739 3028 creatione:
765 2977 824 3028 tum
847 2987 882 3030 ox
905 2970 1039 3041 caritate,
1063 2988 1119 3048 qua
1144 2980 1215 3048 post
1236 2970 1343 3029 ddarni
1368 2969 1474 3050 lapsnnr

206 3069 346 3133 homines
375 3088 391 3130 a
419 3069 589 3148 perditione
622 3068 779 3138 revocavit,
808 3069 952 3132 mittendo
976 3070 1174 3141 Patriarchas,
1203 3079 1234 3131 et
1256 3070 1423 3150 Prophetas
1451 3082 1477 3131 et

206 3171 303 3249 legem
326 3170 441 3233 dando:
465 3172 645 3250 tandemque
668 3189 723 3249 per
743 3171 984 3234 lucarnationem
1007 3172 1153 3251 unigeniti
1176 3172 1229 3233 filii
1249 3173 1307 3242 sni,
1331 3181 1479 3251 totamque

205 3274 273 3335 eius
296 3273 327 3333 in
349 3273 439 3335 terris
462 3271 730 3352 dispensationem,
755 3282 941 3352 mortemque
964 3274 1134 3345 salutarem,
1165 3274 1322 3334 liberando
1354 3292 1370 3334 a
1394 3273 1481 3335 servi-

208 3384 272 3437 tute
295 3373 418 3435 diaboli.
463 3374 536 3436 Cum
558 3392 628 3435 vero
652 3384 721 3435 anto
744 3375 917 3452 passionem
941 3375 1076 3436 Christus
1104 3376 1332 3436 Sacramentum
1351 3375 1483 3455 corporis

208 3485 240 3537 et
262 3475 418 3553 sanguinis
441 3475 613 3546 instituerit,
637 3475 817 3554 iusseritqne
840 3476 992 3555 dpostolis
1015 3487 1045 3537 et
1068 3493 1122 3555 per
1144 3495 1196 3537 eos
1219 3474 1368 3536 Ecclesiis
1391 3477 1482 3538 omni·

207 3577 275 3650 hus,
304 3576 431 3638 utillud
454 3576 485 3638 iu
508 3576 554 3638 sui
578 3577 752 3638 memoriam
778 3576 987 3650 celebraretur,
1019 3577 1056 3638 ab
1081 3576 1201 3637 illorum
1223 3595 1320 3656 usquc
1344 3578 1485 3658 tempori·

206 3679 265 3740 bns
288 3677 520 3740 Ecclesiasticae
543 3678 722 3759 disciplinae
745 3688 887 3758 perpetua
910 3679 957 3739 lex
979 3678 1043 3750 luit,
1067 3688 1100 3740 ut
1122 3677 1256 3740 eiusdem
1287 3679 1485 3740 institutionis

208 3780 354 3842 memoria
377 3789 573 3859 repeteretur,
597 3791 627 3842 et
648 3780 752 3842 eadem
777 3780 840 3858 ipsa
857 3778 947 3840 verba
969 3778 1191 3849 adhiberentur,
1210 3779 1320 3858 quibus
1337 3780 1369 3841 in
1384 3780 1484 3842 ultima

210 3899 305 3943 coena
321 3881 458 3944 Christus
481 3901 590 3961 corpus
613 3900 700 3943 suum
724 3889 754 3941 et
772 3880 945 3958 sanguinem
962 3880 1119 3959 discipulis
1135 3880 1266 3951 tradens,
1292 3899 1367 3942 usus
1383 3882 1485 3942 luerat.

208 3983 334 4064 Quippe
348 3983 482 4061 Litnrgia
505 3991 590 4043 vetus
612 3981 692 4043 nulla
715 3981 814 4043 verbis
837 3980 897 4041 illis
920 3981 1023 4052 caruil,
1048 4001 1134 4061 quae,
1157 3992 1190 4042 nt
1204 3981 1253 4043 illa
1270 3982 1341 4044 liei:
1363 3985 1487 4045 crescite

211 4093 243 4145 et
264 4084 504 4164 multiplicamini
533 4084 620 4145 initio
649 4101 748 4145 rerum
771 4092 937 4146 creatarum
960 4082 1085 4162 prolata,
1113 4085 1172 4145 huo
1194 4102 1291 4164 nsque
1314 4094 1486 4164 operantur.

210 4187 252 4247 ita
276 4186 410 4266 quotidie
432 4206 449 4249 a
472 4184 678 4248 sacerdotibus
701 4184 826 4264 prolata,
859 4184 1030 4263 producunt
1051 4187 1213 4248 efficaciter
1236 4185 1264 4246 id
1289 4186 1370 4264 qnod
1396 4187 1487 4265 signi·

211 4289 319 4361 licant;
349 4301 381 4350 nt
404 4288 633 4366 chrysostomus
663 4286 793 4365 scripsit,
822 4285 871 4365 pie
900 4285 979 4346 iuxta
1003 4296 1033 4347 et
1056 4285 1216 4364 eleganter.
1261 4286 1377 4348 Omnes
1401 4289 1489 4367 igitur

209 4387 329 4450 illarum
353 4389 528 4450 Orationum
551 4389 696 4449 formulae
719 4389 755 4449 de
779 4388 887 4449 divinis
910 4387 1066 4450 beneficiis
1088 4397 1167 4459 sunt,
1191 4388 1287 4467 deqne
1310 4387 1420 4450 ultimo
1439 4389 1488 4449 illo

209 4489 375 4569 passionis,
410 4501 439 4552 et
461 4489 641 4553 sacramenti
664 4488 792 4550 instituti
815 4489 853 4550 ad
876 4497 1067 4569 peccatorum
1087 4488 1309 4561 remissionem,
1337 4492 1491 4571 ritanrqno
