3044 4912
649 196 805 270 *412

128 402 212 471 φερε
237 379 298 469 τὴν
321 372 459 456 Θυσίαν,
488 371 611 461 ἔβλεπε
639 376 767 465 φανερὰ
799 372 881 443 αὐτὸ
907 375 947 444 τὸ
968 372 1141 463 Πανάγιον
1162 382 1306 463 Πνεῦμα
1332 377 1395 447 ἐπι·

129 479 264 563 σκιάζον
291 478 351 547 ἐπὶ
379 477 422 544 τὰ
443 481 556 563 Δῶρα,
585 477 643 545 καί
668 474 849 568 παρρησίᾳ,
870 474 975 544 Ὅταν
1000 473 1183 562 θεάσωμαι
1211 473 1328 567 (ἔλεγε)
1347 480 1394 570 νῆν
1434 497 1439 554 t

129 577 348 670 ίπιφσίιησιν
368 585 427 645 τοῦ
444 574 557 665 ‘Ayt'ou
584 575 792 664 Πνείμαιος,
814 576 890 646 τότε
911 578 969 646 καί
988 579 1048 666 τὴν
1075 577 1307 667 Λειτουργίαν
1331 579 1394 649 lnt-
1436 618 1439 654 ι

128 680 224 749 τελῶ.
251 679 322 747 Καὶ
342 679 459 760 καθώς
474 677 600 767 ίσιορεῖ
621 680 680 747 διὰ
699 680 779 759 τοὺς
790 676 1018 759 Ἀποστόλοος
1032 675 1051 747 ὁ
1064 678 1230 769 μακάριος
1238 678 1393 767 ’Πρόκλος
1436 718 1439 757 ;

131 780 201 868 Τὴν
222 778 436 870 ε’πιφοίσησιν
458 778 677 867 προςεδώκων
697 789 757 848 τοῦ
775 778 888 869 ‘Ayr'ov
909 777 1116 865 Πνείματος,
1148 779 1248 862 ὅπως
1268 790 1309 873 τῇ
1328 780 1395 874 apta
1437 820 1439 857 5

128 877 233 951 αὐτοῦ
259 880 429 973 παρουσίᾳ
455 883 513 951 τὸν
541 878 758 967 προκείμενον
781 879 829 961 είς
847 876 1193 967 ‘leant-pylaemene,
1224 884 1285 951 καὶ
1309 878 1395 951 Οἶνον

127 979 228 1051 ὕδατι
255 984 466 1071 μεμιγμένον,
499 980 581 1051 αὐτὸ
610 983 715 1052 ἐκεῖνο
742 984 780 1051 τὸ
808 989 923 1067 Σῶμα,
954 983 1011 1051 καί
1031 977 1134 1069 Αἷμα
1159 990 1222 1053 τοῦ
1252 989 1394 1073 Σωτῆρος

127 1079 221 1173 ἡμῶν
232 1081 339 1174 Ἰησοῦ
353 1092 503 1172 Χριστοῦ
526 1082 722 1174 υίποφὴνηιε
744 1084 801 1152 καὶ
824 1081 991 1175 ἀναδείξῃ.
1010 1122 1047 1133 -
1069 1083 1190 1166 Αὐτὸς
1210 1079 1291 1154 elne
1311 1096 1395 1172 (μορ-

126 1192 218 1273 συρεῖ
232 1188 401 1274 Γερμανὸς
422 1183 441 1254 ὁ
464 1184 659 1275 ἀμείνονος)
681 1193 781 1254 τοῦτο
802 1186 872 1254 ἐστὶ
888 1185 926 1253 τὸ
940 1183 1043 1271 Σῶμά
1057 1210 1133 1270 μου.
1159 1193 1272 1255 Τοῦτο
1285 1187 1323 1256 τὸ
1335 1180 1396 1256 Al·

84 1278 94 1293 ⁴
125 1283 175 1372 μυί
188 1312 265 1374 μου.
286 1285 405 1368 Αὐτὸς
425 1288 482 1356 καί
503 1285 808 1369 ποῖςἈποσσόλοις
829 1287 989 1367 ἐκέλευσε,
1010 1287 1067 1355 καὶ
1083 1284 1125 1355 dr'
1141 1286 1278 1357 ἐκείνων
1292 1286 1393 1379 ἁπάσῃ

125 1393 166 1478 τῇ
185 1384 358 1480 Ἐκκλησία
384 1397 483 1456 τοῦτο
514 1396 638 1457 ποιεῖν.
677 1396 784 1457 Τοῦτο
814 1388 875 1475 γάρ
904 1412 987 1479 φησι
1014 1394 1144 1457 ποιεῖτε
1172 1386 1222 1470 είς
1244 1391 1305 1479 τὴν
1325 1390 1393 1478 ἐμὴν

125 1485 319 1580 ἀνάμνησιν.
360 1487 428 1557 Οὐκ
456 1486 495 1557 ah
524 1490 674 1557 ἐκέλευσε
701 1497 800 1557 τοῦτο
822 1496 950 1570 ποιεῖν,
981 1487 1011 1556 εί
1027 1489 1072 1576 με)
1096 1488 1238 1575 δύναμιν
1262 1492 1393 1581 tropon

127 1586 272 1676 ἔμελλεν,
295 1590 376 1670 dicte
398 1588 567 1658 δύνασθαι
589 1598 687 1658 τοῦτο
709 1598 831 1659 ποιεῖν.
854 1594 910 1660 καί
931 1582 1016 1680 atgaf
1032 1589 1189 1675 δίναμιςς
1210 1593 1251 1660 τὸ
1266 1601 1393 1680 Πνεῦμα
1437 1656 1439 1663 .

125 1693 165 1761 τὸ
181 1690 306 1777 ‘'Ayrov,
329 1687 349 1780 'l
373 1691 411 1772 ἐξ
430 1690 540 1779 ὕψους
561 1692 639 1771 τοὺς
658 1689 886 1772 Ἀποστόλους
907 1689 1088 1772 ὁπλίσασα,
1110 1693 1196 1761 κατὰ
1217 1695 1258 1763 τὸ
1274 1694 1393 1786 είρημὲ·

126 1817 183 1860 νον
204 1794 291 1877 πρὸς
313 1790 436 1872 αὐτοὺς
456 1790 522 1861 ὑπὸ
546 1801 604 1861 τοῦ
627 1791 771 1879 Κυρίου·
793 1792 979 1879 uastam
1002 1793 1037 1860 ἐν
1056 1800 1097 1883 τῇ
1111 1791 1219 1861 Πόλει
1239 1792 1392 1881 Ἰερουσα-

126 1893 204 1983 λὴμ,
233 1894 297 1973 ἕως
325 1891 365 1962 ih
392 1893 577 1983 ἐνδύσησθε
606 1895 745 1979 δύναμιν
767 1893 805 1977 ἐξ
824 1894 944 1984 ὕψους.
971 1901 1078 1961 Τοῦτο
1099 1895 1138 1962 τὸ
1161 1892 1260 1982 ἔργον
1282 1897 1392 1987 ίκείνρς

124 2001 185 2083 τῆς
204 1995 373 2064 καθόδου·
396 1993 435 2064 οὗ
458 1997 518 2083 γὰρ
541 1997 704 2064 κατελθὸν
727 1995 829 2077 ἅπαξ,
853 1991 924 2063 εἶτα
940 1992 1168 2064 ἀπολέλοιπεν
1183 1994 1282 2086 ἡμᾶς.
1303 1995 1393 2067 ’Alli

125 2093 204 2183 μεθ’
227 2094 320 2186 ἡμῶν
342 2098 423 2178 ἐστὶ,
444 2099 502 2166 καί
523 2096 618 2166 ἔσται
639 2098 736 2184 μέχρι
757 2098 884 2176 παντὸς
905 2095 953 2176 είς
974 2097 1032 2163 τὸν
1055 2095 1169 2164 αἰῶνα.

211 2204 273 2283 Ego
296 2224 366 2268 vero
390 2225 445 2285 pro
469 2215 552 2266 certo
575 2205 681 2278 habeo,
705 2224 741 2265 ex
762 2205 928 2284 apostolica
953 2204 1113 2265 traditione
1133 2213 1242 2283 panem
1258 2216 1290 2268 et
1304 2207 1391 2268 riuum

126 2306 297 2368 consecrari
322 2307 420 2368 verbis
443 2307 555 2369 Christi
579 2306 787 2368 eucharisticis
810 2314 840 2366 et
862 2307 998 2367 oratioue
1022 2304 1172 2367 dominica
1195 2324 1225 2384 p.
1242 2308 1262 2371 8
1279 2325 1325 2387 sq.
1345 2312 1393 2369 dc-

126 2408 219 2468 ccssit
239 2409 390 2470 invocatio
413 2409 554 2488 Spiritus,
583 2417 616 2469 ut
637 2409 716 2468 duna
738 2425 835 2481 sacra,
864 2407 894 2468 in
918 2426 1027 2487 corpus
1051 2416 1080 2467 et
1102 2408 1281 2485 sanguinem
1305 2419 1393 2470 trans·

126 2527 220 2575 versa.
245 2509 357 2587 populo
380 2509 554 2570 manifestet
575 2519 663 2589 atque
686 2508 828 2570 declaret.
839 2508 858 2584 ¹)
903 2510 998 2581 Quam
1022 2507 1186 2570 efficaciam
1204 2509 1346 2589 Spiritus,
1368 2519 1394 2571 ut

125 2609 167 2670 ita
184 2611 290 2680 dicam,
307 2610 514 2671 declarativam
531 2611 619 2671 etiarn
637 2610 726 2671 hodie
742 2610 801 2671 sihi
817 2609 956 2688 implorat
967 2611 1097 2671 Romana
1115 2610 1255 2682 ecclesia,
1272 2613 1393 2673 orando:

125 2710 198 2770 Veni
222 2711 424 2771 sanctificator
447 2722 476 2772 et
492 2713 586 2784 Quam
611 2711 810 2772 oblationem:
834 2711 945 2772 Graeca
969 2711 1090 2772 mutavit
1114 2711 1317 2774 declarantem
1334 2715 1395 2793 Spi-

125 2811 215 2871 ritum
239 2812 268 2870 iu
294 2822 549 2883 transmutantem,
573 2814 739 2890 precando:
768 2805 909 2896 ποίησον
931 2807 988 2874 τὸν
1008 2808 1069 2890 μὲν
1091 2801 1190 2892 ίίριον
1212 2817 1330 2877 τοῦτον
1350 2808 1395 2875 ri-

123 2932 202 2992 μιον
224 2914 320 2993 σῶμα
341 2916 401 2975 τοῦ
423 2915 583 2994 Χριστοῦ.
627 2916 664 2973 dt
687 2933 745 2973 nou
770 2913 805 2973 ah
830 2915 909 2974 omni
935 2923 1080 2974 vetustate
1104 2915 1181 2974 hanc
1206 2916 1395 2976 consuetudi·

125 3031 193 3075 uem
227 3035 242 3074 a
273 3016 394 3077 Graecis
429 3026 581 3095 acceptam
615 3036 692 3086 esse,
727 3016 859 3075 sobrium
894 3035 928 3075 ac
957 3015 1115 3076 candidum
1140 3016 1271 3077 iudicem
1296 3019 1398 3078 edocet

125 3117 205 3194 quod
219 3117 366 3179 [liaconus
389 3119 546 3180 sacerdote
569 3118 673 3178 rerba:
698 3119 761 3178 lloc
785 3127 830 3177 est
853 3137 961 3196 corpus
980 3116 1090 3176 rneum!
1115 3117 1299 3196 proferente,
1323 3118 1397 3178 stola

124 3235 210 3277 sacra
240 3219 318 3279 dona
349 3231 564 3280 commonstrat
593 3220 677 3298 quasi
707 3238 741 3279 ea
771 3238 841 3279 roce
871 3217 1070 3278 sanctificata:
1101 3220 1264 3298 persuadet
1286 3220 1313 3280 ei
1338 3221 1396 3280 sol·

124 3317 232 3378 lemnis
256 3320 304 3379 illa
328 3320 430 3399 propudi
455 3321 620 3382 adfirmatio
646 3323 772 3390 dunen,
805 3339 860 3398 (pua
885 3319 1045 3398 praeconio
1070 3320 1237 3381 sacerdotis
1261 3323 1397 3382 euchari·

124 3419 202 3481 stico
226 3419 272 3480 bis
296 3422 504 3499 respondetur.
527 3423 600 3482 Nam
625 3424 680 3482 hac
702 3440 774 3481 roce
798 3420 960 3499 antiquitus
985 3420 1145 3481 Christiani
1170 3424 1304 3482 confessi
1329 3435 1398 3484 suut

124 3521 235 3581 Christi
267 3524 296 3583 in
327 3542 419 3583 coena
450 3541 533 3583 sacra
562 3524 773 3602 praesentiam.
819 3523 933 3592 Quodsi
959 3522 1062 3582 Graeci
1091 3541 1155 3581 eam
1185 3526 1345 3601 proleruut
1368 3525 1397 3584 in

122 3621 181 3683 hoc
204 3624 312 3685 Missae
343 3625 439 3702 capite
468 3625 555 3703 eique
584 3625 762 3703 saepissime
791 3623 903 3683 addunt
931 3642 1005 3701 quae
1028 3626 1119 3684 relcrt
1141 3625 1309 3686 Arcadius:
1341 3648 1400 3687 πι-

122 3716 228 3785 στεύω
251 3718 354 3806 Κύριε
383 3720 439 3787 καί
467 3718 629 3807 ὁμολογῶ,
660 3719 712 3787 ὅτι
740 3721 780 3787 σί·
808 3714 838 3787 εί
866 3716 1088 3804 ὁΧριστόςὸ
1117 3718 1194 3800 Υἱὸς
1223 3729 1284 3788 τοῦ
1310 3728 1399 3790 Θεοῦ

122 3825 182 3885 ποῖ
205 3820 334 3901 ζῶντος,
357 3819 375 3889 ὁ
400 3821 510 3889 ἐλθών
532 3820 580 3902 εἰς
601 3823 658 3889 τὸν
680 3819 805 3906 κόσμον
827 3819 1042 3908 ἁμαρτωλοὺς
1064 3828 1183 3901 σῶσαι,
1205 3814 1399 3911 ὧνπρῶτος

123 3915 192 4005 εἶμι
215 3921 289 4008 ἐγώ,
323 3929 347 3989 si
373 3931 493 3990 accedat
529 3930 631 3990 eadem
667 3940 815 3990 sectarum
841 3929 1195 4006 devotiop.l;'›8.1a'›9:
1231 3932 1397 3992 verosimili

123 4028 293 4089 coniectura
317 4031 514 4110 assequimur,
539 4031 609 4091 olim
633 4032 663 4091 in
687 4031 777 4091 llissa
800 4029 935 4090 orientali
960 4029 1219 4091 consecrationem
1243 4044 1398 4110 peractam

122 4147 189 4188 esse
214 4132 401 4191 enarratione
425 4132 553 4192 Canouis
577 4132 787 4192 eucharistica.

210 4283 232 4341 ll
258 4284 333 4333 Clem.
355 4286 393 4333 14.
412 4301 435 4348 p.
446 4284 493 4334 63:
518 4309 549 4319 -
568 4278 643 4339 ὅπως
667 4276 798 4352 ἀποφήνῃ
822 4278 869 4332 τὸν
887 4275 971 4346 ἄρτον
989 4282 1086 4332 τοῦτον
1104 4282 1185 4350 σῶμα
1204 4283 1251 4333 τοῦ
1271 4283 1400 4350 Χριστοῦ

121 4362 175 4415 κτλ.
211 4368 271 4417 Sunt
289 4372 328 4431 qui
347 4366 518 4434 ἀποφαίνειν
537 4369 599 4418 idem
625 4372 760 4431 significare
779 4368 860 4419 rolunt
876 4377 946 4433 atque
966 4376 1136 4429 transmutare,
1154 4370 1198 4419 sud
1219 4372 1292 4421 male.
1330 4372 1398 4436 apud

122 4462 206 4498 omues
225 4453 356 4515 scriptores
376 4455 479 4503 Graecos
499 4453 569 4503 habet
590 4456 710 4503 notionem
732 4453 899 4503 manilestandi
919 4463 941 4502 et
960 4454 1110 4503 ostendendi.
