3044 4912
755 207 827 280 178

150 396 199 491 pit
227 393 394 466 Sacerdos
422 403 453 464 et
480 393 681 489 discooperit
708 401 930 478 accremento,
962 395 1122 490 auferens
1147 389 1258 463 eciem
1283 414 1346 487 qno
1373 401 1417 462 tc·

150 497 334 592 peliuntur:
361 495 525 567 benedicit
551 495 723 567 incensum
750 505 782 566 et
809 492 1094 591 dicit‘Corroocae,
1121 492 1193 564 olto
1218 515 1310 564 oocc.

229 613 377 686 Gratia
402 612 573 685 Domini
602 612 743 684 nostri
770 612 867 684 lesu
888 610 1075 710 Christi:
1104 621 1145 683 et
1171 609 1417 683 cariteslle,

150 933 211 982 quse
229 925 409 967 consecrentur.
444 915 564 965 Sacerdos
588 915 692 966 accessit
715 922 741 964 ut
758 923 820 975 oret,
845 922 870 964 nt
888 914 940 964 eius
957 914 1132 965 intercessione
1149 927 1195 979 pax
1213 912 1385 977 multiplicetur
1401 913 1417 962 ιι

149 1003 225 1052 robis.
261 1000 350 1050 Oculos
367 1007 460 1049 vestros
479 1000 592 1049 deorsum
612 1000 737 1060 demittite,
755 1007 779 1048 et
797 1008 900 1048 mentem
920 1006 1022 1048 vestram
1041 998 1168 1060 diligenter
1190 1005 1272 1048 curate
1291 998 1316 1046 iu
1334 997 1417 1047 coelun

150 1087 242 1137 lerere:
267 1085 341 1148 petite
359 1091 383 1135 et
400 1083 527 1134 obsecrate
544 1084 592 1134 boc
608 1092 733 1149 tempure:
757 1098 877 1149 nemoque
896 1083 962 1147 loqui
981 1082 1080 1133 eudeat:
1105 1090 1128 1131 et
1146 1082 1186 1147 qui
1204 1090 1260 1133 orat
1277 1082 1351 1133 corde
1367 1088 1417 1142 oret,

149 1171 174 1220 iu
191 1169 288 1220 silentio
308 1177 331 1219 et
348 1177 454 1219 tremore
472 1176 643 1233 permanente:
662 1183 708 1233 pas
726 1168 861 1219 nobiscum.
896 1167 930 1217 lte
949 1168 972 1216 iu
987 1166 1057 1216 blissa
1069 1165 1221 1225 ιιιιιιιιιιεε,
1239 1167 1300 1216 satie
1318 1166 1417 1216 obscure

149 1255 176 1303 ln
200 1253 250 1303 illis
273 1238 352 1303 v'erbis
370 1252 445 1303 latent
463 1254 582 1303 formulae
599 1262 692 1303 veteres
709 1253 874 1303 hortationum
892 1267 905 1301 a
924 1251 1036 1301 Diaconis
1054 1250 1101 1300 alte
1120 1266 1178 1300 roco
1194 1250 1352 1314 pronunciari
1368 1248 1417 1300 suli·

149 1346 236 1388 tarum.
271 1335 390 1402 Σιῶμεν
412 1333 510 1397 καλῶς,
534 1329 712 1401 πρόσχωμεν.
747 1336 815 1400 Apud
839 1335 976 1386 Orientrles
1002 1335 1162 1395 Christianos,
1185 1341 1212 1383 ut
1235 1334 1299 1384 iuter
1322 1335 1417 1384 Greecve

149 1423 200 1471 lieri
220 1421 294 1478 solet,
312 1420 383 1484 penis
401 1427 425 1468 et
443 1418 504 1468 calix
520 1427 617 1483 praeter
635 1403 757 1482 siuguiere
775 1419 853 1469 telum
872 1435 920 1484 quo
939 1428 1039 1484 uterque
1058 1420 1153 1480 tegitur,
1178 1417 1264 1468 maiori
1282 1418 1349 1482 quod
1365 1420 1417 1466 bue·

149 1506 251 1570 pboram
270 1505 322 1568 Spri
341 1504 382 1553 alii
401 1511 495 1563 vocant,
514 1504 637 1567 operitur;
661 1504 755 1553 tollitur
772 1513 851 1554 eutem
872 1505 949 1553 maius
968 1503 1037 1562 illud,
1060 1518 1114 1554 cum
1133 1503 1247 1567 incipitur
1265 1516 1335 1552 sacra
1352 1501 1417 1551 actio:

149 1598 173 1639 et
191 1590 220 1639 de
238 1587 281 1637 illo
301 1589 361 1637 hece
379 1587 480 1636 Rubrica
499 1586 653 1650 intelligenda
672 1597 717 1647 est,
741 1604 789 1639 nou
810 1590 839 1637 de
858 1589 1001 1648 minoribus,
1021 1589 1167 1639 Graecorum
1186 1587 1232 1636 hac
1248 1586 1273 1635 iu
1292 1594 1361 1650 parte
1376 1584 1417 1634 die·

49 1709 54 1720 .
149 1673 272 1743 tintinant,
297 1686 358 1734 quae
382 1685 459 1734 prope
483 1672 567 1720 eedem
586 1681 622 1722 est
641 1674 694 1721 luse
713 1681 736 1722 et
754 1681 865 1722 accurate
883 1673 986 1737 explicet
1005 1672 1106 1722 Goerius
1125 1672 1155 1722 ad
1173 1672 1306 1733 Litnrqiam
1324 1671 1417 1733 Chryso·

149 1757 229 1806 stomi.
266 1754 326 1805 iiiuc
344 1755 428 1820 incipit
445 1754 564 1804 Praelatio
583 1762 609 1804 ut
626 1755 695 1817 vulgo
715 1756 824 1807 dicimus.
860 1757 929 1816 Quod
955 1764 1033 1806 nutem
1053 1756 1083 1805 ite
1102 1755 1155 1819 Syri
1174 1754 1311 1805 Orientalee
1329 1767 1417 1818 exprae-

48 1882 56 1890 .
148 1842 348 1891 seriutGraecam
367 1839 495 1888 lormulem
508 1827 581 1887 'Aroe
595 1831 648 1903 ⁴uic
664 1837 787 1904 καρδίας,
806 1849 830 1889 ει
848 1841 894 1889 eliu
913 1839 1063 1890 addiderint:
1082 1839 1169 1901 utille,
1188 1838 1252 1904 apud
1266 1837 1417 1889 teeuutlleua

148 1922 277 1985 Abraham,
302 1918 366 1973 lleus'
383 1923 460 1984 lseac,
484 1923 549 1972 lleus
567 1921 651 1982 lsrael,
677 1923 734 1973 ieris
759 1925 873 1974 momenti
899 1932 944 1983 est,
971 1938 1024 1973 cum
1042 1924 1160 1973 sententie
1180 1922 1264 1973 cadem
1284 1923 1323 1973 sit.
1358 1919 1417 1981 οισι

147 2009 258 2073 aequiter
274 2007 371 2058 oblatio
389 2006 439 2056 Deo
458 2008 566 2057 omnium
576 2006 679 2057 liomiuu
698 2009 807 2069 offertur,
824 2008 882 2056 verti
901 2015 982 2072 potest
998 2016 1022 2057 et
1039 2022 1099 2057 eane
1117 2007 1204 2057 melius
1222 2005 1417 2057 sacrificiumbet

148 2094 263 2143 offertur:
281 2105 324 2142 vor
343 2093 405 2140 enim
426 2092 478 2155 ipsa
497 2106 559 2156 quae
577 2093 676 2157 proprie
694 2091 765 2142 etad
783 2092 882 2141 verbum
899 2084 1072 2156 apocvpopeir,
1090 2107 1132 2141 seu
1142 2092 1292 2143 oblationem
1302 2090 1417 2153 significet,

87 2169 92 2177 ’
147 2192 192 2241 pro
216 2177 335 2226 sacrillcio
360 2177 459 2240 proprie
484 2177 548 2226 dictu
572 2177 715 2240 saepissimo
733 2183 872 2240 usurpetur.
909 2177 972 2225 llaec
989 2191 1045 2226 vero
1063 2177 1134 2227 verbe
1152 2176 1176 2226 iu
1194 2177 1249 2227 aliis
1268 2175 1363 2227 Oltlciis
1379 2186 1417 2225 uer

147 2262 308 2326 reperiuntur,
333 2260 477 2310 acdeorum
497 2261 551 2312 loco
572 2261 665 2312 Gratius
684 2274 782 2324 uqemus
800 2259 911 2310 Domino.
948 2260 1011 2310 lllud
1029 2275 1125 2326 quoque
1142 2261 1265 2325 singulare
1285 2266 1322 2309 eet
1339 2260 1363 2309 iu
1380 2258 1417 2308 rite

146 2345 299 2406 lleetoriano,
323 2343 389 2408 quod
413 2344 574 2408 interponitur
598 2345 689 2396 incensi
714 2344 845 2408 impositio,
869 2352 893 2394 et
911 2344 987 2395 oratio
1006 2354 1108 2407 secrete,
1132 2344 1162 2395 ed
1180 2345 1282 2406 pretinm
1301 2342 1417 2410 postulau-

147 2430 212 2490 dem,
236 2443 290 2480 cum
315 2429 338 2477 iu
363 2426 417 2476 aliie
435 2426 527 2477 Olilciie
545 2429 625 2478 statim
643 2436 700 2493 poet
717 2429 818 2491 Dignum
838 2436 861 2478 et
879 2430 967 2479 lustum
987 2436 1024 2478 est
1041 2426 1160 2480 Secerdbs
1179 2429 1280 2493 incipiet
1297 2426 1417 2492 praelatir

147 2529 202 2563 uem
228 2514 257 2563 eb
282 2512 366 2562 iisdem
392 2511 479 2571 verbis,
503 2526 604 2575 eamque
628 2526 676 2561 nno
700 2520 785 2561 tenore
803 2527 880 2576 nsque
898 2513 926 2562 ed
946 2515 1059 2576 bpmuum
1079 2514 1239 2564 cherubicum
1257 2518 1417 2576 prosequetur.

147 2598 172 2646 lu
191 2597 321 2647 codicibus
339 2596 462 2644 Ecclesiae
479 2595 638 2645 blelabaricae
662 2597 749 2657 legitur·
773 2597 856 2645 eedem
875 2599 961 2658 cretio,
987 2607 1012 2647 ut
1029 2608 1167 2662 sequentes,
1191 2598 1215 2647 iu
1234 2598 1324 2661 quihus
1342 2599 1417 2647 iteruri

148 2680 390 2730 commemorationes
415 2681 473 2727 liunt
497 2687 650 2741 sanctornm
675 2695 729 2728 mor
754 2683 857 2729 virorum
883 2690 906 2731 et
931 2691 1090 2743 morinorum,
1116 2682 1180 2746 qnod
1199 2682 1223 2731 in
1241 2681 1297 2730 aliis
1317 2680 1417 2742 liturgiis

147 2767 288 2813 obsecratur
307 2771 361 2811 ante
380 2764 596 2822 consecrationem,
615 2763 733 2835 prolixiup¹
749 2765 821 2813 etiem
840 2765 968 2829 aliqnando
987 2767 1117 2816 interiectis
1136 2766 1234 2815 liiecoui
1254 2767 1417 2815 monitionibus

147 2849 177 2898 ad
197 2848 323 2907 orandum,
343 2855 366 2896 et
384 2847 467 2910 populi
487 2848 610 2911 precihus,
629 2848 698 2910 llyric
716 2846 819 2908 eleison,
839 2852 984 2913 repetentis:
1003 2859 1028 2900 nt
1046 2851 1188 2914 praesertim
1207 2851 1230 2898 in
1242 2849 1316 2900 Marci
1328 2852 1417 2907 Graece,

148 2942 172 2983 et
189 2932 270 2996 Cprilli
290 2933 397 2995 Coptica,
422 2946 483 2996 quae
507 2940 563 2981 suut
586 2932 679 2981 eedem.
716 2933 742 2981 lu
761 2933 864 2996 Syriacis
883 2934 1043 2984 iacobiternm
1062 2936 1141 2984 stetim
1159 2934 1302 2999 proceditur
1321 2935 1351 2984 ed
1369 2949 1417 2983 con⁴

146 3018 315 3067 secretionem.
352 3017 376 3064 lu
396 3015 449 3065 Ritu
467 3016 551 3065 Letino
571 3018 813 3067 commemorationes
832 3026 980 3078 sanctorum,
999 3027 1022 3068 et
1040 3020 1144 3069 vivorum
1162 3021 1360 3083 praemittuntur,
1383 3016 1417 3068 sed

146 3101 300 3166 paucioribus
318 3100 404 3150 verbis.

232 3187 352 3234 Praelatio
368 3183 546 3234 Theodori:
570 3184 671 3234 Sursum
698 3187 720 3234 iu
746 3186 833 3236 excelsi
858 3186 1012 3244 sublimibus,
1039 3188 1062 3236 iu
1081 3189 1180 3250 regione
1198 3188 1306 3238 timenda
1324 3187 1417 3249 gloriae,

146 3269 186 3318 ubi
206 3284 254 3318 nou
273 3277 369 3318 cessent
388 3268 518 3317 Cherubim
537 3268 588 3317 alas
607 3283 664 3318 sues
683 3271 781 3331 agitare,
805 3272 1014 3337 neque-desinunt
1031 3271 1097 3319 iubili
1118 3279 1141 3321 et
1159 3271 1243 3321 leudes
1261 3287 1349 3321 sueres
1366 3286 1417 3321 sen·

146 3354 316 3402 ctillcationnm
328 3350 471 3414 Seraphim,
490 3353 522 3401 ibi
541 3353 589 3403 siut
608 3363 700 3403 meotes
719 3364 819 3404 vestrae.
855 3357 884 3404 Et
903 3357 1058 3418 respondent.
1077 3356 1138 3405 Sunt
1155 3357 1219 3419 upnd
1238 3364 1261 3405 te
1271 3357 1344 3406 Dens.
1379 3356 1417 3405 Sa·

146 3437 233 3486 ce'rdos
250 3436 413 3500 prosequitur.
443 3435 537 3484 Oblatio
565 3437 613 3485 vire
638 3446 661 3486 et
683 3439 834 3488 rationabilis
858 3439 1017 3502 primitiarum
1042 3447 1190 3500 nostrerum,
1214 3442 1358 3505 victimaque
1377 3452 1417 3489 nou

145 3522 277 3580 immolem,
296 3529 319 3570 ει
337 3519 492 3583 acceptabilis
511 3520 564 3569 Filii
582 3523 677 3582 generis
696 3525 780 3584 nostri,
806 3538 850 3586 pru
869 3523 982 3572 omnibns
1001 3525 1118 3573 creaturis
1137 3524 1277 3584 universim,
1300 3524 1352 3573 lieo
1371 3536 1417 3573 orn·

145 3608 211 3655 nium
231 3605 333 3654 Domino
353 3606 461 3655 offertur.
497 3604 526 3653 Et
544 3608 700 3668 respondent.
726 3608 826 3669 Dignum
846 3615 868 3655 ει
888 3607 975 3655 iustum
995 3616 1039 3656 est.
1075 3607 1203 3658 llieconus.
1223 3608 1417 3658 Paxnobiscum

145 3690 264 3739 Sacerdos
283 3698 385 3739 secreto.
405 3690 506 3749 Dignum
526 3698 562 3737 est
580 3689 681 3739 Domine
700 3692 815 3755 qnotidie,
832 3699 855 3740 et
873 3692 960 3739 iustum
981 3693 1045 3740 omni
1065 3701 1182 3755 tempore,
1207 3707 1362 3757 amnemque
1380 3693 1417 3740 bo

145 3775 178 3822 ris
198 3775 309 3823 omnibus
328 3776 417 3836 pretias
435 3789 506 3836 agere
525 3775 616 3823 nomini
635 3783 675 3824 tuo
694 3784 788 3836 sencio,
807 3785 831 3825 et
848 3777 949 3826 educare
968 3778 1117 3826 nraiestetem
1136 3785 1200 3826 tuem
1214 3778 1239 3826 iu
1249 3778 1315 3826 omui
1325 3779 1417 3840 regione

145 3866 168 3907 et
187 3859 256 3907 loco:
275 3867 297 3907 te
317 3858 380 3907 Deus
398 3858 468 3908 Peter
486 3860 590 3907 veritatis
609 3861 648 3923 qni
667 3862 749 3910 existis
767 3861 797 3909 ab
815 3869 922 3922 aeterno,
941 3861 1068 3910 etlilium
1087 3870 1154 3910 tuum
1172 3863 1321 3924 unigenitum
1341 3863 1417 3912 llom'r

145 3957 202 3990 uum
228 3951 337 3991 nostrum
361 3943 441 3991 lesum
461 3943 591 4003 Christum,
617 3953 640 3993 et
658 3945 773 4008 Spiritum
793 3954 901 3995 sanctum
927 3947 950 3996 in
970 3947 1066 3995 saecule
1085 3947 1253 3997 saeculorum:
1279 3949 1335 4012 quie
1355 3957 1379 3997 tu
1397 3961 1417 3996 et

144 4026 260 4076 Dominus
279 4035 303 4075 et
320 4027 431 4077 conditor
454 4028 561 4077 omnium
581 4029 709 4078 visibilium
728 4039 752 4080 et
770 4031 937 4081 invisibilium:
962 4031 1002 4095 qui
1020 4045 1064 4093 per
1082 4031 1168 4080 Filium
1186 4040 1254 4091 tunm
1272 4034 1417 4095 unigenitum

144 4108 218 4158 Deum
238 4109 339 4159 Verbum
365 4112 404 4175 qui
429 4120 465 4161 est
490 4111 529 4162 lus
553 4113 645 4175 gloriae
670 4122 733 4176 tuse,
756 4123 780 4164 et
803 4114 920 4178 splendor
944 4129 972 4164 ει
995 4122 1018 4164 ιε
1043 4117 1170 4180 imeqoque
1187 4116 1339 4167 substantiae
1358 4126 1417 4176 tuae,

143 4194 230 4242 creasti
255 4202 279 4243 et
302 4196 447 4244 constituisti
472 4196 565 4247 coelum
589 4206 613 4247 et
635 4206 734 4257 terrem,
758 4206 782 4249 ut
805 4201 885 4249 omnia
913 4214 974 4262 quee
998 4200 1023 4249 in
1042 4202 1077 4250 eis
1095 4209 1158 4250 suut.
1195 4201 1223 4250 Et
1241 4215 1287 4265 per
1304 4202 1417 4266 Spiritum

142 4285 261 4337 sunctum,
280 4278 394 4341 Spiritum
414 4281 527 4339 reniteris,
545 4283 586 4345 qni
605 4297 632 4330 er
651 4291 673 4332 te
692 4284 817 4342 estPeter,
835 4299 920 4333 omnes
939 4293 1038 4352 netnree
1056 4285 1196 4345 rationales,
1215 4285 1323 4335 risibiles
1344 4296 1367 4336 et
1385 4288 1417 4336 iu·

144 4361 248 4410 risibiles
266 4364 442 4422 conlortentur,
460 4366 648 4427 sanctificentur,
667 4368 799 4432 dignaeque
818 4371 885 4429 llnnt,
904 4370 1024 4418 referendi
1044 4369 1139 4419 leudem
1158 4370 1274 4419 divinitati
1292 4380 1348 4420 tuac
1363 4371 1417 4421 edo·

142 4443 246 4501 rendae,
275 4447 335 4505 Quin
361 4462 442 4498 eorem
460 4456 484 4498 te
502 4449 572 4500 Peter
596 4467 660 4512 rere,
688 4460 712 4502 et
738 4467 820 4503 curem
844 4453 905 4503 Filio
933 4461 972 4502 tuo
1000 4454 1121 4517 unigenito
1139 4454 1243 4506 Domino
1261 4464 1348 4507 nostro
1367 4457 1417 4507 lesu
