3044 4912
742 180 790 255 62

145 394 149 403 ·
190 360 283 449 ’Καὶ
307 375 326 447 ὁ
349 374 532 467 ἀρχιερεύς·
560 364 640 439 ἀνω
665 363 732 439 τὸν
756 372 861 441 νοῦν.

212 498 283 567 Καὶ
303 495 441 577 πάντες·
466 484 599 578 ἔχομεν
623 482 714 583 πρὸς
737 482 805 559 τὸν
830 478 971 582 κόριον.
981 483 1003 581 1)

212 617 283 685 Καὶ
308 613 326 684 6
350 612 532 704 ἀρχιερεύς·
557 599 881 700 εῦχαριστήσωμεν
906 609 959 701 τῷ
986 596 1116 701 κυρίῳ.

213 735 285 803 Καὶ
305 730 445 813 πάντες·
473 719 578 813 ἄξιον
601 718 665 793 καὶ
691 719 848 795 δίκαιον.

212 853 283 922 Καὶ
303 848 322 921 6
345 848 513 942 ἀρχιερεὺς
540 849 687 921 εἰπάτω·
712 840 835 923 ’Άξιον
868 837 919 923 ὡς
954 838 1107 934 ἀληθῶς
1138 836 1202 912 καὶ
1238 835 1398 929 δίκαιον,

127 956 199 1059 πρὸ
231 955 385 1032 πόντων
418 957 601 1054 ἀνυμνεῖν
634 981 673 1030 σε
705 956 773 1032 τὸν
805 959 922 1041 ὅντως
955 958 1046 1031 ὅντα
1082 954 1193 1045 Θεὸν,
1225 956 1296 1032 τὸν
1329 957 1398 1058 πρό

126 1085 205 1153 τῶν
229 1082 419 1178 γεννητῶν
445 1077 549 1163 ὄντα,
586 1078 625 1173 ἐξ
649 1068 694 1149 οὗ
719 1084 822 1149 πᾶσα
847 1074 984 1175 πατριὰ
1010 1078 1052 1150 ἐν
1077 1075 1228 1175 οὐρανῷ
1251 1075 1317 1150 καὶ
1344 1074 1399 1150 ἐπὶ

125 1203 193 1301 γῆς
220 1191 438 1291 ἀνοιιιοίζεται
466 1212 670 1293 (Eph.3,15),
703 1192 771 1268 τὸν
802 1191 923 1290 μόνον
959 1193 1163 1296 ἀγέννητον
1192 1193 1257 1268 καὶ
1283 1196 1399 1295 ἀναρ-

123 1342 195 1411 χον
219 1314 284 1389 καὶ
310 1312 570 1410 ἀβασίλευτον,
596 1312 660 1386 καὶ
686 1312 905 1402 ἀδέσποτον,
931 1310 998 1388 τὸν
1025 1312 1194 1410 ἀνενδεῆ,
1220 1311 1288 1388 τὸν
1305 1341 1400 1388 παν-

125 1433 190 1517 τὸς
221 1432 376 1535 ἀγαθοῦ
403 1429 580 1531 χορηγὸν,
612 1429 680 1506 τὸν
705 1428 824 1526 πάσης
851 1431 971 1515 αἰτίας
995 1431 1059 1506 καὶ
1083 1432 1258 1533 γενέσεως
1282 1430 1401 1528 κρείτ-

126 1580 232 1639 τονα,
264 1548 333 1623 τὸν
364 1546 522 1623 πάντοτε
552 1548 649 1622 κατὰ
682 1547 729 1623 τὰ
764 1549 861 1625 αῦτά
891 1551 955 1624 καὶ
988 1547 1161 1635 (ῦςαῦτως
1185 1552 1337 1645 ἔχοντα·
1364 1553 1403 1636 ἐξ

32 1660 36 1671 ’
128 1663 174 1746 οὗ
198 1666 245 1743 τά
271 1666 408 1755 πάντα,
434 1662 607 1764 καθάπερ
634 1668 674 1741 ἔκ
698 1696 798 1752 τινος
823 1668 1036 1767 ἀφετηρίας,
1063 1674 1113 1752 ελς
1132 1667 1175 1742 τὸ
1193 1666 1288 1743 εἶναι
1304 1698 1402 1769 παρ-

126 1788 287 1884 ήλθενβ)
341 1784 388 1860 σὺ
421 1784 493 1886 γὰρ
527 1783 559 1858 ελ
589 1784 612 1880 ἡ
640 1787 802 1882 ἄναρχος
833 1794 983 1889 γνῶσις,
1014 1786 1038 1883 ή
1064 1786 1185 1870 ἀίδιος
1210 1786 1401 1885 όρασις,ή

128 1906 327 2009 ἀγέννητος
360 1904 464 2000 ἀκοή,
498 1903 521 2000 ή
556 1903 757 1988 ἀδίδακτος
790 1904 921 2004 σοφία·
960 1905 980 1979 6
1017 1914 1161 2003 πρῶτος
1192 1913 1238 2001 τῇ
1276 1902 1401 2005 φύσει,

125 2025 190 2102 καὶ
214 2021 330 2124 νόμος
354 2032 408 2122 τῷ
435 2021 542 2112 εἶναι,
569 2023 632 2097 καὶ
657 2021 835 2120 κρείττων
859 2022 999 2107 παντὸς
1019 2024 1201 2120 ἀριθμοῦ.
1232 2023 1288 2097 Τά
1304 2022 1403 2101 πάν-

125 2175 173 2219 τα
206 2147 247 2219 ἐκ
277 2150 345 2219 τοῦ
369 2140 423 2239 μὴ
448 2142 555 2226 ὄντος
581 2122 632 2226 ἀς
656 2142 698 2217 τὸ
725 2140 819 2218 εἶναι
845 2140 1076 2244 παραγαγών
1102 2140 1166 2216 διδ
1190 2149 1261 2217 τοῦ
1285 2171 1403 2237 μονο-

126 2271 258 2364 γενοῦς
290 2285 359 2337 σου
391 2262 493 2338 υἱοῦ·
529 2259 647 2336 αῦτὸν
679 2259 720 2336 δὲ
753 2261 825 2359 πρὸ
857 2259 1012 2337 πόντων
1044 2257 1195 2336 αλαίνων
1218 2256 1402 2363 γεννήσας

125 2378 314 2483 βουλήσει,
347 2379 411 2454 καὶ
443 2376 602 2473 δυνάμει
609 2435 622 2468 ,
654 2378 718 2453 καὶ
751 2374 959 2480 ἀγαΘότητι
969 2435 982 2469 ,
1016 2376 1281 2476 ἀμεσιτεότως,
1314 2381 1403 2457 υἱόν

127 2505 332 2601 μονογενῆ,
367 2493 479 2596 λόγον
515 2495 626 2584 Θεὸν,
658 2496 796 2594 σοφίαν
832 2496 977 2587 ζῶσαν,
1009 2494 1247 2595 πρωτότοκον
1279 2494 1437 2599 πόσης-ζ,-

126 2621 277 2698 κτίσεως
302 2633 422 2710 (Coki,
442 2635 503 2707 15),
538 2614 695 2714 ἄγγελον
719 2621 784 2709 τῆς
808 2612 967 2717 μεγάλης
991 2618 1130 2714 βουλῆς
1155 2641 1223 2691 σου
1249 2637 1301 2711 (Is.
1314 2639 1400 2716 66),

127 2732 297 2833 ἀρχιερέα
332 2730 412 2820 σὸν,
444 2732 601 2829 βασιλέα
633 2729 673 2806 δὲ
707 2731 770 2807 καὶ
794 2730 925 2832 κόριον
951 2732 1069 2832 πόσης
1094 2744 1226 2833 νοητῆς
1250 2735 1314 2811 καὶ
1342 2743 1400 2811 αλ-

128 2857 270 2948 σΘιμής
296 2847 454 2950 φύσεως,
481 2848 548 2924 τὸν
573 2848 645 2946 πρὸ
671 2846 838 2939 πόντων,
865 2851 916 2927 δι’
947 2846 992 2927 οὗ
1014 2854 1061 2927 τά
1077 2851 1217 2929 πάντα·
1245 2854 1293 2929 σὺ
1310 2855 1398 2957 γάρ,

131 2970 194 3045 Θεὲ
227 2967 365 3057 αλιόνιε,
402 2968 452 3042 δι’
492 2969 608 3042 αὐτοῦ
641 2966 688 3042 τά
718 2966 843 3044 πάντα
867 2970 1077 3068 πεποίηκας,
1110 2972 1173 3047 καὶ
1198 2971 1249 3047 δι’
1281 2974 1399 3049 αὐτοῦ

126 3099 190 3187 τῆς
222 3083 470 3189 προςηκοόσης
495 3086 672 3186 προνοίας
694 3087 742 3161 τά
769 3087 837 3162 όλα
864 3089 987 3174 ἀξιοῖς.
1027 3089 1078 3165 δι’
1110 3085 1155 3166 οὗ
1179 3089 1252 3193 γάρ
1279 3089 1322 3166 τὸ
1349 3092 1399 3166 ελ-

38 3268 51 3293 „
127 3238 190 3286 ναι
223 3209 396 3305 ἐχαρίσω,
430 3204 480 3280 δι’
512 3206 630 3281 αὐτοῦ
663 3205 726 3280 καὶ
756 3207 800 3282 τὸ
833 3208 874 3283 εὖ
900 3208 994 3285 εἶναι
1019 3206 1207 3308 ἐδωρήσω.
1260 3208 1281 3284 6
1311 3210 1400 3295 Θεὸς

1 3305 2 3319 ¹
127 3326 189 3402 καὶ
215 3325 334 3423 πατὴρ
360 3332 428 3399 τοῦ
454 3332 681 3427 μονογενοῦς
704 3326 792 3401 υἱοῦ
818 3351 903 3400 σου·
930 3326 951 3401 ὃ
978 3325 1029 3401 δι’
1060 3329 1177 3403 αὐτοῦ
1203 3328 1276 3427 πρὸ
1301 3326 1397 3404 ποίν-

125 3475 203 3521 των
236 3440 388 3541 ποιήσας
419 3441 466 3517 τά
492 3443 689 3545 Χερουβὶμ
714 3443 848 3520 καὶτὰ
875 3444 1067 3544 Σεραφὶμ,
1103 3442 1244 3532 αἰῶνός
1269 3478 1307 3522 τε
1335 3448 1397 3523 καὶ

125 3562 303 3663 θρόνους,
344 3561 593 3664 ἀρχαγγέλους
627 3592 666 3637 τε
704 3563 767 3637 καὶ
807 3563 998 3666 ἀγγέλους·
1040 3564 1103 3639 καὶ
1143 3565 1235 3661 μετὰ
1275 3574 1397 3643 ταῦτα

125 3681 261 3773 πάντα,
294 3679 448 3779 ποιήσας
480 3679 532 3755 δι’
570 3680 686 3756 αὐτοῦ
717 3680 786 3757 τὸν
818 3680 1047 3780 φαινόμενον
1079 3692 1214 3759 τοῦτον
1238 3680 1395 3782 κόσμον,

214 3940 236 3999 l)
254 3941 416 4004 chrysost.
441 3937 530 3987 Hamil.
553 3933 617 4001 περὶ
639 3936 803 4004 μετανοίαςε
828 3930 996 4005 ἀνασχώμεν
1018 3931 1098 4007 ήμῶν
1121 3933 1170 3989 τόν
1192 3938 1261 3990 νοῦν
1283 3938 1332 3991 καλ
1348 3936 1398 4000 τὰς

126 4018 249 4090 καρδίας.
285 4023 393 4088 cyrill.
412 4023 427 4073 1.
442 4038 464 4072 c.
482 4014 552 4088 μετὰ
568 4022 646 4070 τοῦτο
663 4020 717 4084 βοᾷ
733 4012 747 4070 6
765 4013 865 4087 ἱερεύς·
884 4014 942 4071 ἀνω
961 4016 1008 4079 uic
1024 4020 1140 4093 καρδίας
1157 4050 1188 4061 -
1207 4014 1396 4091 εἷταδποκρί-

73 4152 77 4157 .
125 4108 223 4159 νεσθε·
241 4103 344 4173 ἔχομεν
361 4101 430 4172 πρὸς
446 4103 494 4155 τὸν
511 4098 614 4171 κόριον.
632 4095 700 4154 Bw
718 4099 733 4157 6
750 4100 839 4175 ἱερεὺς
855 4105 941 4173 λέγει·
960 4100 1203 4177 εῦχιιριστήσωμεν
1220 4108 1258 4172 τῷ
1266 4112 1396 4175 κυρίῳ-
1418 4164 1423 4173 Ι

126 4182 184 4241 εἶτα
199 4190 300 4256 λέγετε.
325 4179 403 4246 ἀξιον
420 4188 467 4239 καλ
486 4186 602 4240 δίκαιον.
1407 4178 1414 4195 ”

211 4275 236 4335 2)
254 4293 274 4325 v.
293 4277 377 4340 [λιες.
397 4276 412 4325 Ι.
426 4291 446 4325 c.
466 4291 489 4339 p.
500 4276 563 4325 125:
590 4274 718 4336 „Bemerkt
735 4290 763 4325 zu
781 4276 877 4327 werden
894 4278 1001 4328 ιειδίεοι
1018 4278 1061 4329 der
1078 4278 1169 4340 Begriff
1183 4280 1226 4329 der
1243 4280 1395 4345 Schoprung,

126 4359 169 4409 der
187 4360 248 4408 nahe
267 4376 295 4410 an
315 4362 359 4411 den
379 4359 637 4423 Emanations-Begriff
651 4360 731 4410 ιιιιίῐι
754 4361 803 4411 und
821 4362 864 4412 mit
881 4362 920 4413 ιίο
938 4361 1028 4414 Βοωείε
1047 4379 1091 4413 von
1110 4364 1164 4414 dem
1183 4363 1248 4416 Alter
1264 4364 1310 4415 der
1327 4367 1395 4417 Con·

125 4442 266 4494 οῑίιοῑίοοιο
285 4446 323 4496 ist.

788 4608 800 4635 Ν
