3044 4912
609 279 711 353 ’97

435 457 473 529 Ὁ
496 459 602 550 ἱεροὺς
622 459 798 549 ἐποίχεται
818 460 932 549 λέγων.

10 630 12 637 .
133 565 300 640 Δέσποτα
333 565 486 656 ζωοποιὲ
519 565 583 640 καί
614 573 693 641 τῶν
719 567 882 668 ἀγαθῶν
904 564 1053 668 χορηγδ,
1087 566 1107 644 ό
1134 568 1225 655 δοὺς
1247 578 1326 659 τοῖς

68 663 269 766 ἆνόρουιοις
291 667 362 764 τὴν
386 668 578 766 μακαρίαν
602 666 733 742 ἐλπίδα
757 675 822 765 τῆς
847 669 1003 742 αίωνίου
1030 669 1136 766 ζωῆς,
1162 671 1229 748 τὸν
1247 672 1326 750 Κύ-

10 846 12 851 ,
69 796 137 867 ριον
156 766 267 866 ἡμῶν
284 769 432 866 Ἰησοῦν
450 767 631 866 Χριστὸν,
657 769 890 855 καταξίωσον
900 768 1000 866 ἡμᾶς
1018 773 1060 847 ἐν
1072 771 1247 874 ἁγιασμῷ
1261 776 1327 851 καί

69 868 188 968 ταίπην
214 875 275 945 σοι
298 870 369 967 τὴν
393 869 508 946 θείαν
533 871 733 945 ἐπιτελέσαι
758 870 1003 974 λειτουργίαν,
1041 879 1092 958 είς
1117 873 1326 954 ἀπόλαυσιν

68 981 119 1068 τῆς
138 969 338 1069 μελλούσης
361 969 640 1071 μακαριότητος.

581 1099 636 1172 Ἐκ
732 1127 795 1184 σις.

10 1202 12 1275 ἶ
120 1207 241 1292 Ὅπως
272 1205 346 1284 ὑπὸ
377 1214 446 1283 τοῦ
478 1100 734 1307 cedeonem
759 1205 917 1285 πάντοτε
944 1206 1228 1309 φυλαττόμενοι,
1262 1213 1326 1289 καί

69 1313 109 1393 εἰς
130 1318 208 1409 φῶς
233 1306 696 1412 ἆληθείαςόδηηιοόμενοι,
724 1309 783 1385 σοί
807 1311 876 1409 τὴν
900 1309 1017 1397 δόξαν
1041 1310 1105 1387 καί
1129 1312 1199 1413 τὴν
1215 1314 1325 1412 ιύχα-
1352 1349 1360 1366 ¹

10 1436 12 1443 ·
70 1414 197 1507 ριστίαν
223 1412 512 1508 ἀναπέμπωμεν,
549 1420 603 1511 τῷ
632 1411 760 1511 Πατρὶ
784 1412 848 1487 καί
873 1421 927 1512 τῷ
961 1413 1033 1513 rip
1059 1412 1201 1517 καὶτῷ
1229 1417 1326 1520 ἁγίῳ

10 1554 13 1577 ι
70 1511 261 1610 uicenam,
286 1522 360 1590 νῦν
384 1513 449 1589 καί
474 1513 541 1589 ἀεί.

124 1733 163 1807 Ἀ
201 1731 211 1759 Ι
608 1641 646 1712 ‘0
674 1643 766 1726 λαός.

161 1761 247 1831 μην.
571 1827 610 1897 Ὁ
632 1827 795 1911 όιόκονος.

130 1937 216 2012 XVI.
255 1931 327 2031 Μή
352 1962 408 2017 τις
431 1940 509 2008 τῶν
535 1933 835 2031 κατηχουμένων,
869 1933 921 2032 μή
946 1965 1001 2020 τις
1025 1945 1104 2012 τῶν
1131 1935 1325 2036 ἀμυήτων,

67 2032 182 2133 μήτις
206 2045 285 2113 τῶν
310 2035 362 2132 μὴ
387 2034 613 2130 δυναμένων
636 2035 729 2132 ἡμῖν
754 2035 1026 2133 συνδεηθῆναι·
1054 2037 1232 2136 ἀλλήλους
1248 2042 1326 2116 ἐπί-

68 2165 170 2238 ponne
194 2139 262 2223 τὰς
286 2136 429 2236 θύρας·
457 2136 570 2235 ὀρθοὶ
596 2135 741 2222 πάντες.
760 2139 837 2213 Ἔτι
861 2147 929 2214 τοῦ
944 2137 1088 2237 Κυρίου
1113 2139 1325 2238 δεηθῶμιν.

382 2266 420 2336 ‘0
444 2266 549 2357 ἱερεὺς
570 2266 666 2358 αὐχὴν
685 2276 746 2338 τοῦ
766 2268 992 2358 θυμιάματος.

131 2374 299 2449 Δέσποτα
332 2371 604 2472 παντοκροίτορ,
639 2375 796 2472 βασιλεῦ
827 2383 892 2472 τῆς
924 2373 1051 2472 δόξης,
1086 2374 1106 2450 ὁ
1139 2375 1247 2461 ελδώς
1277 2377 1327 2452 τὰ

67 2473 174 2554 πάντα
199 2476 290 2574 πρὶν
306 2475 481 2577 γενέσεως
497 2476 637 2564 αὐτῶν,
655 2475 767 2561 αὐτὸς
783 2474 946 2575 πόρισον
962 2477 1053 2575 ἡμῖν
1070 2477 1159 2579 ἁγίᾳ
1175 2476 1292 2576 ταύτῃ
1302 2480 1324 2577 ¹)

140 2617 162 2676 i)
180 2617 245 2661 Febr.
263 2615 290 2663 dr
307 2611 341 2679 τῇ
359 2610 423 2678 ἇγίηι
442 2611 497 2681 ὥρᾳ
514 2606 606 2679 ταύτῃ.
642 2617 747 2663 Nealius:
765 2619 832 2662 Plano
851 2619 930 2662 excidit
947 2619 1037 2673 aliquid.
1072 2619 1105 2662 ln
1123 2630 1175 2664 reru
1194 2627 1255 2664 recto
1273 2632 1326 2678 sup·

65 2685 126 2740 pleana
143 2688 179 2731 alli
198 2680 254 2749 ὥρη
272 2686 378 2730 dubium:
405 2699 455 2730 cum
472 2687 507 2731 rol
524 2681 616 2750 τελετῇ
634 2688 670 2731 rel
687 2679 771 2750 ἡμέρη
790 2700 835 2732 nou
853 2688 925 2730 minus
943 2687 1001 2730 bene
1019 2687 1094 2732 locum
1112 2688 1194 2732 habere
1212 2690 1306 2744 possint.

135 2855 192 2918 Cap.
211 2853 268 2903 lllll.
304 2854 334 2903 bl.
353 2876 386 2889 -
403 2847 600 2915 συνδεηθῆναι.
634 2848 746 2915 Μηδεὶς
767 2847 836 2902 κατὰ
860 2849 909 2901 τοῦ
932 2846 1026 2921 ἐτέρου
1050 2844 1136 2918 λόγον
1152 2847 1170 2915 ἤ
1187 2855 1326 2922 πονηρίαν

63 2930 141 3000 ἐχέτω.
169 2929 272 3002 Ἅφετε
286 2935 333 2986 καί
351 2926 522 3003 ἀφεθήσεται
539 2933 588 2993 τὰς
603 2929 741 3003 ἁμαρτίας
756 2928 844 3003 ὑμῶν,
863 2931 1103 3001 λξομολογήσασθε
1122 2935 1169 2986 καί
1185 2935 1256 3003 peril
1273 2954 1327 2988 κα·
1430 2997 1435 3007 .

62 3013 185 3077 ιανίξεως
208 3013 437 3087 σογχωρὴσασθε.
471 3013 630 3083 Αίιόσασδε
654 3015 726 3088 μετὰ
749 3012 840 3087 φόβου
863 3019 911 3068 καί
929 3012 1034 3086 τρόμου
1054 3049 1084 3057 -
1103 3047 1134 3058 -
1152 3023 1245 3074 Desunt
1263 3040 1325 3075 nou-

60 3106 116 3154 nulla
135 3121 213 3170 usque
231 3107 262 3155 ad
280 3100 434 3156 Sacerdotem
453 3095 595 3168 ελςόγοντα
614 3098 645 3154 τὰ
665 3101 750 3169 δῶρα.

135 3190 272 3241 Neslius
290 3190 379 3240 Tetral.
391 3191 435 3240 hit.
455 3205 478 3254 p.
490 3188 555 3239 238:
582 3191 635 3248 Ouo
654 3199 762 3255 tempore
780 3191 839 3240 baec
857 3189 984 3253 disciplina
1002 3189 1110 3249 desierit,
1133 3205 1220 3253 magno
1239 3192 1326 3243 ardore

57 3275 191 3325 dimicatum
210 3283 255 3325 est.
290 3275 421 3339 Praecipue
439 3289 495 3325 reio
513 3275 547 3324 sir
565 3274 719 3324 doctissimus
738 3282 761 3325 et
778 3276 841 3338 pins,
860 3275 961 3323 loannes
976 3274 1050 3334 Bona,
1069 3275 1094 3324 S.
1112 3275 1139 3324 ll.
1157 3276 1182 3324 E.
1201 3277 1328 3341 presbyter

56 3360 191 3420 cardinalis,
210 3369 233 3410 et
251 3360 274 3408 ll.
294 3360 321 3409 [t.
341 3360 482 3409 Emmanuel
502 3359 648 3409 schelstrate
672 3359 702 3407 de
721 3360 765 3409 hac
782 3374 809 3408 re
826 3358 1020 3423 disputaverunt:
1045 3373 1116 3409 uerno
1134 3366 1214 3410 tamen
1232 3362 1327 3412 doctius

53 3461 121 3511 quam
150 3446 253 3495 loannes
271 3445 386 3505 hlorinus,
411 3446 451 3509 qui
476 3444 591 3509 peculiari
616 3444 698 3493 libello
716 3452 790 3493 totam
809 3444 1036 3493 catechumenorum
1054 3442 1205 3507 disciplinam
1224 3447 1327 3508 diligen-

50 3533 143 3581 tissime
170 3536 336 3594 perserutatus
363 3537 407 3578 est.
444 3529 499 3578 liius
530 3530 648 3579 sententia
676 3536 720 3588 est,
750 3542 834 3577 omnes
858 3528 1084 3577 catechumenorum
1101 3529 1208 3589 ordines,
1231 3537 1327 3592 praeter

50 3623 226 3679 competentes,
252 3616 307 3664 circ.
327 3614 353 3663 A.
372 3613 399 3663 b.
418 3613 467 3663 ‘100
485 3613 596 3663 sublatos
614 3614 705 3662 πτίττοι
732 3612 826 3672 ,diulus
844 3611 1013 3675 discipliuae“,
1037 3613 1122 3676 iuquit,
1146 3612 1286 3671 „tollendas
1304 3620 1329 3662 et

47 3699 224 3761 extinguendas
243 3700 339 3748 occasio
358 3699 402 3748 luit
420 3698 646 3747 catechumenorum
665 3696 801 3745 adultorum
818 3697 932 3758 penuria:
950 3696 1116 3745 deficientibus
1134 3697 1197 3744 euim
1216 3694 1343 3759 ethnicis,¹

48 3794 74 3834 et
98 3783 225 3833 differendi
252 3784 404 3847 baptismatis
429 3783 602 3833 consuetudins
626 3769 728 3846 prorsus
753 3794 780 3829 ex
805 3781 929 3830 hominum
952 3780 1039 3829 animis
1062 3780 1149 3839 deleta,
1173 3780 1272 3842 contigit
1296 3780 1328 3830 ad

45 3869 199 3932 baptismum
223 3868 291 3917 solos
317 3869 420 3917 inientes
444 3868 553 3918 oderri.“
588 3868 617 3918 lli
642 3873 767 3928 argutum
786 3864 971 3927 competentium
990 3864 1052 3913 vices
1071 3865 1198 3925 gerebant:
1223 3871 1246 3913 et
1264 3865 1327 3914 eirca

46 3955 96 4004 hos
115 3954 214 4016 antiqua
233 3953 305 4014 riguit
323 3952 472 4002 cousuetudo
491 3952 615 4016 usquead
634 3947 816 4001 aunnm1200:
836 3948 960 3997 observatu
976 3955 1035 3996 sunt
1051 3956 1143 4011 septem
1162 3949 1285 4010 scrutinia,
1304 3955 1329 3999 et

44 4041 114 4089 laeto
144 4038 248 4101 septimo
272 4038 296 4086 in
316 4044 386 4086 noete
403 4038 481 4098 magni
500 4037 602 4097 sabbati,
627 4035 663 4085 ael
681 4036 705 4084 in
723 4033 800 4096 vigilia
818 4039 979 4096 pentecostes,
1003 4031 1115 4095 baptisati
1133 4040 1190 4082 suut
1206 4032 1280 4096 aliqui
1299 4047 1328 4083 er

44 4122 185 4175 infantibus
209 4122 271 4171 banc
296 4121 321 4171 in
345 4135 396 4171 rem
419 4121 541 4183 reservati,
566 4128 590 4171 et
614 4120 697 4181 adulti,
721 4120 742 4168 si
765 4119 806 4182 qui
829 4125 905 4169 eraut.
939 4116 1020 4165 Prisca
1043 4117 1170 4180 disciplina
1188 4116 1284 4181 longius
1302 4119 1327 4167 iu

45 4211 152 4260 Oriente
176 4207 348 4272 perseverarit:
373 4207 459 4270 parlim
486 4221 531 4270 pro
549 4205 667 4255 ecclesiae
685 4204 750 4254 illius
768 4204 863 4266 ingenio
881 4218 895 4251 a
913 4202 1045 4252 mutatione
1062 4202 1216 4263 abhorrente,
1238 4201 1327 4267 parlim

43 4296 103 4361 quia
124 4292 189 4342 sices
207 4305 357 4356 paganorum
376 4291 526 4354 occupabunt
543 4290 666 4340 Saraceni.

137 4377 246 4441 Hymnus
267 4375 424 4435 cherubinos,
449 4375 565 4425 ecclesias
591 4374 733 4425 occidentali
751 4375 856 4436 ignotus,
874 4371 1023 4435 temporibus
1042 4370 1166 4420 iustiniani
1185 4384 1198 4418 a
1216 4367 1327 4419 Cedreuo

43 4465 163 4514 refertur.
199 4461 284 4525 Neque
303 4461 365 4523 apnd
384 4460 495 4510 iacobum
515 4474 593 4524 nequo
611 4461 674 4524 apud
693 4460 799 4510 Marcum
818 4457 951 4522 exscriptus
969 4463 1014 4518 est,
1038 4463 1062 4506 at
1080 4456 1185 4509 occurrit
1203 4455 1226 4504 iu
1245 4455 1327 4505 allicio

45 4547 228 4612 Chrpaostomi.

79 4633 119 4686 rti.
1113 4628 1128 4681 l
