3044 4912
528 377 542 415 Ι

105 419 233 506 δοῦλος
256 428 324 498 τοῦ
353 425 444 497 Θεοῦ
471 420 656 514 διάκονος,
685 435 716 518 (6
740 441 844 520 δεῖνα)
872 423 916 500 τὸ
947 424 1085 523 τίμιον,
1118 427 1181 502 καὶ
1214 428 1322 531 ἅγιον

105 553 149 597 ια
181 530 250 599 τοῦ
275 523 418 622 Κυρίου
443 525 505 599 καὶ
535 529 639 614 Θεοῦ,
675 526 738 601 καί
764 533 929 624 σωτῆρος
952 525 1062 625 ἡμῶν
1080 529 1201 627 Ἰησοῦ
1226 536 1321 631 Χρι-

105 632 158 715 νῦ,
185 630 236 710 ελς
260 626 396 724 ἀφεσιν
421 628 539 702 αῦτοῦ
566 626 775 725 ἁμαρτιῶν,
801 627 865 703 καὶ
890 633 940 712 εἰς
967 628 1065 725 ζωὴν
1091 629 1254 710 αλυίνιον.

247 755 509 845 Μεταλαβόντος
531 759 569 829 δέ
589 766 649 829 τοῦ
672 756 835 838 διακόνου,
858 759 947 849 λέγει
967 758 986 831 ό
1010 758 1131 852 ίερεός·

141 867 259 937 Τοῦτο
291 861 414 962 ἥψατο
438 871 517 938 ταῖν
538 863 690 960 χειλέων
716 890 797 954 σου,
832 863 896 940 καὶ
921 866 1050 966 ἀφελεῖ
1071 867 1138 952 τὰς
1164 866 1322 964 ἀνομίας

105 992 134 1052 ν,
160 961 316 1049 καὶτὰς
341 963 524 1064 ἁμαρτίας
550 988 619 1040 σου
646 969 914 1066 περικαάαριεῖ.

136 1150 288 1224 XXXVI.
331 1161 417 1233 Τότε
436 1165 549 1251 λαβὼν
567 1164 626 1235 τόν
647 1163 742 1255 ἀγιον
763 1162 875 1235 δίσκον
897 1162 916 1236 6
941 1162 1103 1249 διάκονος,
1126 1164 1239 1236 ἐπάνω
1261 1176 1320 1237 τοῦ

105 1264 147 1334 ου
174 1262 347 1356 ποτηρίου,
376 1262 617 1356 ἀποσπογγίζει
644 1273 692 1358 τῷ
719 1263 803 1357 ἁγίῳ
829 1264 966 1359 σπόγγῳ
993 1264 1082 1336 πάνυ
1110 1271 1233 1352 καλῶς,
1263 1271 1320 1338 καί

104 1366 135 1434 τὰ
155 1374 322 1456 προςοχῆς
341 1367 398 1436 καί
418 1365 593 1453 εὐλαβείας
612 1367 771 1451 σκεπάζει
791 1368 829 1439 τὸ
852 1366 948 1457 ἀγιον
960 1366 1122 1460 ποτήριον
1135 1377 1182 1459 τῷ
1196 1369 1320 1456 καλό-μ-

105 1494 142 1551 ιι,
171 1465 297 1555 ὁμοίως
323 1469 380 1538 καὶ
407 1465 467 1538 ἐπὶ
493 1469 550 1539 τὸν
572 1467 665 1557 ἀγιον
688 1468 801 1538 δίσκον
823 1465 1004 1560 ἀνατίθησι
1024 1468 1082 1539 τόν
1103 1467 1236 1559 ἀστέρα,
1263 1472 1320 1540 καί

111 1567 322 1657 καλύμματα.

216 1683 301 1758 Εἶτα
323 1687 471 1777 ἐπιλέγει
491 1689 550 1779 τὴν
570 1696 630 1780 τῆς
650 1685 859 1774 εὐχαριστίας
880 1685 975 1779 εὐχὴν
996 1685 1015 1758 6
1038 1686 1154 1778 ίερεῦς.

136 1793 527 1889 Εὐχαριστοῦμέν
553 1817 624 1868 σοι
631 1850 644 1882 ,
678 1791 839 1868 δέσποτα
864 1791 1122 1890 φιλάνθρωπε,
1149 1793 1320 1896 εῦεργέτα

105 1924 128 1971 ν
154 1903 291 1994 ψυχῶν
315 1894 435 1992 ἡμῶν,
462 1893 533 1971 ὅτι
557 1894 620 1970 καὶ
640 1903 685 1990 τῇ
704 1890 873 1991 παροάση
888 1892 1007 1990 ἡμέρᾳ
1032 1895 1293 1991 κατηξίωσα
1302 1926 1321 1980 ς

105 2004 171 2080 τοῖς
203 2004 296 2072 ταῖν
328 1998 561 2094 ἐπουρανίων
587 2021 668 2085 σου,
705 1994 768 2070 καὶ
793 1990 1004 2070 ἀθανάτων
1028 1997 1317 2094 μυστηρίων·

105 2095 314 2193 λατόμησον
336 2097 446 2195 ἡμῶν
466 2098 535 2195 τὴν
554 2096 661 2175 ὁδὸν·
691 2092 912 2194 στήριξον
936 2094 1054 2193 ἡμᾶς
1079 2100 1120 2172 ἐν
1135 2105 1189 2196 τῷ
1207 2094 1318 2227 (μόβην

105 2229 121 2276 ν
146 2199 235 2282 τοῦς
260 2197 417 2285 πάντας·
446 2197 719 2299 φρούρησον
742 2195 851 2295 ἡμῶν
875 2197 944 2294 τὴν
971 2196 1086 2294 ζωὴν·
1114 2198 1319 2296 ἀσφαλισαι

105 2309 160 2377 αῖν
192 2301 240 2375 τὰ
272 2299 501 2399 διαβήματα,
535 2302 671 2397 εὐχαῖς,
697 2298 760 2375 καὶ
785 2296 937 2384 ἱκεσίαις
961 2307 1024 2396 τῆς
1050 2297 1203 2386 ἐνδόξου
1232 2304 1319 2374 Θεο-

105 2432 176 2491 ιου,
201 2401 265 2477 καὶ
291 2403 542 2501 ἀειπαρθένου
551 2404 723 2499 Μαρίας,
748 2400 812 2477 καί
837 2399 991 2478 πάντων
1016 2409 1093 2476 ταῖν
1111 2399 1231 2503 ἁγίων
1249 2427 1318 2477 σου

105 2532 166 2582 em.
193 2508 266 2602 21).

136 2619 206 2689 Καὶ
227 2618 333 2701 οῦτως
353 2616 520 2709 ἀνοίγουσι
543 2620 602 2710 την
622 2617 732 2707 θόρον
753 2625 813 2688 τοῦ
834 2615 930 2707 ἀγίου
949 2614 1109 2708 βήματος,
1130 2618 1187 2687 καί
1209 2615 1319 2688 όδιά-

106 2748 145 2805 ος
165 2720 394 2812 προς-κυκήσας
414 2722 515 2804 άπαξ,
537 2719 700 2808 λαμβάνει
720 2720 759 2789 τὸ
780 2717 943 2810 ποτήριον
958 2718 1043 2806 μετὰ
1057 2713 1241 2806 εῦλαβείας,
1262 2718 1319 2789 καί

105 2851 181 2894 εται
201 2823 251 2904 είς
270 2824 329 2914 τὴν
349 2822 467 2913 θύραν,
488 2825 545 2893 καί
565 2821 662 2910 ῦψιῦν
682 2823 721 2892 τὸ
743 2820 837 2910 άγιον
858 2819 1029 2912 ποτήριον,
1056 2817 1217 2890 δείκνυσιν
1239 2819 1319 2890 αὐτὸ

118 2929 199 3015 λαῷ,
221 2925 341 3013 λέγων·

135 3029 267 3104 Μετὰ
294 3025 449 3128 φόβου
478 3033 610 3118 Θεοῦ,
646 3025 844 3110 πίστεως
878 3025 957 3100 καί
982 3022 1163 3127 ἀγάπης
1187 3053 1317 3123 προς-

105 3135 210 3206 θετε
239 3133 313 3226 (lac.
340 3133 413 3227 43).

607 3222 768 3315 Οινεόε·

133 3333 390 3435 Εὐλογημένος
416 3331 436 3407 ό
461 3328 656 3429 ἐρχόμενος
681 3333 722 3407 ἐν
747 3327 903 3425 ὀνόματι
928 3329 1083 3427 Κυρίου.

131 3445 254 3518 Ἰστέον
275 3447 330 3518 ῦτι
350 3447 382 3519 εί
400 3450 463 3536 μέν
483 3442 550 3516 ελσί
569 3470 656 3526 τινες
677 3441 712 3514 οῖ
730 3447 930 3533 μεταλαβεῖν
949 3443 1156 3532 βουλόμενοι,
1190 3440 1278 3530 α’ίρει
1299 3440 1318 3512 6

105 3550 158 3631 σῦς
178 3546 248 3619 ἀπὸ
270 3556 337 3618 τῶν
356 3554 418 3619 τοῦ
438 3545 593 3618 διακόνου
613 3551 731 3636 χειροῖν
750 3546 790 3616 τό
811 3544 907 3662 ἀγιον
925 3543 1088 3636 ποτήρων
1108 3544 1166 3614 καί
1180 3541 1320 3630 μεταδί-

105 3675 154 3722 σιν
175 3648 300 3734 αὐτοῖς,
332 3650 451 3740 λέγων·
493 3632 789 3735 Μεταλαμβάνει
825 3665 845 3710 ο
877 3633 1010 3717 δοῦλος
1042 3639 1111 3707 τοῦ
1147 3635 1239 3707 Θεοῦ
1273 3634 1317 3707 Ν.

128 3738 254 3835 τίμιον
285 3738 348 3814 καὶ
374 3737 482 3841 ἅγιον
508 3746 617 3832 σῶμα
642 3736 706 3813 καὶ
731 3736 826 3833 αίμα
851 3744 920 3811 τοῦ
943 3733 1087 3836 Κυρίου
1110 3733 1175 3808 καῖ
1199 3741 1319 3831 σωτῆ-

105 3871 114 3926 t
145 3840 256 3938 ἡμῶν
273 3844 306 3915 '1
326 3847 396 3916 σοῦ
421 3846 590 3937 Χριστοῦ
622 3843 673 3922 ελς
707 3839 841 3937 ἀφεσιν
876 3837 1072 3937 ἁμαρτιῶν
1106 3835 1225 3911 αὐτοῦ
1254 3834 1320 3910 καὶ

125 3941 226 4041 ζωὴν
246 3946 410 4019 ‹12th-
453 3956 525 4024 Καὶ
545 3951 689 4043 εῦλογιῦν
707 3953 767 4024 τόν
787 3953 878 4037 λαόν,
905 3953 1100 4038 κατέχοντος
1122 3959 1182 4021 τοῦ
1205 3949 1320 4021 διακό-

105 4087 109 4115 ι
130 4057 171 4128 τό
193 4057 288 4148 ἅγιον
308 4055 472 4149 ποτήριον
493 4054 640 4145 ἐπιλέγει
663 4053 836 4147 ἐκφάτως·

135 4160 359 4240 Σῶσονό
397 4160 504 4246 Θεὸς
533 4160 616 4237 τόν
649 4156 759 4238 λαόν
799 4184 902 4250 σου,
941 4157 1018 4235 καὶ
1058 4153 1319 4261 εῦλόγησον

108 4292 134 4341 ν
158 4263 480 4366 κληρονομίαν
506 4288 591 4340 σου
617 4265 692 4361 (λετ.
713 4264 787 4362 43).
833 4274 905 4346 Kal
939 4272 1201 4366 ἐπιστρέφουσιν
1230 4270 1251 4342 ὅ
1282 4296 1320 4342 τε

105 4379 206 4463 ’κίονος
232 4380 290 4451 καί
316 4378 335 4451 6
364 4377 469 4472 ίερεῦς
489 4378 538 4462 είς
558 4381 618 4471 τὴν
639 4377 736 4469 άγίαν
755 4373 932 4471 τράπεζαν,
964 4375 1022 4447 καί
1040 4381 1153 4469 θυμιᾷ
1172 4371 1193 4444 6
1213 4371 1321 4465 ίερεῦς

105 4508 133 4568 ς,
153 4483 258 4573 λόγων
273 4479 352 4555 καθ’
375 4480 511 4554 ἐαυτὸν·
