<?xml version="1.0" encoding="UTF-8"?>
<!DOCTYPE html PUBLIC "-//W3C//DTD XHTML 1.0 Transitional//EN"
    "http://www.w3.org/TR/xhtml1/DTD/xhtml1-transitional.dtd">
<html xmlns="http://www.w3.org/1999/xhtml" xml:lang="en" lang="en">
 <head>
  <title>
</title>
<meta http-equiv="Content-Type" content="text/html;charset=utf-8" />
  <meta name='ocr-system' content='tesseract 3.04.00' />
  <meta name='ocr-capabilities' content='ocr_page ocr_carea ocr_par ocr_line ocrx_word'/>
</head>
<body>
  <div class='ocr_page' id='page_1' title='image "./codexliturgicus05danigoog_0437.png"; bbox 0 0 3044 4912; ppageno 0'>
   <div class='ocr_carea' id='block_1_1' title="bbox 652 275 724 350">
    <p class='ocr_par' dir='ltr' id='par_1_1' title="bbox 652 275 724 350">
     <span class='ocr_line' id='line_1_1' title="bbox 652 275 724 350; baseline 0 -1"><span class='ocrx_word' id='word_1_1' title='bbox 652 275 724 350; x_wconf 80' lang='lat'><strong>401</strong></span> 
     </span>
    </p>
   </div>
   <div class='ocr_carea' id='block_1_2' title="bbox 93 460 1333 4296">
    <p class='ocr_par' dir='ltr' id='par_1_2' title="bbox 93 460 1333 2468">
     <span class='ocr_line' id='line_1_2' title="bbox 93 460 1331 545; baseline 0.003 -19"><span class='ocrx_word' id='word_1_2' title='bbox 93 462 118 526; x_wconf 84' lang='lat' dir='ltr'><strong>d</strong></span> <span class='ocrx_word' id='word_1_3' title='bbox 140 473 254 542; x_wconf 80' lang='lat' dir='ltr'><strong>trugen</strong></span> <span class='ocrx_word' id='word_1_4' title='bbox 274 460 328 523; x_wconf 78' lang='lat' dir='ltr'><strong>ida</strong></span> <span class='ocrx_word' id='word_1_5' title='bbox 347 465 452 524; x_wconf 79' lang='lat' dir='ltr'><strong>mitten</strong></span> <span class='ocrx_word' id='word_1_6' title='bbox 474 460 570 523; x_wconf 81' lang='lat' dir='ltr'><strong>dureit</strong></span> <span class='ocrx_word' id='word_1_7' title='bbox 592 463 638 525; x_wconf 77' lang='lat' dir='ltr'><strong>dfe</strong></span> <span class='ocrx_word' id='word_1_8' title='bbox 651 461 769 542; x_wconf 68' lang='lat' dir='ltr'><strong>legion</strong></span> <span class='ocrx_word' id='word_1_9' title='bbox 792 479 827 524; x_wconf 87' lang='lat' dir='ltr'><strong>so</strong></span> <span class='ocrx_word' id='word_1_10' title='bbox 850 461 920 523; x_wconf 79' lang='lat' dir='ltr'><strong>dnss</strong></span> <span class='ocrx_word' id='word_1_11' title='bbox 943 479 979 522; x_wconf 80' lang='lat' dir='ltr'><strong>ar</strong></span> <span class='ocrx_word' id='word_1_12' title='bbox 998 461 1075 523; x_wconf 73' lang='lat' dir='ltr'><strong>tiber</strong></span> <span class='ocrx_word' id='word_1_13' title='bbox 1094 461 1184 524; x_wconf 78' lang='lat' dir='ltr'><strong>ibren</strong></span> <span class='ocrx_word' id='word_1_14' title='bbox 1198 461 1331 545; x_wconf 79' lang='lat' dir='ltr'><strong>Spcoren</strong></span> 
     </span>
     <span class='ocr_line' id='line_1_3' title="bbox 93 554 1332 637; baseline 0.003 -10"><span class='ocrx_word' id='word_1_15' title='bbox 93 562 319 627; x_wconf 62' lang='lat' dir='ltr'><strong>mersebuebte.</strong></span> <span class='ocrx_word' id='word_1_16' title='bbox 350 562 456 624; x_wconf 81' lang='lat' dir='ltr'><strong>Dieses</strong></span> <span class='ocrx_word' id='word_1_17' title='bbox 477 563 548 626; x_wconf 70' lang='lat' dir='ltr'><strong>nutu</strong></span> <span class='ocrx_word' id='word_1_18' title='bbox 568 554 647 626; x_wconf 78' lang='lat' dir='ltr'><strong>ioird</strong></span> <span class='ocrx_word' id='word_1_19' title='bbox 666 563 745 627; x_wconf 77' lang='lat' dir='ltr'><strong>aucit</strong></span> <span class='ocrx_word' id='word_1_20' title='bbox 764 566 798 625; x_wconf 76' lang='lat' dir='ltr'><strong>in</strong></span> <span class='ocrx_word' id='word_1_21' title='bbox 819 563 874 626; x_wconf 88' lang='lat' dir='ltr'><strong>der</strong></span> <span class='ocrx_word' id='word_1_22' title='bbox 895 561 1005 625; x_wconf 78' lang='lat' dir='ltr'><strong>Kirefta</strong></span> <span class='ocrx_word' id='word_1_23' title='bbox 1025 563 1211 637; x_wconf 82' lang='lat' dir='ltr'><strong>ut&#39;ederftoft,</strong></span> <span class='ocrx_word' id='word_1_24' title='bbox 1232 567 1332 631; x_wconf 68' lang='lat' dir='ltr'><strong>tuden</strong></span> 
     </span>
     <span class='ocr_line' id='line_1_4' title="bbox 93 661 1330 745; baseline 0.002 -16"><span class='ocrx_word' id='word_1_25' title='bbox 93 684 109 729; x_wconf 91' lang='lat' dir='ltr'><strong>r</strong></span> <span class='ocrx_word' id='word_1_26' title='bbox 129 664 254 729; x_wconf 66' lang='lat' dir='ltr'><strong>uncos</strong></span> <span class='ocrx_word' id='word_1_27' title='bbox 275 663 354 726; x_wconf 76' lang='lat' dir='ltr'><strong>norb</strong></span> <span class='ocrx_word' id='word_1_28' title='bbox 374 664 431 727; x_wconf 80' lang='lat' dir='ltr'><strong>den</strong></span> <span class='ocrx_word' id='word_1_29' title='bbox 455 663 593 727; x_wconf 80' lang='lat' dir='ltr'><strong>Wartea:</strong></span> <span class='ocrx_word' id='word_1_30' title='bbox 620 664 737 745; x_wconf 77' lang='lat' dir='ltr'><strong>„degeo</strong></span> <span class='ocrx_word' id='word_1_31' title='bbox 758 668 816 727; x_wconf 77' lang='lat' dir='ltr'><strong>noir</strong></span> <span class='ocrx_word' id='word_1_32' title='bbox 836 665 873 727; x_wconf 85' lang='lat' dir='ltr'><strong>ob</strong></span> <span class='ocrx_word' id='word_1_33' title='bbox 890 663 962 741; x_wconf 83' lang='lat' dir='ltr'><strong>jede</strong></span> <span class='ocrx_word' id='word_1_34' title='bbox 983 661 1077 742; x_wconf 79' lang='lat' dir='ltr'><strong>Sarga</strong></span> <span class='ocrx_word' id='word_1_35' title='bbox 1099 665 1150 727; x_wconf 80' lang='lat' dir='ltr'><strong>das</strong></span> <span class='ocrx_word' id='word_1_36' title='bbox 1172 662 1330 731; x_wconf 53' lang='grc' dir='ltr'><strong>[ΜΝ</strong></span> 
     </span>
     <span class='ocr_line' id='line_1_5' title="bbox 93 764 1331 847; baseline 0.002 -16"><span class='ocrx_word' id='word_1_37' title='bbox 93 786 108 831; x_wconf 82' lang='lat' dir='ltr'><strong>a</strong></span> <span class='ocrx_word' id='word_1_38' title='bbox 137 771 226 831; x_wconf 76' lang='lat' dir='ltr'><strong>sister</strong></span> <span class='ocrx_word' id='word_1_39' title='bbox 250 784 309 828; x_wconf 84' lang='lat' dir='ltr'><strong>nus</strong></span> <span class='ocrx_word' id='word_1_40' title='bbox 337 766 392 828; x_wconf 80' lang='lat' dir='ltr'><strong>der</strong></span> <span class='ocrx_word' id='word_1_41' title='bbox 417 765 635 829; x_wconf 75' lang='lat' dir='ltr'><strong>umicfttduren</strong></span> <span class='ocrx_word' id='word_1_42' title='bbox 655 767 765 847; x_wconf 61' lang='lat' dir='ltr'><strong>teuton</strong></span> <span class='ocrx_word' id='word_1_43' title='bbox 794 765 848 828; x_wconf 86' lang='lat' dir='ltr'><strong>der</strong></span> <span class='ocrx_word' id='word_1_44' title='bbox 869 764 964 845; x_wconf 78' lang='lat' dir='ltr'><strong>finqel</strong></span> <span class='ocrx_word' id='word_1_45' title='bbox 990 764 1150 841; x_wconf 78' lang='lat' dir='ltr'><strong>erscbeim,</strong></span> <span class='ocrx_word' id='word_1_46' title='bbox 1181 769 1243 847; x_wconf 79' lang='lat' dir='ltr'><strong>uus</strong></span> <span class='ocrx_word' id='word_1_47' title='bbox 1267 770 1331 833; x_wconf 82' lang='lat' dir='ltr'><strong>dent</strong></span> 
     </span>
     <span class='ocr_line' id='line_1_6' title="bbox 93 864 1332 945; baseline 0.002 -14"><span class='ocrx_word' id='word_1_48' title='bbox 93 869 217 938; x_wconf 73' lang='lat' dir='ltr'><strong>tetros,</strong></span> <span class='ocrx_word' id='word_1_49' title='bbox 240 871 295 930; x_wconf 75' lang='lat' dir='ltr'><strong>wie</strong></span> <span class='ocrx_word' id='word_1_50' title='bbox 316 867 376 945; x_wconf 80' lang='lat' dir='ltr'><strong>nus</strong></span> <span class='ocrx_word' id='word_1_51' title='bbox 394 870 489 929; x_wconf 78' lang='lat' dir='ltr'><strong>n&#39;nem</strong></span> <span class='ocrx_word' id='word_1_52' title='bbox 503 866 630 940; x_wconf 79' lang='lat' dir='ltr'><strong>Sedilde,</strong></span> <span class='ocrx_word' id='word_1_53' title='bbox 654 869 711 930; x_wconf 79' lang='lat' dir='ltr'><strong>deo</strong></span> <span class='ocrx_word' id='word_1_54' title='bbox 731 866 873 930; x_wconf 77' lang='lat' dir='ltr'><strong>bdcbateu</strong></span> <span class='ocrx_word' id='word_1_55' title='bbox 886 864 1057 929; x_wconf 80' lang='lat' dir='ltr'><strong>Herrseber</strong></span> <span class='ocrx_word' id='word_1_56' title='bbox 1076 869 1110 927; x_wconf 76' lang='lat' dir='ltr'><strong>iu</strong></span> <span class='ocrx_word' id='word_1_57' title='bbox 1122 868 1186 931; x_wconf 82' lang='lat' dir='ltr'><strong>,der</strong></span> <span class='ocrx_word' id='word_1_58' title='bbox 1200 868 1332 934; x_wconf 76' lang='lat' dir='ltr'><strong>baacbn&#39;-</strong></span> 
     </span>
     <span class='ocr_line' id='line_1_7' title="bbox 93 966 1333 1053; baseline 0 -18"><span class='ocrx_word' id='word_1_59' title='bbox 93 989 152 1035; x_wconf 78' lang='lat' dir='ltr'><strong>nctt</strong></span> <span class='ocrx_word' id='word_1_60' title='bbox 175 968 291 1033; x_wconf 81' lang='lat' dir='ltr'><strong>Gestolt</strong></span> <span class='ocrx_word' id='word_1_61' title='bbox 318 971 397 1030; x_wconf 80' lang='lat' dir='ltr'><strong>eines</strong></span> <span class='ocrx_word' id='word_1_62' title='bbox 419 967 552 1032; x_wconf 75' lang='lat' dir='ltr'><strong>Lommm</strong></span> <span class='ocrx_word' id='word_1_63' title='bbox 581 970 716 1049; x_wconf 74' lang='lat' dir='ltr'><strong>trogessd.</strong></span> <span class='ocrx_word' id='word_1_64' title='bbox 763 968 790 1030; x_wconf 89' lang='lat'><em>0</em></span> <span class='ocrx_word' id='word_1_65' title='bbox 817 972 871 1031; x_wconf 74' lang='lat' dir='ltr'><strong>uia</strong></span> <span class='ocrx_word' id='word_1_66' title='bbox 897 985 960 1029; x_wconf 72' lang='lat' dir='ltr'><strong>zur</strong></span> <span class='ocrx_word' id='word_1_67' title='bbox 986 977 1077 1047; x_wconf 69' lang='lat' dir='ltr'><strong>meten</strong></span> <span class='ocrx_word' id='word_1_68' title='bbox 1097 966 1161 1030; x_wconf 78' lang='lat' dir='ltr'><strong>Zeit</strong></span> <span class='ocrx_word' id='word_1_69' title='bbox 1182 972 1264 1053; x_wconf 73' lang='lat' dir='ltr'><strong>trfffl</strong></span> <span class='ocrx_word' id='word_1_70' title='bbox 1286 972 1333 1035; x_wconf 78' lang='lat' dir='ltr'><strong>bei</strong></span> 
     </span>
     <span class='ocr_line' id='line_1_8' title="bbox 93 1066 1331 1150; baseline -0.001 -13"><span class='ocrx_word' id='word_1_71' title='bbox 93 1090 167 1137; x_wconf 68' lang='lat' dir='ltr'><strong>unt</strong></span> <span class='ocrx_word' id='word_1_72' title='bbox 190 1071 322 1149; x_wconf 78' lang='lat' dir='ltr'><strong>Gesooqc</strong></span> <span class='ocrx_word' id='word_1_73' title='bbox 349 1069 404 1132; x_wconf 84' lang='lat' dir='ltr'><strong>der</strong></span> <span class='ocrx_word' id='word_1_74' title='bbox 432 1069 573 1132; x_wconf 67' lang='lat' dir='ltr'><strong>bubone</strong></span> <span class='ocrx_word' id='word_1_75' title='bbox 600 1070 681 1150; x_wconf 82' lang='lat' dir='ltr'><strong>Rus:</strong></span> <span class='ocrx_word' id='word_1_76' title='bbox 708 1068 827 1150; x_wconf 74' lang='lat' dir='ltr'><strong>„legen</strong></span> <span class='ocrx_word' id='word_1_77' title='bbox 853 1072 910 1131; x_wconf 75' lang='lat' dir='ltr'><strong>uir</strong></span> <span class='ocrx_word' id='word_1_78' title='bbox 937 1069 974 1130; x_wconf 86' lang='lat' dir='ltr'><strong>nb</strong></span> <span class='ocrx_word' id='word_1_79' title='bbox 992 1066 1062 1145; x_wconf 81' lang='lat' dir='ltr'><strong>jede</strong></span> <span class='ocrx_word' id='word_1_80' title='bbox 1083 1067 1178 1150; x_wconf 78' lang='lat' dir='ltr'><strong>Sorqa</strong></span> <span class='ocrx_word' id='word_1_81' title='bbox 1200 1072 1251 1135; x_wconf 81' lang='lat' dir='ltr'><strong>des</strong></span> <span class='ocrx_word' id='word_1_82' title='bbox 1273 1071 1331 1136; x_wconf 84' lang='lat' dir='ltr'><strong>Le·-</strong></span> 
     </span>
     <span class='ocr_line' id='line_1_9' title="bbox 93 1165 1331 1251; baseline 0 -15"><span class='ocrx_word' id='word_1_83' title='bbox 93 1167 175 1237; x_wconf 61' lang='lat'><strong>“1⁴⁴</strong></span> <span class='ocrx_word' id='word_1_84' title='bbox 193 1169 343 1250; x_wconf 80' lang='lat' dir='ltr'><strong>jedesntol</strong></span> <span class='ocrx_word' id='word_1_85' title='bbox 362 1188 459 1234; x_wconf 78' lang='lat' dir='ltr'><strong>unser</strong></span> <span class='ocrx_word' id='word_1_86' title='bbox 482 1165 567 1233; x_wconf 82' lang='lat' dir='ltr'><strong>Obr!</strong></span> <span class='ocrx_word' id='word_1_87' title='bbox 598 1171 656 1235; x_wconf 81' lang='lat' dir='ltr'><strong>Wie</strong></span> <span class='ocrx_word' id='word_1_88' title='bbox 677 1190 740 1235; x_wconf 74' lang='lat' dir='ltr'><strong>aur</strong></span> <span class='ocrx_word' id='word_1_89' title='bbox 761 1180 853 1251; x_wconf 76' lang='lat' dir='ltr'><strong>putea</strong></span> <span class='ocrx_word' id='word_1_90' title='bbox 873 1169 937 1231; x_wconf 80' lang='lat' dir='ltr'><strong>Zeft</strong></span> <span class='ocrx_word' id='word_1_91' title='bbox 958 1173 1102 1233; x_wconf 74' lang='lat' dir='ltr'><strong>merefort</strong></span> <span class='ocrx_word' id='word_1_92' title='bbox 1124 1188 1158 1233; x_wconf 86' lang='lat' dir='ltr'><strong>er</strong></span> <span class='ocrx_word' id='word_1_93' title='bbox 1180 1171 1237 1234; x_wconf 75' lang='lat' dir='ltr'><strong>den</strong></span> <span class='ocrx_word' id='word_1_94' title='bbox 1258 1193 1331 1236; x_wconf 81' lang='lat' dir='ltr'><strong>oar-</strong></span> 
     </span>
     <span class='ocr_line' id='line_1_10' title="bbox 93 1266 1329 1350; baseline -0.001 -11"><span class='ocrx_word' id='word_1_95' title='bbox 93 1274 196 1339; x_wconf 68' lang='lat' dir='ltr'><strong>ubam</strong></span> <span class='ocrx_word' id='word_1_96' title='bbox 224 1272 300 1334; x_wconf 77' lang='lat' dir='ltr'><strong>Sion</strong></span> <span class='ocrx_word' id='word_1_97' title='bbox 327 1275 431 1334; x_wconf 76' lang='lat' dir='ltr'><strong>seiam</strong></span> <span class='ocrx_word' id='word_1_98' title='bbox 456 1272 547 1335; x_wconf 74' lang='lat' dir='ltr'><strong>atteia</strong></span> <span class='ocrx_word' id='word_1_99' title='bbox 575 1266 781 1336; x_wconf 79' lang='lat' dir='ltr'><strong>Gednndcn!“</strong></span> <span class='ocrx_word' id='word_1_100' title='bbox 823 1275 862 1334; x_wconf 75' lang='lat' dir='ltr'><strong>At</strong></span> <span class='ocrx_word' id='word_1_101' title='bbox 887 1289 968 1344; x_wconf 83' lang='lat' dir='ltr'><strong>vero,</strong></span> <span class='ocrx_word' id='word_1_102' title='bbox 998 1269 1078 1350; x_wconf 89' lang='lat' dir='ltr'><strong>quod</strong></span> <span class='ocrx_word' id='word_1_103' title='bbox 1106 1271 1143 1333; x_wconf 91' lang='lat' dir='ltr'><strong>ad</strong></span> <span class='ocrx_word' id='word_1_104' title='bbox 1171 1266 1329 1338; x_wconf 84' lang='lat' dir='ltr'><strong>historiam</strong></span> 
     </span>
     <span class='ocr_line' id='line_1_11' title="bbox 93 1371 1329 1454; baseline 0 -15"><span class='ocrx_word' id='word_1_105' title='bbox 93 1375 185 1439; x_wconf 83' lang='lat' dir='ltr'><strong>rificc</strong></span> <span class='ocrx_word' id='word_1_106' title='bbox 207 1374 310 1454; x_wconf 88' lang='lat' dir='ltr'><strong>lapsus</strong></span> <span class='ocrx_word' id='word_1_107' title='bbox 332 1383 378 1435; x_wconf 90' lang='lat' dir='ltr'><strong>est</strong></span> <span class='ocrx_word' id='word_1_108' title='bbox 398 1373 444 1434; x_wconf 87' lang='lat' dir='ltr'><strong>vir</strong></span> <span class='ocrx_word' id='word_1_109' title='bbox 465 1373 582 1436; x_wconf 90' lang='lat' dir='ltr'><strong>doctus.</strong></span> <span class='ocrx_word' id='word_1_110' title='bbox 626 1374 714 1438; x_wconf 85' lang='lat' dir='ltr'><strong>Patet</strong></span> <span class='ocrx_word' id='word_1_111' title='bbox 734 1373 814 1437; x_wconf 91' lang='lat' dir='ltr'><strong>enim</strong></span> <span class='ocrx_word' id='word_1_112' title='bbox 837 1372 969 1451; x_wconf 88' lang='lat' dir='ltr'><strong>cogitare</strong></span> <span class='ocrx_word' id='word_1_113' title='bbox 992 1371 1029 1434; x_wconf 86' lang='lat' dir='ltr'><strong>de</strong></span> <span class='ocrx_word' id='word_1_114' title='bbox 1050 1371 1166 1435; x_wconf 86' lang='lat' dir='ltr'><strong>Iustino</strong></span> <span class='ocrx_word' id='word_1_115' title='bbox 1189 1375 1329 1454; x_wconf 85' lang='lat' dir='ltr'><strong>quodem,</strong></span> 
     </span>
     <span class='ocr_line' id='line_1_12' title="bbox 93 1473 1329 1556; baseline 0.001 -17"><span class='ocrx_word' id='word_1_116' title='bbox 93 1475 168 1539; x_wconf 83' lang='lat' dir='ltr'><strong>mni</strong></span> <span class='ocrx_word' id='word_1_117' title='bbox 197 1485 327 1548; x_wconf 88' lang='lat' dir='ltr'><strong>auctore,</strong></span> <span class='ocrx_word' id='word_1_118' title='bbox 358 1475 486 1538; x_wconf 81' lang='lat' dir='ltr'><strong>fortasse</strong></span> <span class='ocrx_word' id='word_1_119' title='bbox 508 1476 623 1538; x_wconf 90' lang='lat' dir='ltr'><strong>Iustino</strong></span> <span class='ocrx_word' id='word_1_120' title='bbox 644 1477 782 1556; x_wconf 80' lang='lat' dir='ltr'><strong>Martyre.</strong></span> <span class='ocrx_word' id='word_1_121' title='bbox 826 1475 887 1537; x_wconf 87' lang='lat' dir='ltr'><strong>Sed</strong></span> <span class='ocrx_word' id='word_1_122' title='bbox 909 1473 997 1536; x_wconf 90' lang='lat' dir='ltr'><strong>testis</strong></span> <span class='ocrx_word' id='word_1_123' title='bbox 1019 1482 1067 1535; x_wconf 88' lang='lat' dir='ltr'><strong>est</strong></span> <span class='ocrx_word' id='word_1_124' title='bbox 1088 1474 1241 1540; x_wconf 86' lang='lat' dir='ltr'><strong>Gedrenus</strong></span> <span class='ocrx_word' id='word_1_125' title='bbox 1264 1493 1329 1539; x_wconf 85' lang='lat' dir='ltr'><strong>cer·</strong></span> 
     </span>
     <span class='ocr_line' id='line_1_13' title="bbox 93 1573 1330 1657; baseline -0.001 -16"><span class='ocrx_word' id='word_1_126' title='bbox 93 1596 123 1641; x_wconf 82' lang='lat' dir='ltr'><strong>ut</strong></span> <span class='ocrx_word' id='word_1_127' title='bbox 157 1595 276 1640; x_wconf 88' lang='lat' dir='ltr'><strong>sacrum</strong></span> <span class='ocrx_word' id='word_1_128' title='bbox 305 1586 440 1657; x_wconf 91' lang='lat' dir='ltr'><strong>tempore</strong></span> <span class='ocrx_word' id='word_1_129' title='bbox 461 1577 570 1639; x_wconf 82' lang='lat' dir='ltr'><strong>tustini</strong></span> <span class='ocrx_word' id='word_1_130' title='bbox 599 1577 722 1641; x_wconf 91' lang='lat' dir='ltr'><strong>secundi</strong></span> <span class='ocrx_word' id='word_1_131' title='bbox 751 1575 943 1656; x_wconf 85' lang='lat' dir='ltr'><strong>imperatoris</strong></span> <span class='ocrx_word' id='word_1_132' title='bbox 971 1573 1052 1636; x_wconf 89' lang='lat' dir='ltr'><strong>circa</strong></span> <span class='ocrx_word' id='word_1_133' title='bbox 1080 1592 1191 1638; x_wconf 93' lang='lat' dir='ltr'><strong>annum</strong></span> <span class='ocrx_word' id='word_1_134' title='bbox 1213 1579 1276 1644; x_wconf 84' lang='lat'><strong>600</strong></span> <span class='ocrx_word' id='word_1_135' title='bbox 1298 1578 1330 1641; x_wconf 94' lang='lat' dir='ltr'><strong>in</strong></span> 
     </span>
     <span class='ocr_line' id='line_1_14' title="bbox 93 1670 1329 1758; baseline 0.001 -15"><span class='ocrx_word' id='word_1_136' title='bbox 93 1680 191 1757; x_wconf 88' lang='lat' dir='ltr'><strong>turgia</strong></span> <span class='ocrx_word' id='word_1_137' title='bbox 221 1696 305 1740; x_wconf 91' lang='lat' dir='ltr'><strong>sacra</strong></span> <span class='ocrx_word' id='word_1_138' title='bbox 335 1689 488 1758; x_wconf 84' lang='lat' dir='ltr'><strong>receptum</strong></span> <span class='ocrx_word' id='word_1_139' title='bbox 517 1697 584 1741; x_wconf 84' lang='lat' dir='ltr'><strong>esse</strong></span> <span class='ocrx_word' id='word_1_140' title='bbox 616 1697 646 1758; x_wconf 85' lang='grc' dir='ltr'><strong>ρ.</strong></span> <span class='ocrx_word' id='word_1_141' title='bbox 668 1680 741 1744; x_wconf 84' lang='grc'><strong>684.</strong></span> <span class='ocrx_word' id='word_1_142' title='bbox 763 1680 825 1744; x_wconf 81' lang='grc'><strong>685</strong></span> <span class='ocrx_word' id='word_1_143' title='bbox 848 1676 896 1739; x_wconf 90' lang='lat' dir='ltr'><strong>ed.</strong></span> <span class='ocrx_word' id='word_1_144' title='bbox 917 1677 1030 1737; x_wconf 88' lang='lat' dir='ltr'><strong>Bonn.:</strong></span> <span class='ocrx_word' id='word_1_145' title='bbox 1059 1708 1100 1722; x_wconf 92' lang='lat'><em>-</em></span> <span class='ocrx_word' id='word_1_146' title='bbox 1123 1670 1183 1741; x_wconf 67' lang='lat' dir='ltr'><strong>eret</strong></span> <span class='ocrx_word' id='word_1_147' title='bbox 1209 1670 1329 1744; x_wconf 79' lang='grc' dir='ltr'><strong><em>τούτου</em></strong></span> 
     </span>
     <span class='ocr_line' id='line_1_15' title="bbox 93 1771 1329 1865; baseline -0.002 -20"><span class='ocrx_word' id='word_1_148' title='bbox 93 1774 219 1865; x_wconf 63' lang='grc' dir='ltr'><strong>υπῶθη</strong></span> <span class='ocrx_word' id='word_1_149' title='bbox 241 1773 439 1865; x_wconf 73' lang='grc' dir='ltr'><strong><em>ψάλλεσθαι</em></strong></span> <span class='ocrx_word' id='word_1_150' title='bbox 458 1781 499 1862; x_wconf 78' lang='grc' dir='ltr'><strong>τῇ</strong></span> <span class='ocrx_word' id='word_1_151' title='bbox 518 1771 644 1865; x_wconf 77' lang='grc' dir='ltr'><em>μεγάλῃ</em></span> <span class='ocrx_word' id='word_1_152' title='bbox 666 1771 692 1842; x_wconf 82' lang='lat' dir='ltr'><strong>s&#39;</strong></span> <span class='ocrx_word' id='word_1_153' title='bbox 714 1779 798 1857; x_wconf 76' lang='lat' dir='ltr'><strong>„cori</strong></span> <span class='ocrx_word' id='word_1_154' title='bbox 812 1772 950 1842; x_wconf 77' lang='grc' dir='ltr'><strong><em>δείπνου</em></strong></span> <span class='ocrx_word' id='word_1_155' title='bbox 965 1778 1027 1840; x_wconf 80' lang='lat' dir='ltr'><strong>uoti</strong></span> <span class='ocrx_word' id='word_1_156' title='bbox 1040 1777 1100 1841; x_wconf 82' lang='grc' dir='ltr'><strong>τοῦ</strong></span> <span class='ocrx_word' id='word_1_157' title='bbox 1112 1781 1274 1858; x_wconf 76' lang='grc' dir='ltr'><strong><em>μυστικοῦ</em></strong></span> <span class='ocrx_word' id='word_1_158' title='bbox 1288 1813 1329 1827; x_wconf 89' lang='grc'><strong>-</strong></span> 
     </span>
     <span class='ocr_line' id='line_1_16' title="bbox 93 1871 1328 1967; baseline -0.002 -20"><span class='ocrx_word' id='word_1_159' title='bbox 93 1885 193 1960; x_wconf 77' lang='grc'><strong>.224)</strong></span> <span class='ocrx_word' id='word_1_160' title='bbox 214 1913 256 1927; x_wconf 89' lang='grc'><strong>-</strong></span> <span class='ocrx_word' id='word_1_161' title='bbox 279 1874 439 1966; x_wconf 72' lang='grc' dir='ltr'><strong><em>ἐτυπώθη</em></strong></span> <span class='ocrx_word' id='word_1_162' title='bbox 462 1875 500 1944; x_wconf 80' lang='grc' dir='ltr'><strong>δὲ</strong></span> <span class='ocrx_word' id='word_1_163' title='bbox 520 1874 719 1967; x_wconf 72' lang='grc' dir='ltr'><strong><em>ψάλλεσθαι</em></strong></span> <span class='ocrx_word' id='word_1_164' title='bbox 739 1874 798 1944; x_wconf 86' lang='grc' dir='ltr'><strong>καὶ</strong></span> <span class='ocrx_word' id='word_1_165' title='bbox 818 1871 836 1943; x_wconf 82' lang='grc' dir='ltr'>ὁ</span> <span class='ocrx_word' id='word_1_166' title='bbox 859 1872 1066 1958; x_wconf 76' lang='grc' dir='ltr'><strong><em>Χερουβικὸς</em></strong></span> <span class='ocrx_word' id='word_1_167' title='bbox 1087 1871 1199 1959; x_wconf 70' lang='grc' dir='ltr'><strong><em>ὕμνος.</em></strong></span> <span class='ocrx_word' id='word_1_168' title='bbox 1232 1881 1328 1945; x_wconf 83' lang='lat' dir='ltr'><strong>liade</strong></span> 
     </span>
     <span class='ocr_line' id='line_1_17' title="bbox 93 1968 1328 2062; baseline -0.002 -15"><span class='ocrx_word' id='word_1_169' title='bbox 93 2003 148 2047; x_wconf 85' lang='lat' dir='ltr'><strong>usa</strong></span> <span class='ocrx_word' id='word_1_170' title='bbox 171 1984 298 2062; x_wconf 79' lang='lat' dir='ltr'><strong>hymnus</strong></span> <span class='ocrx_word' id='word_1_171' title='bbox 321 2000 387 2044; x_wconf 88' lang='lat' dir='ltr'><strong>cum</strong></span> <span class='ocrx_word' id='word_1_172' title='bbox 409 1982 545 2045; x_wconf 87' lang='lat' dir='ltr'><strong>oratione</strong></span> <span class='ocrx_word' id='word_1_173' title='bbox 567 2002 636 2045; x_wconf 85' lang='lat' dir='ltr'><strong>sua:</strong></span> <span class='ocrx_word' id='word_1_174' title='bbox 660 1975 772 2057; x_wconf 82' lang='grc' dir='ltr'><strong><em>οὐδεὶς</em></strong></span> <span class='ocrx_word' id='word_1_175' title='bbox 792 1968 886 2057; x_wconf 60' lang='grc' dir='ltr'><strong><em>ἄξιος</em></strong></span> <span class='ocrx_word' id='word_1_176' title='bbox 904 1976 973 2042; x_wconf 82' lang='grc' dir='ltr'><strong><em>κτλ.</em></strong></span> <span class='ocrx_word' id='word_1_177' title='bbox 996 1979 1187 2043; x_wconf 85' lang='lat' dir='ltr'><strong>desideratur</strong></span> <span class='ocrx_word' id='word_1_178' title='bbox 1207 1980 1238 2044; x_wconf 89' lang='lat' dir='ltr'><strong>in</strong></span> <span class='ocrx_word' id='word_1_179' title='bbox 1261 1984 1328 2045; x_wconf 86' lang='lat' dir='ltr'><strong>offi-</strong></span> 
     </span>
     <span class='ocr_line' id='line_1_18' title="bbox 93 2080 1328 2165; baseline 0 -18"><span class='ocrx_word' id='word_1_180' title='bbox 93 2088 114 2147; x_wconf 88' lang='lat' dir='ltr'><strong>is</strong></span> <span class='ocrx_word' id='word_1_181' title='bbox 131 2088 285 2165; x_wconf 80' lang='lat' dir='ltr'><strong>Syrorum,</strong></span> <span class='ocrx_word' id='word_1_182' title='bbox 310 2084 502 2164; x_wconf 83' lang='lat' dir='ltr'><strong>Coptitarunt,</strong></span> <span class='ocrx_word' id='word_1_183' title='bbox 525 2084 715 2163; x_wconf 78' lang='lat' dir='ltr'>Aethiopum,</span> <span class='ocrx_word' id='word_1_184' title='bbox 736 2080 1002 2146; x_wconf 87' lang='lat' dir='ltr'><strong>Nestorianorum:</strong></span> <span class='ocrx_word' id='word_1_185' title='bbox 1026 2080 1131 2143; x_wconf 85' lang='lat' dir='ltr'><strong>obvius</strong></span> <span class='ocrx_word' id='word_1_186' title='bbox 1154 2084 1254 2145; x_wconf 91' lang='lat' dir='ltr'><strong>estin</strong></span> <span class='ocrx_word' id='word_1_187' title='bbox 1275 2085 1328 2149; x_wconf 84' lang='lat' dir='ltr'><strong>Li-</strong></span> 
     </span>
     <span class='ocr_line' id='line_1_19' title="bbox 93 2181 1328 2265; baseline 0.002 -18"><span class='ocrx_word' id='word_1_188' title='bbox 93 2187 155 2265; x_wconf 89' lang='lat' dir='ltr'><strong>rgia</strong></span> <span class='ocrx_word' id='word_1_189' title='bbox 177 2188 384 2258; x_wconf 76' lang='lat' dir='ltr'><strong>Armenorum,</strong></span> <span class='ocrx_word' id='word_1_190' title='bbox 419 2185 470 2265; x_wconf 92' lang='lat' dir='ltr'><strong>qui</strong></span> <span class='ocrx_word' id='word_1_191' title='bbox 492 2185 681 2248; x_wconf 82' lang='lat' dir='ltr'><strong>cherubicam</strong></span> <span class='ocrx_word' id='word_1_192' title='bbox 704 2183 873 2246; x_wconf 87' lang='lat' dir='ltr'><strong>cantionem</strong></span> <span class='ocrx_word' id='word_1_193' title='bbox 896 2181 986 2243; x_wconf 90' lang='lat' dir='ltr'><strong>modo</strong></span> <span class='ocrx_word' id='word_1_194' title='bbox 1009 2183 1148 2261; x_wconf 84' lang='lat' dir='ltr'><strong>genitam,</strong></span> <span class='ocrx_word' id='word_1_195' title='bbox 1171 2203 1239 2247; x_wconf 92' lang='lat' dir='ltr'><strong>cum</strong></span> <span class='ocrx_word' id='word_1_196' title='bbox 1261 2204 1328 2249; x_wconf 87' lang='lat' dir='ltr'><strong>sae-</strong></span> 
     </span>
     <span class='ocr_line' id='line_1_20' title="bbox 93 2283 1327 2367; baseline 0.002 -19"><span class='ocrx_word' id='word_1_197' title='bbox 93 2286 126 2349; x_wconf 87' lang='lat' dir='ltr'><strong>lo</strong></span> <span class='ocrx_word' id='word_1_198' title='bbox 155 2286 274 2349; x_wconf 90' lang='lat' dir='ltr'><strong>demum</strong></span> <span class='ocrx_word' id='word_1_199' title='bbox 303 2287 431 2367; x_wconf 89' lang='lat' dir='ltr'><strong>septimo</strong></span> <span class='ocrx_word' id='word_1_200' title='bbox 460 2305 586 2367; x_wconf 89' lang='lat' dir='ltr'><strong>prorsus</strong></span> <span class='ocrx_word' id='word_1_201' title='bbox 615 2286 652 2348; x_wconf 88' lang='lat' dir='ltr'><strong>ab</strong></span> <span class='ocrx_word' id='word_1_202' title='bbox 682 2283 857 2348; x_wconf 86' lang='lat' dir='ltr'><strong>orthodoxis</strong></span> <span class='ocrx_word' id='word_1_203' title='bbox 886 2283 1078 2358; x_wconf 84' lang='lat' dir='ltr'><strong>secesserint,</strong></span> <span class='ocrx_word' id='word_1_204' title='bbox 1107 2284 1327 2351; x_wconf 83' lang='lat' dir='ltr'><strong>sGrsccorum</strong></span> 
     </span>
     <span class='ocr_line' id='line_1_21' title="bbox 93 2387 754 2468; baseline -0.003 -17"><span class='ocrx_word' id='word_1_205' title='bbox 93 2387 167 2451; x_wconf 90' lang='lat' dir='ltr'><strong>tibus</strong></span> <span class='ocrx_word' id='word_1_206' title='bbox 189 2388 220 2450; x_wconf 90' lang='lat' dir='ltr'><strong>in</strong></span> <span class='ocrx_word' id='word_1_207' title='bbox 243 2407 314 2450; x_wconf 87' lang='lat' dir='ltr'><strong>suos</strong></span> <span class='ocrx_word' id='word_1_208' title='bbox 336 2390 547 2467; x_wconf 78' lang='lat' dir='ltr'><strong>transmigrare</strong></span> <span class='ocrx_word' id='word_1_209' title='bbox 569 2389 652 2468; x_wconf 89' lang='lat' dir='ltr'><strong>passi</strong></span> <span class='ocrx_word' id='word_1_210' title='bbox 675 2395 754 2450; x_wconf 91' lang='lat' dir='ltr'><strong>sunt.</strong></span> 
     </span>
    </p>

    <p class='ocr_par' dir='ltr' id='par_1_3' title="bbox 93 2486 1329 4296">
     <span class='ocr_line' id='line_1_22' title="bbox 145 2486 1327 2568; baseline 0 -14"><span class='ocrx_word' id='word_1_211' title='bbox 145 2491 290 2554; x_wconf 69' lang='lat' dir='ltr'><strong>(lautores</strong></span> <span class='ocrx_word' id='word_1_212' title='bbox 311 2490 458 2568; x_wconf 73' lang='lat' dir='ltr'><strong>Hymnum</strong></span> <span class='ocrx_word' id='word_1_213' title='bbox 474 2489 673 2552; x_wconf 75' lang='lat' dir='ltr'><strong>cherubicum</strong></span> <span class='ocrx_word' id='word_1_214' title='bbox 695 2487 814 2567; x_wconf 90' lang='lat' dir='ltr'><strong>longius</strong></span> <span class='ocrx_word' id='word_1_215' title='bbox 835 2486 1003 2568; x_wconf 86' lang='lat' dir='ltr'><strong>producant</strong></span> <span class='ocrx_word' id='word_1_216' title='bbox 1024 2504 1149 2551; x_wconf 87' lang='lat' dir='ltr'><strong>neccsse</strong></span> <span class='ocrx_word' id='word_1_217' title='bbox 1171 2498 1227 2552; x_wconf 75' lang='lat' dir='ltr'><strong>est</strong></span> <span class='ocrx_word' id='word_1_218' title='bbox 1252 2491 1327 2554; x_wconf 91' lang='lat' dir='ltr'><strong>Nam</strong></span> 
     </span>
     <span class='ocr_line' id='line_1_23' title="bbox 93 2579 1329 2670; baseline 0.003 -17"><span class='ocrx_word' id='word_1_219' title='bbox 93 2598 139 2654; x_wconf 87' lang='lat' dir='ltr'><strong>ter</strong></span> <span class='ocrx_word' id='word_1_220' title='bbox 165 2590 250 2653; x_wconf 88' lang='lat' dir='ltr'><strong>ebori</strong></span> <span class='ocrx_word' id='word_1_221' title='bbox 281 2600 400 2652; x_wconf 91' lang='lat' dir='ltr'><strong>cantum</strong></span> <span class='ocrx_word' id='word_1_222' title='bbox 429 2592 534 2654; x_wconf 87' lang='lat' dir='ltr'><strong>recitat</strong></span> <span class='ocrx_word' id='word_1_223' title='bbox 563 2591 712 2653; x_wconf 79' lang='lat' dir='ltr'><strong>Sacerdos</strong></span> <span class='ocrx_word' id='word_1_224' title='bbox 740 2598 858 2651; x_wconf 88' lang='lat' dir='ltr'><strong>secreto</strong></span> <span class='ocrx_word' id='word_1_225' title='bbox 886 2587 1068 2651; x_wconf 86' lang='lat' dir='ltr'><strong>orationem:</strong></span> <span class='ocrx_word' id='word_1_226' title='bbox 1103 2579 1214 2666; x_wconf 73' lang='grc' dir='ltr'><strong><em>οὐδεὶς</em></strong></span> <span class='ocrx_word' id='word_1_227' title='bbox 1235 2579 1329 2670; x_wconf 57' lang='lat' dir='ltr'><strong>dignos</strong></span> 
     </span>
     <span class='ocr_line' id='line_1_24' title="bbox 93 2684 1328 2772; baseline 0.002 -17"><span class='ocrx_word' id='word_1_228' title='bbox 93 2689 137 2769; x_wconf 64' lang='grc' dir='ltr'><strong>ελ,</strong></span> <span class='ocrx_word' id='word_1_229' title='bbox 158 2692 307 2754; x_wconf 82' lang='lat' dir='ltr'><strong>Sacerdos</strong></span> <span class='ocrx_word' id='word_1_230' title='bbox 329 2701 360 2754; x_wconf 91' lang='lat' dir='ltr'><strong>et</strong></span> <span class='ocrx_word' id='word_1_231' title='bbox 372 2693 523 2755; x_wconf 85' lang='lat' dir='ltr'><strong>Diaconus</strong></span> <span class='ocrx_word' id='word_1_232' title='bbox 546 2702 577 2753; x_wconf 92' lang='lat' dir='ltr'><strong>et</strong></span> <span class='ocrx_word' id='word_1_233' title='bbox 591 2692 650 2772; x_wconf 90' lang='lat' dir='ltr'><strong>ipsi</strong></span> <span class='ocrx_word' id='word_1_234' title='bbox 672 2684 891 2769; x_wconf 57' lang='lat' dir='ltr'><strong>„sinoot&#39;doooe</strong></span> <span class='ocrx_word' id='word_1_235' title='bbox 904 2685 946 2752; x_wconf 81' lang='lat' dir='ltr'><strong>cd</strong></span> <span class='ocrx_word' id='word_1_236' title='bbox 960 2685 1163 2772; x_wconf 56' lang='lat' dir='ltr'><strong>Xspovflip‘ss</strong></span> <span class='ocrx_word' id='word_1_237' title='bbox 1187 2692 1328 2759; x_wconf 87' lang='lat' dir='ltr'><strong>deferun-</strong></span> 
     </span>
     <span class='ocr_line' id='line_1_25' title="bbox 93 2791 1326 2877; baseline 0.005 -23"><span class='ocrx_word' id='word_1_238' title='bbox 93 2812 110 2854; x_wconf 81' lang='grc' dir='ltr'><strong>ι·</strong></span> <span class='ocrx_word' id='word_1_239' title='bbox 130 2812 216 2856; x_wconf 84' lang='lat' dir='ltr'><strong>saera</strong></span> <span class='ocrx_word' id='word_1_240' title='bbox 243 2793 320 2855; x_wconf 90' lang='lat' dir='ltr'><strong>dona</strong></span> <span class='ocrx_word' id='word_1_241' title='bbox 342 2812 358 2855; x_wconf 89' lang='lat' dir='ltr'><strong>s</strong></span> <span class='ocrx_word' id='word_1_242' title='bbox 373 2794 517 2873; x_wconf 91' lang='lat' dir='ltr'><strong>prothesi,</strong></span> <span class='ocrx_word' id='word_1_243' title='bbox 540 2794 658 2857; x_wconf 80' lang='lat' dir='ltr'><strong>ducitur</strong></span> <span class='ocrx_word' id='word_1_244' title='bbox 672 2793 830 2870; x_wconf 86' lang='lat' dir='ltr'><strong>magnifica</strong></span> <span class='ocrx_word' id='word_1_245' title='bbox 844 2791 895 2853; x_wconf 88' lang='lat' dir='ltr'><strong>illa</strong></span> <span class='ocrx_word' id='word_1_246' title='bbox 912 2804 941 2854; x_wconf 90' lang='lat' dir='ltr'><strong>et</strong></span> <span class='ocrx_word' id='word_1_247' title='bbox 956 2793 1189 2857; x_wconf 87' lang='lat' dir='ltr'><strong>sollemnissima</strong></span> <span class='ocrx_word' id='word_1_248' title='bbox 1205 2815 1326 2877; x_wconf 90' lang='lat' dir='ltr'><strong>pompa,</strong></span> 
     </span>
     <span class='ocr_line' id='line_1_26' title="bbox 93 2887 1326 2979; baseline 0.005 -24"><span class='ocrx_word' id='word_1_249' title='bbox 93 2910 147 2955; x_wconf 77' lang='lat' dir='ltr'><strong>um</strong></span> <span class='ocrx_word' id='word_1_250' title='bbox 170 2893 322 2974; x_wconf 88' lang='lat' dir='ltr'><strong>appellant</strong></span> <span class='ocrx_word' id='word_1_251' title='bbox 337 2895 441 2958; x_wconf 88' lang='lat' dir='ltr'><strong>Graeci</strong></span> <span class='ocrx_word' id='word_1_252' title='bbox 463 2891 521 2979; x_wconf 79' lang='grc' dir='ltr'><strong>τὴν</strong></span> <span class='ocrx_word' id='word_1_253' title='bbox 541 2890 684 2979; x_wconf 77' lang='grc' dir='ltr'><em>μεγάλην</em></span> <span class='ocrx_word' id='word_1_254' title='bbox 706 2887 844 2969; x_wconf 69' lang='lat' dir='ltr'><strong>sicodor.</strong></span> <span class='ocrx_word' id='word_1_255' title='bbox 889 2892 1008 2972; x_wconf 77' lang='lat' dir='ltr'><strong>Optime</strong></span> <span class='ocrx_word' id='word_1_256' title='bbox 1031 2897 1116 2975; x_wconf 86' lang='lat' dir='ltr'><strong>quasi</strong></span> <span class='ocrx_word' id='word_1_257' title='bbox 1138 2908 1326 2975; x_wconf 86' lang='lat' dir='ltr'><strong>praesentem</strong></span> 
     </span>
     <span class='ocr_line' id='line_1_27' title="bbox 93 2995 1327 3076; baseline 0.004 -21"><span class='ocrx_word' id='word_1_258' title='bbox 93 2995 203 3074; x_wconf 80' lang='lat' dir='ltr'><strong>oponit</strong></span> <span class='ocrx_word' id='word_1_259' title='bbox 224 2995 427 3060; x_wconf 90' lang='lat' dir='ltr'><strong>incedentium</strong></span> <span class='ocrx_word' id='word_1_260' title='bbox 449 2998 585 3059; x_wconf 86' lang='lat' dir='ltr'><strong>ordinem</strong></span> <span class='ocrx_word' id='word_1_261' title='bbox 609 2997 723 3059; x_wconf 85' lang='lat' dir='ltr'><strong>Gnarus</strong></span> <span class='ocrx_word' id='word_1_262' title='bbox 744 2997 765 3057; x_wconf 88' lang='lat' dir='ltr'><strong>l.</strong></span> <span class='ocrx_word' id='word_1_263' title='bbox 781 3013 807 3056; x_wconf 88' lang='lat' dir='ltr'><strong>n.</strong></span> <span class='ocrx_word' id='word_1_264' title='bbox 828 3012 859 3073; x_wconf 87' lang='lat' dir='ltr'><strong>p.</strong></span> <span class='ocrx_word' id='word_1_265' title='bbox 878 2995 934 3057; x_wconf 88' lang='grc'><strong>131</strong></span> <span class='ocrx_word' id='word_1_266' title='bbox 953 3013 1014 3074; x_wconf 91' lang='lat' dir='ltr'><strong>sq.:</strong></span> <span class='ocrx_word' id='word_1_267' title='bbox 1036 2995 1192 3076; x_wconf 85' lang='lat' dir='ltr'><strong>Duplicem</strong></span> <span class='ocrx_word' id='word_1_268' title='bbox 1208 2998 1327 3076; x_wconf 89' lang='lat' dir='ltr'><strong>Ingres-</strong></span> 
     </span>
     <span class='ocr_line' id='line_1_28' title="bbox 93 3094 1327 3179; baseline 0.003 -22"><span class='ocrx_word' id='word_1_269' title='bbox 93 3112 226 3170; x_wconf 82' lang='lat' dir='ltr'><strong>messe,</strong></span> <span class='ocrx_word' id='word_1_270' title='bbox 250 3099 281 3158; x_wconf 95' lang='lat' dir='ltr'><strong>in</strong></span> <span class='ocrx_word' id='word_1_271' title='bbox 304 3099 510 3179; x_wconf 89' lang='lat' dir='ltr'><strong>superioribus</strong></span> <span class='ocrx_word' id='word_1_272' title='bbox 533 3098 722 3160; x_wconf 81' lang='lat' dir='ltr'><strong>observatum</strong></span> <span class='ocrx_word' id='word_1_273' title='bbox 745 3104 800 3168; x_wconf 86' lang='lat' dir='ltr'><strong>est,</strong></span> <span class='ocrx_word' id='word_1_274' title='bbox 823 3094 981 3168; x_wconf 86' lang='lat' dir='ltr'><strong>minorem,</strong></span> <span class='ocrx_word' id='word_1_275' title='bbox 1010 3115 1070 3176; x_wconf 89' lang='lat' dir='ltr'><strong>quo</strong></span> <span class='ocrx_word' id='word_1_276' title='bbox 1092 3114 1209 3160; x_wconf 85' lang='lat' dir='ltr'><strong>suerum</strong></span> <span class='ocrx_word' id='word_1_277' title='bbox 1231 3099 1327 3173; x_wconf 74' lang='lat' dir='ltr'><strong>ligan-</strong></span> 
     </span>
     <span class='ocr_line' id='line_1_29' title="bbox 93 3195 1327 3281; baseline 0.006 -22"><span class='ocrx_word' id='word_1_278' title='bbox 93 3195 186 3273; x_wconf 83' lang='lat' dir='ltr'><strong>dium;</strong></span> <span class='ocrx_word' id='word_1_279' title='bbox 208 3200 362 3272; x_wconf 89' lang='lat' dir='ltr'><strong>maiorem,</strong></span> <span class='ocrx_word' id='word_1_280' title='bbox 386 3219 444 3280; x_wconf 93' lang='lat' dir='ltr'><strong>quo</strong></span> <span class='ocrx_word' id='word_1_281' title='bbox 467 3217 552 3260; x_wconf 89' lang='lat' dir='ltr'><strong>sacra</strong></span> <span class='ocrx_word' id='word_1_282' title='bbox 575 3199 652 3260; x_wconf 90' lang='lat' dir='ltr'><strong>dona</strong></span> <span class='ocrx_word' id='word_1_283' title='bbox 676 3198 713 3260; x_wconf 90' lang='lat' dir='ltr'><strong>ad</strong></span> <span class='ocrx_word' id='word_1_284' title='bbox 735 3197 828 3259; x_wconf 87' lang='lat' dir='ltr'><strong>altare</strong></span> <span class='ocrx_word' id='word_1_285' title='bbox 851 3197 1019 3259; x_wconf 89' lang='lat' dir='ltr'><strong>inferuntur</strong></span> <span class='ocrx_word' id='word_1_286' title='bbox 1031 3198 1068 3274; x_wconf 87' lang='lat'><strong>¹):</strong></span> <span class='ocrx_word' id='word_1_287' title='bbox 1091 3199 1142 3261; x_wconf 88' lang='lat' dir='ltr'><strong>bic</strong></span> <span class='ocrx_word' id='word_1_288' title='bbox 1157 3200 1187 3262; x_wconf 92' lang='lat' dir='ltr'><strong>in</strong></span> <span class='ocrx_word' id='word_1_289' title='bbox 1203 3200 1327 3281; x_wconf 86' lang='lat' dir='ltr'><strong>privatis</strong></span> 
     </span>
     <span class='ocr_line' id='line_1_30' title="bbox 93 3298 1326 3377; baseline 0.006 -17"><span class='ocrx_word' id='word_1_290' title='bbox 93 3299 188 3377; x_wconf 84' lang='lat' dir='ltr'><strong>urgiis</strong></span> <span class='ocrx_word' id='word_1_291' title='bbox 217 3300 388 3362; x_wconf 81' lang='lat' dir='ltr'><strong>abiacono</strong></span> <span class='ocrx_word' id='word_1_292' title='bbox 417 3310 447 3362; x_wconf 90' lang='lat' dir='ltr'><strong>et</strong></span> <span class='ocrx_word' id='word_1_293' title='bbox 468 3300 648 3375; x_wconf 89' lang='lat' dir='ltr'><strong>Sacerdote;</strong></span> <span class='ocrx_word' id='word_1_294' title='bbox 676 3299 722 3360; x_wconf 86' lang='lat' dir='ltr'><strong>vel</strong></span> <span class='ocrx_word' id='word_1_295' title='bbox 745 3298 777 3359; x_wconf 94' lang='lat' dir='ltr'><strong>in</strong></span> <span class='ocrx_word' id='word_1_296' title='bbox 799 3298 1040 3371; x_wconf 81' lang='lat' dir='ltr'><strong>solemnioribus,</strong></span> <span class='ocrx_word' id='word_1_297' title='bbox 1068 3321 1084 3363; x_wconf 95' lang='lat' dir='ltr'><strong>a</strong></span> <span class='ocrx_word' id='word_1_298' title='bbox 1107 3302 1253 3366; x_wconf 81' lang='lat' dir='ltr'><strong>Pontidcc</strong></span> <span class='ocrx_word' id='word_1_299' title='bbox 1276 3325 1326 3367; x_wconf 91' lang='lat' dir='ltr'><strong>ce·</strong></span> 
     </span>
     <span class='ocr_line' id='line_1_31' title="bbox 93 3396 1326 3484; baseline 0.007 -25"><span class='ocrx_word' id='word_1_300' title='bbox 93 3396 195 3461; x_wconf 83' lang='lat' dir='ltr'><strong>brente</strong></span> <span class='ocrx_word' id='word_1_301' title='bbox 222 3401 385 3480; x_wconf 82' lang='lat' dir='ltr'><strong>peragitur.</strong></span> <span class='ocrx_word' id='word_1_302' title='bbox 429 3402 468 3463; x_wconf 86' lang='lat' dir='ltr'><strong>Et</strong></span> <span class='ocrx_word' id='word_1_303' title='bbox 487 3402 627 3462; x_wconf 80' lang='lat' dir='ltr'><strong>Pontifex</strong></span> <span class='ocrx_word' id='word_1_304' title='bbox 655 3400 777 3481; x_wconf 93' lang='lat' dir='ltr'><strong>quidem</strong></span> <span class='ocrx_word' id='word_1_305' title='bbox 805 3399 831 3460; x_wconf 88' lang='lat' dir='ltr'><strong>si</strong></span> <span class='ocrx_word' id='word_1_306' title='bbox 862 3419 979 3463; x_wconf 89' lang='lat' dir='ltr'><strong>sacrum</strong></span> <span class='ocrx_word' id='word_1_307' title='bbox 1002 3402 1101 3477; x_wconf 87' lang='lat' dir='ltr'><strong>faciat,</strong></span> <span class='ocrx_word' id='word_1_308' title='bbox 1130 3405 1214 3466; x_wconf 87' lang='lat' dir='ltr'><strong>ilium</strong></span> <span class='ocrx_word' id='word_1_309' title='bbox 1236 3404 1326 3484; x_wconf 90' lang='lat' dir='ltr'><strong>fongo</strong></span> 
     </span>
     <span class='ocr_line' id='line_1_32' title="bbox 93 3499 1326 3586; baseline 0.008 -28"><span class='ocrx_word' id='word_1_310' title='bbox 93 3499 204 3563; x_wconf 72' lang='lat' dir='ltr'><strong>imitatu</strong></span> <span class='ocrx_word' id='word_1_311' title='bbox 227 3510 256 3563; x_wconf 87' lang='lat' dir='ltr'><strong>et</strong></span> <span class='ocrx_word' id='word_1_312' title='bbox 277 3501 434 3583; x_wconf 87' lang='lat' dir='ltr'><strong>multiplici</strong></span> <span class='ocrx_word' id='word_1_313' title='bbox 458 3512 601 3583; x_wconf 85' lang='lat' dir='ltr'><strong>apparatu</strong></span> <span class='ocrx_word' id='word_1_314' title='bbox 624 3519 734 3583; x_wconf 90' lang='lat' dir='ltr'><strong>pompa</strong></span> <span class='ocrx_word' id='word_1_315' title='bbox 756 3500 905 3582; x_wconf 87' lang='lat' dir='ltr'><strong>procedit.</strong></span> <span class='ocrx_word' id='word_1_316' title='bbox 943 3502 978 3564; x_wconf 88' lang='lat' dir='ltr'><strong>ln</strong></span> <span class='ocrx_word' id='word_1_317' title='bbox 999 3514 1085 3583; x_wconf 90' lang='lat' dir='ltr'><strong>porta</strong></span> <span class='ocrx_word' id='word_1_318' title='bbox 1108 3524 1235 3586; x_wconf 84' lang='lat' dir='ltr'><strong>nemque</strong></span> <span class='ocrx_word' id='word_1_319' title='bbox 1252 3507 1326 3568; x_wconf 89' lang='lat' dir='ltr'><strong>Pro·</strong></span> 
     </span>
     <span class='ocr_line' id='line_1_33' title="bbox 94 3603 1326 3683; baseline 0.004 -19"><span class='ocrx_word' id='word_1_320' title='bbox 94 3619 181 3664; x_wconf 83' lang='lat' dir='ltr'><strong>esens</strong></span> <span class='ocrx_word' id='word_1_321' title='bbox 203 3603 357 3666; x_wconf 87' lang='lat' dir='ltr'><strong>numerosi</strong></span> <span class='ocrx_word' id='word_1_322' title='bbox 379 3605 521 3667; x_wconf 87' lang='lat' dir='ltr'><strong>Lectores</strong></span> <span class='ocrx_word' id='word_1_323' title='bbox 544 3622 647 3667; x_wconf 85' lang='lat' dir='ltr'><strong>cereas</strong></span> <span class='ocrx_word' id='word_1_324' title='bbox 670 3604 751 3666; x_wconf 86' lang='lat' dir='ltr'><strong>faces</strong></span> <span class='ocrx_word' id='word_1_325' title='bbox 773 3620 917 3666; x_wconf 87' lang='lat' dir='ltr'><strong>accensas</strong></span> <span class='ocrx_word' id='word_1_326' title='bbox 938 3605 1153 3683; x_wconf 80' lang='lat' dir='ltr'><strong>praeferentes,</strong></span> <span class='ocrx_word' id='word_1_327' title='bbox 1176 3607 1326 3669; x_wconf 85' lang='lat' dir='ltr'><strong>Diaconos</strong></span> 
     </span>
     <span class='ocr_line' id='line_1_34' title="bbox 93 3704 1324 3788; baseline 0.006 -24"><span class='ocrx_word' id='word_1_328' title='bbox 93 3720 236 3777; x_wconf 74' lang='lat' dir='ltr'><strong>pensuros</strong></span> <span class='ocrx_word' id='word_1_329' title='bbox 264 3705 417 3784; x_wconf 86' lang='lat' dir='ltr'><strong>excipiunt</strong></span> <span class='ocrx_word' id='word_1_330' title='bbox 444 3714 475 3767; x_wconf 85' lang='lat' dir='ltr'><strong>et</strong></span> <span class='ocrx_word' id='word_1_331' title='bbox 495 3706 681 3786; x_wconf 87' lang='lat' dir='ltr'><strong>praecedunt</strong></span> <span class='ocrx_word' id='word_1_332' title='bbox 701 3706 746 3767; x_wconf 86' lang='lat' dir='ltr'><strong>via</strong></span> <span class='ocrx_word' id='word_1_333' title='bbox 769 3705 820 3767; x_wconf 87' lang='lat' dir='ltr'><strong>illa</strong></span> <span class='ocrx_word' id='word_1_334' title='bbox 843 3704 977 3778; x_wconf 87' lang='lat' dir='ltr'><strong>sinuosa,</strong></span> <span class='ocrx_word' id='word_1_335' title='bbox 1007 3724 1094 3785; x_wconf 90' lang='lat' dir='ltr'><strong>quam</strong></span> <span class='ocrx_word' id='word_1_336' title='bbox 1118 3707 1324 3788; x_wconf 78' lang='lat' dir='ltr'><strong>frequentibus</strong></span> 
     </span>
     <span class='ocr_line' id='line_1_35' title="bbox 93 3805 1326 3890; baseline 0.005 -23"><span class='ocrx_word' id='word_1_337' title='bbox 93 3805 180 3867; x_wconf 87' lang='lat' dir='ltr'><strong>metis</strong></span> <span class='ocrx_word' id='word_1_338' title='bbox 202 3825 257 3886; x_wconf 92' lang='lat' dir='ltr'><strong>per</strong></span> <span class='ocrx_word' id='word_1_339' title='bbox 275 3807 416 3886; x_wconf 89' lang='lat' dir='ltr'><strong>templum</strong></span> <span class='ocrx_word' id='word_1_340' title='bbox 432 3807 541 3883; x_wconf 90' lang='lat' dir='ltr'><strong>ductis,</strong></span> <span class='ocrx_word' id='word_1_341' title='bbox 563 3806 731 3869; x_wconf 81' lang='lat' dir='ltr'><strong>notavimus</strong></span> <span class='ocrx_word' id='word_1_342' title='bbox 747 3806 865 3881; x_wconf 78' lang='lat' dir='ltr'><strong>tabula3</strong></span> <span class='ocrx_word' id='word_1_343' title='bbox 882 3806 1047 3871; x_wconf 86' lang='lat' dir='ltr'><strong>succedunt</strong></span> <span class='ocrx_word' id='word_1_344' title='bbox 1062 3807 1195 3882; x_wconf 85' lang='lat' dir='ltr'><strong>Diaconi,</strong></span> <span class='ocrx_word' id='word_1_345' title='bbox 1219 3820 1249 3872; x_wconf 93' lang='lat' dir='ltr'><strong>et</strong></span> <span class='ocrx_word' id='word_1_346' title='bbox 1262 3810 1326 3890; x_wconf 89' lang='lat' dir='ltr'><strong>pri·</strong></span> 
     </span>
     <span class='ocr_line' id='line_1_36' title="bbox 93 3906 1325 3990; baseline 0.005 -22"><span class='ocrx_word' id='word_1_347' title='bbox 93 3922 127 3969; x_wconf 88' lang='lat' dir='ltr'><strong>us</strong></span> <span class='ocrx_word' id='word_1_348' title='bbox 148 3906 269 3987; x_wconf 87' lang='lat' dir='ltr'><strong>quidem</strong></span> <span class='ocrx_word' id='word_1_349' title='bbox 290 3926 394 3970; x_wconf 91' lang='lat' dir='ltr'><strong>eorum</strong></span> <span class='ocrx_word' id='word_1_350' title='bbox 416 3908 584 3990; x_wconf 91' lang='lat' dir='ltr'><strong>depositum</strong></span> <span class='ocrx_word' id='word_1_351' title='bbox 608 3908 786 3972; x_wconf 87' lang='lat' dir='ltr'><strong>aPontifice</strong></span> <span class='ocrx_word' id='word_1_352' title='bbox 808 3908 931 3989; x_wconf 78' lang='lat' dir='ltr'><strong>pallium</strong></span> <span class='ocrx_word' id='word_1_353' title='bbox 954 3906 1164 3989; x_wconf 87' lang='lat' dir='ltr'><strong>complicatum</strong></span> <span class='ocrx_word' id='word_1_354' title='bbox 1187 3910 1325 3974; x_wconf 87' lang='lat' dir='ltr'><strong>manibus</strong></span> 
     </span>
     <span class='ocr_line' id='line_1_37' title="bbox 93 4009 1325 4091; baseline 0.006 -23"><span class='ocrx_word' id='word_1_355' title='bbox 93 4009 174 4082; x_wconf 70' lang='lat' dir='ltr'><strong>dent,</strong></span> <span class='ocrx_word' id='word_1_356' title='bbox 201 4019 373 4089; x_wconf 87' lang='lat' dir='ltr'><strong>sequentes,</strong></span> <span class='ocrx_word' id='word_1_357' title='bbox 400 4010 549 4087; x_wconf 82' lang='lat' dir='ltr'><strong>Flabe11a3</strong></span> <span class='ocrx_word' id='word_1_358' title='bbox 577 4010 675 4072; x_wconf 90' lang='lat' dir='ltr'><strong>ultimi</strong></span> <span class='ocrx_word' id='word_1_359' title='bbox 701 4028 757 4091; x_wconf 91' lang='lat' dir='ltr'><strong>pro</strong></span> <span class='ocrx_word' id='word_1_360' title='bbox 786 4029 889 4073; x_wconf 89' lang='lat' dir='ltr'><strong>eorum</strong></span> <span class='ocrx_word' id='word_1_361' title='bbox 918 4009 1005 4090; x_wconf 89' lang='lat' dir='ltr'><strong>eopia</strong></span> <span class='ocrx_word' id='word_1_362' title='bbox 1034 4019 1064 4073; x_wconf 86' lang='lat' dir='ltr'><strong>et</strong></span> <span class='ocrx_word' id='word_1_363' title='bbox 1091 4029 1216 4074; x_wconf 85' lang='lat' dir='ltr'><strong>numero</strong></span> <span class='ocrx_word' id='word_1_364' title='bbox 1238 4012 1325 4076; x_wconf 89' lang='lat' dir='ltr'><strong>tbnra</strong></span> 
     </span>
     <span class='ocr_line' id='line_1_38' title="bbox 95 4109 1326 4191; baseline 0.003 -19"><span class='ocrx_word' id='word_1_365' title='bbox 95 4109 261 4189; x_wconf 75' lang='lat' dir='ltr'><strong>[fumigant.</strong></span> <span class='ocrx_word' id='word_1_366' title='bbox 305 4113 387 4174; x_wconf 83' lang='lat' dir='ltr'><strong>Viam</strong></span> <span class='ocrx_word' id='word_1_367' title='bbox 410 4112 497 4175; x_wconf 88' lang='lat' dir='ltr'><strong>thure</strong></span> <span class='ocrx_word' id='word_1_368' title='bbox 519 4122 549 4176; x_wconf 86' lang='lat' dir='ltr'><strong>et</strong></span> <span class='ocrx_word' id='word_1_369' title='bbox 571 4112 714 4175; x_wconf 90' lang='lat' dir='ltr'><strong>odoribus</strong></span> <span class='ocrx_word' id='word_1_370' title='bbox 736 4113 915 4191; x_wconf 80' lang='lat' dir='ltr'><strong>fragrantem</strong></span> <span class='ocrx_word' id='word_1_371' title='bbox 937 4111 1086 4175; x_wconf 84' lang='lat' dir='ltr'><strong>Diaconus</strong></span> <span class='ocrx_word' id='word_1_372' title='bbox 1109 4113 1154 4173; x_wconf 86' lang='lat' dir='ltr'><strong>vel</strong></span> <span class='ocrx_word' id='word_1_373' title='bbox 1177 4113 1326 4176; x_wconf 87' lang='lat' dir='ltr'><strong>Sacerdos</strong></span> 
     </span>
     <span class='ocr_line' id='line_1_39' title="bbox 93 4212 1324 4296; baseline 0.002 -21"><span class='ocrx_word' id='word_1_374' title='bbox 93 4229 167 4276; x_wconf 88' lang='lat' dir='ltr'><strong>mem</strong></span> <span class='ocrx_word' id='word_1_375' title='bbox 188 4231 308 4277; x_wconf 90' lang='lat' dir='ltr'><strong>sacrum</strong></span> <span class='ocrx_word' id='word_1_376' title='bbox 330 4213 361 4277; x_wconf 90' lang='lat' dir='ltr'><strong>in</strong></span> <span class='ocrx_word' id='word_1_377' title='bbox 374 4213 463 4277; x_wconf 84' lang='lat' dir='ltr'><strong>Disco</strong></span> <span class='ocrx_word' id='word_1_378' title='bbox 485 4215 661 4296; x_wconf 89' lang='lat' dir='ltr'><strong>repositum,</strong></span> <span class='ocrx_word' id='word_1_379' title='bbox 685 4224 716 4276; x_wconf 88' lang='lat' dir='ltr'><strong>et</strong></span> <span class='ocrx_word' id='word_1_380' title='bbox 729 4223 865 4294; x_wconf 88' lang='lat' dir='ltr'><strong>opertum</strong></span> <span class='ocrx_word' id='word_1_381' title='bbox 881 4212 1027 4277; x_wconf 85' lang='lat' dir='ltr'><strong>velamine</strong></span> <span class='ocrx_word' id='word_1_382' title='bbox 1042 4223 1162 4292; x_wconf 88' lang='lat' dir='ltr'><strong>gestans</strong></span> <span class='ocrx_word' id='word_1_383' title='bbox 1177 4215 1324 4294; x_wconf 90' lang='lat' dir='ltr'><strong>capessit:</strong></span> 
     </span>
    </p>
   </div>
   <div class='ocr_carea' id='block_1_3' title="bbox 93 4450 1325 4589">
    <p class='ocr_par' dir='ltr' id='par_1_4' title="bbox 93 4450 1325 4589">
     <span class='ocr_line' id='line_1_40' title="bbox 140 4450 1325 4535; baseline 0.006 -34"><span class='ocrx_word' id='word_1_384' title='bbox 140 4450 168 4509; x_wconf 81' lang='lat'><strong>1)</strong></span> <span class='ocrx_word' id='word_1_385' title='bbox 189 4451 255 4504; x_wconf 75' lang='lat' dir='ltr'><strong>Rene</strong></span> <span class='ocrx_word' id='word_1_386' title='bbox 277 4451 325 4505; x_wconf 86' lang='lat' dir='ltr'><strong>boe</strong></span> <span class='ocrx_word' id='word_1_387' title='bbox 348 4453 438 4519; x_wconf 80' lang='lat' dir='ltr'><strong>duplici</strong></span> <span class='ocrx_word' id='word_1_388' title='bbox 456 4455 565 4519; x_wconf 81' lang='lat' dir='ltr'><strong>ingressu</strong></span> <span class='ocrx_word' id='word_1_389' title='bbox 583 4454 670 4520; x_wconf 79' lang='lat' dir='ltr'><strong>duplet</strong></span> <span class='ocrx_word' id='word_1_390' title='bbox 689 4454 827 4506; x_wconf 80' lang='lat' dir='ltr'><strong>ostenditur</strong></span> <span class='ocrx_word' id='word_1_391' title='bbox 845 4453 961 4507; x_wconf 83' lang='lat' dir='ltr'><strong>ecelesiae</strong></span> <span class='ocrx_word' id='word_1_392' title='bbox 979 4452 1106 4506; x_wconf 85' lang='lat' dir='ltr'><strong>columen:</strong></span> <span class='ocrx_word' id='word_1_393' title='bbox 1130 4454 1225 4535; x_wconf 75' lang='lat' dir='ltr'><strong>terbum</strong></span> <span class='ocrx_word' id='word_1_394' title='bbox 1244 4462 1267 4507; x_wconf 87' lang='lat' dir='ltr'><strong>et</strong></span> <span class='ocrx_word' id='word_1_395' title='bbox 1284 4470 1325 4508; x_wconf 83' lang='lat' dir='ltr'><strong>sa-</strong></span> 
     </span>
     <span class='ocr_line' id='line_1_41' title="bbox 93 4543 213 4589; baseline 0.017 -2"><span class='ocrx_word' id='word_1_396' title='bbox 93 4543 213 4589; x_wconf 69' lang='lat' dir='ltr'><strong>Minu.</strong></span> 
     </span>
    </p>
   </div>
   <div class='ocr_carea' id='block_1_4' title="bbox 0 0 1526 4912">
    <p class='ocr_par' dir='ltr' id='par_1_5' title="bbox 0 0 1526 4912">
     <span class='ocr_line' id='line_1_42' title="bbox 0 0 1526 4912; baseline 0 0"><span class='ocrx_word' id='word_1_397' title='bbox 0 0 1526 4912; x_wconf 95' lang='lat' dir='ltr'><strong> </strong></span> 
     </span>
    </p>
   </div>
  </div>
 </body>
</html>
