<?xml version="1.0" encoding="UTF-8"?>
<!DOCTYPE html PUBLIC "-//W3C//DTD XHTML 1.0 Transitional//EN"
    "http://www.w3.org/TR/xhtml1/DTD/xhtml1-transitional.dtd">
<html xmlns="http://www.w3.org/1999/xhtml" xml:lang="en" lang="en">
 <head>
  <title>
</title>
<meta http-equiv="Content-Type" content="text/html;charset=utf-8" />
  <meta name='ocr-system' content='tesseract 3.04.00' />
  <meta name='ocr-capabilities' content='ocr_page ocr_carea ocr_par ocr_line ocrx_word'/>
</head>
<body>
  <div class='ocr_page' id='page_1' title='image "./codexliturgicus05danigoog_0067.png"; bbox 0 0 3044 4912; ppageno 0'>
   <div class='ocr_carea' id='block_1_1' title="bbox 670 232 791 321">
    <p class='ocr_par' dir='ltr' id='par_1_1' title="bbox 670 232 791 321">
     <span class='ocr_line' id='line_1_1' title="bbox 670 232 791 321; baseline 0.083 -14"><span class='ocrx_word' id='word_1_1' title='bbox 670 232 791 321; x_wconf 77' lang='lat' dir='ltr'><strong>,nil</strong></span> 
     </span>
    </p>
   </div>
   <div class='ocr_carea' id='block_1_2' title="bbox 105 410 1411 2552">
    <p class='ocr_par' dir='ltr' id='par_1_2' title="bbox 105 410 1409 925">
     <span class='ocr_line' id='line_1_2' title="bbox 200 410 1408 519; baseline -0.003 -24"><span class='ocrx_word' id='word_1_2' title='bbox 200 419 305 519; x_wconf 89' lang='grc' dir='ltr'><strong>Ὑπέρ</strong></span> <span class='ocrx_word' id='word_1_3' title='bbox 336 426 402 516; x_wconf 80' lang='grc' dir='ltr'><strong>τῆς</strong></span> <span class='ocrx_word' id='word_1_4' title='bbox 437 414 581 516; x_wconf 82' lang='grc' dir='ltr'><strong><em>είρήνης</em></strong></span> <span class='ocrx_word' id='word_1_5' title='bbox 612 414 676 491; x_wconf 81' lang='grc' dir='ltr'><strong>καί</strong></span> <span class='ocrx_word' id='word_1_6' title='bbox 710 424 775 513; x_wconf 80' lang='grc' dir='ltr'><strong>τῆς</strong></span> <span class='ocrx_word' id='word_1_7' title='bbox 806 412 1030 499; x_wconf 77' lang='grc' dir='ltr'><strong><em>εὐσταθείας</em></strong></span> <span class='ocrx_word' id='word_1_8' title='bbox 1060 420 1129 489; x_wconf 82' lang='grc' dir='ltr'><strong>τοῦ</strong></span> <span class='ocrx_word' id='word_1_9' title='bbox 1162 410 1308 511; x_wconf 84' lang='grc' dir='ltr'><strong><em>κόσμου</em></strong></span> <span class='ocrx_word' id='word_1_10' title='bbox 1341 412 1408 491; x_wconf 77' lang='grc' dir='ltr'><strong>καί</strong></span> 
     </span>
     <span class='ocr_line' id='line_1_3' title="bbox 127 515 1408 624; baseline -0.005 -25"><span class='ocrx_word' id='word_1_11' title='bbox 127 532 207 599; x_wconf 83' lang='grc' dir='ltr'><strong>τῶν</strong></span> <span class='ocrx_word' id='word_1_12' title='bbox 242 520 363 624; x_wconf 78' lang='grc' dir='ltr'><strong><em>ἀγίων</em></strong></span> <span class='ocrx_word' id='word_1_13' title='bbox 398 522 599 615; x_wconf 79' lang='grc' dir='ltr'><em>ἐκκλησιῶν</em></span> <span class='ocrx_word' id='word_1_14' title='bbox 633 516 833 614; x_wconf 76' lang='grc' dir='ltr'><strong><em>δεηθῶμεν</em></strong></span> <span class='ocrx_word' id='word_1_15' title='bbox 868 517 967 600; x_wconf 82' lang='grc' dir='ltr'><strong><em>ὅπως</em></strong></span> <span class='ocrx_word' id='word_1_16' title='bbox 1002 515 1022 593; x_wconf 87' lang='grc' dir='ltr'><strong><em>ό</em></strong></span> <span class='ocrx_word' id='word_1_17' title='bbox 1064 524 1142 591; x_wconf 84' lang='grc' dir='ltr'><strong>τῶν</strong></span> <span class='ocrx_word' id='word_1_18' title='bbox 1181 515 1281 593; x_wconf 81' lang='grc' dir='ltr'><strong><em>ὅλων</em></strong></span> <span class='ocrx_word' id='word_1_19' title='bbox 1312 516 1408 602; x_wconf 76' lang='grc' dir='ltr'><strong><em>θεὸς</em></strong></span> 
     </span>
     <span class='ocr_line' id='line_1_4' title="bbox 130 614 1405 720; baseline -0.005 -19"><span class='ocrx_word' id='word_1_20' title='bbox 130 624 257 701; x_wconf 85' lang='grc' dir='ltr'><strong><em>ἀίδιον</em></strong></span> <span class='ocrx_word' id='word_1_21' title='bbox 279 622 343 699; x_wconf 82' lang='grc' dir='ltr'><strong><em>καὶ</em></strong></span> <span class='ocrx_word' id='word_1_22' title='bbox 368 620 621 720; x_wconf 75' lang='grc' dir='ltr'><strong><em>ἀναφαίρετον</em></strong></span> <span class='ocrx_word' id='word_1_23' title='bbox 646 619 715 716; x_wconf 84' lang='grc' dir='ltr'><strong>τὴν</strong></span> <span class='ocrx_word' id='word_1_24' title='bbox 733 621 868 694; x_wconf 85' lang='grc' dir='ltr'><strong><em>ἑαυτοῦ</em></strong></span> <span class='ocrx_word' id='word_1_25' title='bbox 887 617 1035 717; x_wconf 82' lang='grc' dir='ltr'><strong><em>ελρήνην</em></strong></span> <span class='ocrx_word' id='word_1_26' title='bbox 1051 616 1143 714; x_wconf 83' lang='grc' dir='ltr'><strong><em>ἡμῖν</em></strong></span> <span class='ocrx_word' id='word_1_27' title='bbox 1159 614 1405 718; x_wconf 81' lang='grc' dir='ltr'><strong><em>παράσχοιτο,</em></strong></span> 
     </span>
     <span class='ocr_line' id='line_1_5' title="bbox 128 718 1409 822; baseline -0.002 -22"><span class='ocrx_word' id='word_1_28' title='bbox 128 729 193 804; x_wconf 81' lang='grc' dir='ltr'><strong><em>ἵνα</em></strong></span> <span class='ocrx_word' id='word_1_29' title='bbox 226 728 268 802; x_wconf 87' lang='grc' dir='ltr'><strong><em>ἐν</em></strong></span> <span class='ocrx_word' id='word_1_30' title='bbox 302 721 534 822; x_wconf 79' lang='grc' dir='ltr'><strong><em>πληροφορίᾳ</em></strong></span> <span class='ocrx_word' id='word_1_31' title='bbox 566 730 631 818; x_wconf 79' lang='grc' dir='ltr'><strong>τῆς</strong></span> <span class='ocrx_word' id='word_1_32' title='bbox 655 722 737 796; x_wconf 79' lang='grc' dir='ltr'><strong><em>κατ’</em></strong></span> <span class='ocrx_word' id='word_1_33' title='bbox 768 721 960 819; x_wconf 77' lang='grc' dir='ltr'><strong><em>εὐσέβειαν</em></strong></span> <span class='ocrx_word' id='word_1_34' title='bbox 987 722 1118 821; x_wconf 80' lang='grc' dir='ltr'><strong><em>ἀρετῆς</em></strong></span> <span class='ocrx_word' id='word_1_35' title='bbox 1142 718 1409 807; x_wconf 86' lang='grc' dir='ltr'><strong><em>διατελοῦντας</em></strong></span> 
     </span>
     <span class='ocr_line' id='line_1_6' title="bbox 105 823 472 925; baseline -0.011 -22"><span class='ocrx_word' id='word_1_36' title='bbox 105 866 108 871; x_wconf 92' lang='grc'><em>·</em></span> <span class='ocrx_word' id='word_1_37' title='bbox 128 827 227 925; x_wconf 79' lang='grc' dir='ltr'><strong><em>ἡμᾶς</em></strong></span> <span class='ocrx_word' id='word_1_38' title='bbox 253 823 472 923; x_wconf 86' lang='grc' dir='ltr'><strong><em>συντηρήση.</em></strong></span> 
     </span>
    </p>

    <p class='ocr_par' dir='ltr' id='par_1_3' title="bbox 129 923 1407 1436">
     <span class='ocr_line' id='line_1_7' title="bbox 202 923 1407 1028; baseline -0.003 -25"><span class='ocrx_word' id='word_1_39' title='bbox 202 927 306 1027; x_wconf 86' lang='grc' dir='ltr'><strong>Ὑπέρ</strong></span> <span class='ocrx_word' id='word_1_40' title='bbox 331 937 396 1023; x_wconf 78' lang='grc' dir='ltr'><strong>τῆς</strong></span> <span class='ocrx_word' id='word_1_41' title='bbox 422 924 530 1028; x_wconf 70' lang='grc' dir='ltr'><strong><em>ἀμίας</em></strong></span> <span class='ocrx_word' id='word_1_42' title='bbox 555 924 618 1000; x_wconf 85' lang='grc' dir='ltr'><strong><em>καὶ</em></strong></span> <span class='ocrx_word' id='word_1_43' title='bbox 641 928 844 1020; x_wconf 79' lang='grc' dir='ltr'><strong><em>καθολικής</em></strong></span> <span class='ocrx_word' id='word_1_44' title='bbox 865 924 929 999; x_wconf 82' lang='grc' dir='ltr'><strong><em>καὶ</em></strong></span> <span class='ocrx_word' id='word_1_45' title='bbox 951 925 1193 1020; x_wconf 79' lang='grc' dir='ltr'><strong><em>ἀποστολικής</em></strong></span> <span class='ocrx_word' id='word_1_46' title='bbox 1214 923 1407 1021; x_wconf 78' lang='grc' dir='ltr'><strong><em>ἐκκλησίας</em></strong></span> 
     </span>
     <span class='ocr_line' id='line_1_8' title="bbox 129 1024 1405 1128; baseline -0.004 -22"><span class='ocrx_word' id='word_1_47' title='bbox 129 1039 194 1128; x_wconf 80' lang='grc' dir='ltr'><strong>τῆς</strong></span> <span class='ocrx_word' id='word_1_48' title='bbox 226 1031 300 1106; x_wconf 83' lang='grc' dir='ltr'><strong>ἀπὸ</strong></span> <span class='ocrx_word' id='word_1_49' title='bbox 331 1027 503 1123; x_wconf 81' lang='grc' dir='ltr'><strong><em>περάτων</em></strong></span> <span class='ocrx_word' id='word_1_50' title='bbox 534 1028 602 1110; x_wconf 73' lang='grc' dir='ltr'><strong><em>ἕως</em></strong></span> <span class='ocrx_word' id='word_1_51' title='bbox 635 1024 805 1125; x_wconf 79' lang='grc' dir='ltr'><strong><em>περάτων</em></strong></span> <span class='ocrx_word' id='word_1_52' title='bbox 838 1025 1055 1123; x_wconf 76' lang='grc' dir='ltr'><strong><em>δεηθῶμεν·</em></strong></span> <span class='ocrx_word' id='word_1_53' title='bbox 1091 1025 1190 1110; x_wconf 81' lang='grc' dir='ltr'><strong><em>ὅπως</em></strong></span> <span class='ocrx_word' id='word_1_54' title='bbox 1222 1024 1242 1099; x_wconf 87' lang='grc' dir='ltr'>ὁ</span> <span class='ocrx_word' id='word_1_55' title='bbox 1276 1024 1405 1124; x_wconf 84' lang='grc' dir='ltr'><strong><em>κύριος</em></strong></span> 
     </span>
     <span class='ocr_line' id='line_1_9' title="bbox 130 1125 1403 1228; baseline -0.005 -21"><span class='ocrx_word' id='word_1_56' title='bbox 130 1135 302 1209; x_wconf 80' lang='grc' dir='ltr'><strong><em>ἄσειστον</em></strong></span> <span class='ocrx_word' id='word_1_57' title='bbox 334 1131 453 1228; x_wconf 80' lang='grc' dir='ltr'><strong><em>αὐτὴν</em></strong></span> <span class='ocrx_word' id='word_1_58' title='bbox 478 1128 541 1204; x_wconf 81' lang='grc' dir='ltr'><strong><em>καὶ</em></strong></span> <span class='ocrx_word' id='word_1_59' title='bbox 567 1125 848 1204; x_wconf 88' lang='grc' dir='ltr'><strong><em>ἀκλυδώνιστον</em></strong></span> <span class='ocrx_word' id='word_1_60' title='bbox 874 1125 1084 1227; x_wconf 84' lang='grc' dir='ltr'><strong><em>διαφυλάξη</em></strong></span> <span class='ocrx_word' id='word_1_61' title='bbox 1110 1127 1173 1202; x_wconf 83' lang='grc' dir='ltr'><strong><em>καὶ</em></strong></span> <span class='ocrx_word' id='word_1_62' title='bbox 1199 1126 1403 1225; x_wconf 80' lang='grc' dir='ltr'><strong><em>διατηρήση</em></strong></span> 
     </span>
     <span class='ocr_line' id='line_1_10' title="bbox 129 1228 1404 1334; baseline -0.003 -25"><span class='ocrx_word' id='word_1_63' title='bbox 129 1234 236 1334; x_wconf 79' lang='grc' dir='ltr'><strong><em>μέχρι</em></strong></span> <span class='ocrx_word' id='word_1_64' title='bbox 268 1243 333 1331; x_wconf 80' lang='grc' dir='ltr'><strong>τῆς</strong></span> <span class='ocrx_word' id='word_1_65' title='bbox 365 1230 574 1314; x_wconf 82' lang='grc' dir='ltr'><strong><em>συντελείας</em></strong></span> <span class='ocrx_word' id='word_1_66' title='bbox 607 1238 675 1305; x_wconf 85' lang='grc' dir='ltr'><strong>τοῦ</strong></span> <span class='ocrx_word' id='word_1_67' title='bbox 710 1237 857 1320; x_wconf 77' lang='grc' dir='ltr'><strong><em>αἰῶνος,</em></strong></span> <span class='ocrx_word' id='word_1_68' title='bbox 891 1228 1210 1327; x_wconf 76' lang='grc' dir='ltr'><strong><em>τεθεμελιωμίνην</em></strong></span> <span class='ocrx_word' id='word_1_69' title='bbox 1243 1228 1304 1303; x_wconf 84' lang='grc' dir='ltr'><strong>ἐπὶ</strong></span> <span class='ocrx_word' id='word_1_70' title='bbox 1335 1229 1404 1326; x_wconf 83' lang='grc' dir='ltr'><strong>τήν</strong></span> 
     </span>
     <span class='ocr_line' id='line_1_11' title="bbox 130 1336 311 1436; baseline 0.006 -25"><span class='ocrx_word' id='word_1_71' title='bbox 130 1336 279 1436; x_wconf 82' lang='grc' dir='ltr'><strong><em>πέτραν.</em></strong></span> <span class='ocrx_word' id='word_1_72' title='bbox 289 1337 311 1432; x_wconf 89' lang='lat'><strong>¹)</strong></span> 
     </span>
    </p>

    <p class='ocr_par' dir='ltr' id='par_1_4' title="bbox 130 1428 1405 1837">
     <span class='ocr_line' id='line_1_12' title="bbox 207 1428 1403 1534; baseline -0.003 -24"><span class='ocrx_word' id='word_1_73' title='bbox 207 1437 283 1510; x_wconf 77' lang='grc' dir='ltr'><strong>Καὶ</strong></span> <span class='ocrx_word' id='word_1_74' title='bbox 314 1434 405 1532; x_wconf 81' lang='grc' dir='ltr'><strong><em>ὑπὲρ</em></strong></span> <span class='ocrx_word' id='word_1_75' title='bbox 438 1442 503 1530; x_wconf 80' lang='grc' dir='ltr'><strong>τῆς</strong></span> <span class='ocrx_word' id='word_1_76' title='bbox 535 1429 676 1507; x_wconf 79' lang='grc' dir='ltr'><strong><em>ἐνθάδε</em></strong></span> <span class='ocrx_word' id='word_1_77' title='bbox 703 1428 812 1534; x_wconf 72' lang='grc' dir='ltr'><strong><em>ἀμίας</em></strong></span> <span class='ocrx_word' id='word_1_78' title='bbox 837 1429 1030 1531; x_wconf 90' lang='grc' dir='ltr'><strong><em>παροικίας</em></strong></span> <span class='ocrx_word' id='word_1_79' title='bbox 1055 1430 1272 1529; x_wconf 83' lang='grc' dir='ltr'><strong><em>δεηθῶμεν·</em></strong></span> <span class='ocrx_word' id='word_1_80' title='bbox 1307 1432 1403 1517; x_wconf 73' lang='grc' dir='ltr'><strong><em>ὅπως</em></strong></span> 
     </span>
     <span class='ocr_line' id='line_1_13' title="bbox 130 1530 1404 1634; baseline -0.002 -21"><span class='ocrx_word' id='word_1_81' title='bbox 130 1533 340 1631; x_wconf 84' lang='grc' dir='ltr'><strong><em>καταξιώση</em></strong></span> <span class='ocrx_word' id='word_1_82' title='bbox 366 1536 466 1633; x_wconf 82' lang='grc' dir='ltr'><strong><em>ἡμᾶς</em></strong></span> <span class='ocrx_word' id='word_1_83' title='bbox 492 1535 511 1608; x_wconf 85' lang='grc' dir='ltr'><em>ὃ</em></span> <span class='ocrx_word' id='word_1_84' title='bbox 538 1543 616 1610; x_wconf 84' lang='grc' dir='ltr'><strong>τῶν</strong></span> <span class='ocrx_word' id='word_1_85' title='bbox 644 1534 740 1608; x_wconf 81' lang='grc' dir='ltr'><strong><em>ὅλων</em></strong></span> <span class='ocrx_word' id='word_1_86' title='bbox 766 1531 892 1634; x_wconf 84' lang='grc' dir='ltr'><strong><em>κύριος</em></strong></span> <span class='ocrx_word' id='word_1_87' title='bbox 918 1530 1127 1617; x_wconf 88' lang='grc' dir='ltr'><strong><em>ἀνενδότως</em></strong></span> <span class='ocrx_word' id='word_1_88' title='bbox 1151 1533 1221 1629; x_wconf 86' lang='grc' dir='ltr'><strong>τήν</strong></span> <span class='ocrx_word' id='word_1_89' title='bbox 1246 1532 1404 1633; x_wconf 89' lang='grc' dir='ltr'><strong><em>ἐπουρά-</em></strong></span> 
     </span>
     <span class='ocr_line' id='line_1_14' title="bbox 131 1632 1405 1735; baseline -0.005 -18"><span class='ocrx_word' id='word_1_90' title='bbox 131 1668 215 1717; x_wconf 88' lang='grc' dir='ltr'><strong><em>νιον</em></strong></span> <span class='ocrx_word' id='word_1_91' title='bbox 247 1638 365 1712; x_wconf 82' lang='grc' dir='ltr'><strong><em>αὐτοῦ</em></strong></span> <span class='ocrx_word' id='word_1_92' title='bbox 399 1634 528 1711; x_wconf 88' lang='grc' dir='ltr'><strong><em>ἐλπίδα</em></strong></span> <span class='ocrx_word' id='word_1_93' title='bbox 560 1632 804 1732; x_wconf 76' lang='grc' dir='ltr'><strong><em>μεταδιώκειν</em></strong></span> <span class='ocrx_word' id='word_1_94' title='bbox 834 1636 898 1711; x_wconf 79' lang='grc' dir='ltr'><strong><em>καὶ</em></strong></span> <span class='ocrx_word' id='word_1_95' title='bbox 932 1632 1169 1711; x_wconf 75' lang='grc' dir='ltr'><strong><em>ἀδιάλειπτον</em></strong></span> <span class='ocrx_word' id='word_1_96' title='bbox 1202 1634 1308 1735; x_wconf 68' lang='grc' dir='ltr'><strong><em>αὐτῷ</em></strong></span> <span class='ocrx_word' id='word_1_97' title='bbox 1344 1644 1405 1733; x_wconf 81' lang='grc' dir='ltr'><strong>τῆς</strong></span> 
     </span>
     <span class='ocr_line' id='line_1_15' title="bbox 133 1736 819 1837; baseline -0.007 -21"><span class='ocrx_word' id='word_1_98' title='bbox 133 1739 290 1837; x_wconf 84' lang='grc' dir='ltr'><strong><em>δεήσεως</em></strong></span> <span class='ocrx_word' id='word_1_99' title='bbox 316 1736 539 1814; x_wconf 83' lang='grc' dir='ltr'><strong><em>ἀποδιδόναι</em></strong></span> <span class='ocrx_word' id='word_1_100' title='bbox 563 1737 633 1834; x_wconf 85' lang='grc' dir='ltr'><strong>τὴν</strong></span> <span class='ocrx_word' id='word_1_101' title='bbox 658 1736 819 1836; x_wconf 84' lang='grc' dir='ltr'><strong><em>ἀφειλήν.</em></strong></span> 
     </span>
    </p>

    <p class='ocr_par' dir='ltr' id='par_1_5' title="bbox 131 1837 1411 2552">
     <span class='ocr_line' id='line_1_16' title="bbox 204 1837 1406 1939; baseline 0 -24"><span class='ocrx_word' id='word_1_102' title='bbox 204 1840 308 1939; x_wconf 85' lang='grc' dir='ltr'><strong>Ὑπέρ</strong></span> <span class='ocrx_word' id='word_1_103' title='bbox 341 1839 460 1938; x_wconf 84' lang='grc' dir='ltr'><strong><em>πάσης</em></strong></span> <span class='ocrx_word' id='word_1_104' title='bbox 492 1844 688 1936; x_wconf 82' lang='grc' dir='ltr'><strong><em>ἐπισκοπῆς</em></strong></span> <span class='ocrx_word' id='word_1_105' title='bbox 712 1847 776 1936; x_wconf 78' lang='grc' dir='ltr'><strong>τῆς</strong></span> <span class='ocrx_word' id='word_1_106' title='bbox 800 1837 874 1915; x_wconf 81' lang='grc' dir='ltr'><strong>ὑπὸ</strong></span> <span class='ocrx_word' id='word_1_107' title='bbox 901 1837 967 1915; x_wconf 85' lang='grc' dir='ltr'><strong>τὸν</strong></span> <span class='ocrx_word' id='word_1_108' title='bbox 993 1840 1157 1937; x_wconf 84' lang='grc' dir='ltr'><strong><em>οὔρανον</em></strong></span> <span class='ocrx_word' id='word_1_109' title='bbox 1181 1846 1260 1913; x_wconf 83' lang='grc' dir='ltr'><strong>τῶν</strong></span> <span class='ocrx_word' id='word_1_110' title='bbox 1287 1840 1406 1938; x_wconf 75' lang='grc' dir='ltr'><strong><em>ἀρδο-</em></strong></span> 
     </span>
     <span class='ocr_line' id='line_1_17' title="bbox 131 1938 1406 2044; baseline -0.004 -24"><span class='ocrx_word' id='word_1_111' title='bbox 131 1941 352 2041; x_wconf 85' lang='grc' dir='ltr'><strong><em>τομοόντων</em></strong></span> <span class='ocrx_word' id='word_1_112' title='bbox 376 1942 444 2019; x_wconf 89' lang='grc' dir='ltr'><strong>τὸν</strong></span> <span class='ocrx_word' id='word_1_113' title='bbox 468 1940 582 2044; x_wconf 74' lang='grc' dir='ltr'><strong><em>λόγον</em></strong></span> <span class='ocrx_word' id='word_1_114' title='bbox 607 1950 671 2037; x_wconf 82' lang='grc' dir='ltr'><strong>τῆς</strong></span> <span class='ocrx_word' id='word_1_115' title='bbox 696 1950 762 2037; x_wconf 83' lang='grc' dir='ltr'><strong><em>σῆς</em></strong></span> <span class='ocrx_word' id='word_1_116' title='bbox 780 1941 957 2038; x_wconf 79' lang='grc' dir='ltr'><strong><em>ἀληθείας</em></strong></span> <span class='ocrx_word' id='word_1_117' title='bbox 975 1938 1189 2038; x_wconf 79' lang='grc' dir='ltr'><strong><em>δεηθῶπεν·</em></strong></span> <span class='ocrx_word' id='word_1_118' title='bbox 1218 1940 1299 2038; x_wconf 84' lang='grc' dir='ltr'><strong><em>[καὶ</em></strong></span> <span class='ocrx_word' id='word_1_119' title='bbox 1315 1941 1406 2041; x_wconf 81' lang='grc' dir='ltr'><strong><em>ὑπὲρ</em></strong></span> 
     </span>
     <span class='ocr_line' id='line_1_18' title="bbox 131 2040 1410 2143; baseline -0.003 -22"><span class='ocrx_word' id='word_1_120' title='bbox 131 2055 200 2122; x_wconf 85' lang='grc' dir='ltr'><strong>τοῦ</strong></span> <span class='ocrx_word' id='word_1_121' title='bbox 226 2042 424 2121; x_wconf 74' lang='grc' dir='ltr'><strong><em>ἐπισκόπου</em></strong></span> <span class='ocrx_word' id='word_1_122' title='bbox 449 2044 559 2143; x_wconf 81' lang='grc' dir='ltr'><strong><em>ἡμῶν</em></strong></span> <span class='ocrx_word' id='word_1_123' title='bbox 577 2040 759 2141; x_wconf 71' lang='grc' dir='ltr'><strong><em>Ἰακώβου</em></strong></span> <span class='ocrx_word' id='word_1_124' title='bbox 785 2042 848 2118; x_wconf 81' lang='grc' dir='ltr'><strong><em>καὶ</em></strong></span> <span class='ocrx_word' id='word_1_125' title='bbox 871 2050 950 2117; x_wconf 83' lang='grc' dir='ltr'><strong>τῶν</strong></span> <span class='ocrx_word' id='word_1_126' title='bbox 966 2050 1172 2141; x_wconf 85' lang='grc' dir='ltr'><strong><em>παροικιῶν</em></strong></span> <span class='ocrx_word' id='word_1_127' title='bbox 1188 2043 1309 2118; x_wconf 83' lang='grc' dir='ltr'><strong><em>αὐτοῦ</em></strong></span> <span class='ocrx_word' id='word_1_128' title='bbox 1324 2043 1410 2140; x_wconf 85' lang='grc' dir='ltr'><strong><em>δεη-</em></strong></span> 
     </span>
     <span class='ocr_line' id='line_1_19' title="bbox 131 2141 1408 2246; baseline -0.001 -23"><span class='ocrx_word' id='word_1_129' title='bbox 131 2153 282 2246; x_wconf 64' lang='lat' dir='ltr'><strong>uepres·</strong></span> <span class='ocrx_word' id='word_1_130' title='bbox 316 2146 408 2245; x_wconf 78' lang='grc' dir='ltr'><strong><em>ὑπὲρ</em></strong></span> <span class='ocrx_word' id='word_1_131' title='bbox 442 2155 510 2222; x_wconf 88' lang='grc' dir='ltr'><strong>τοῦ</strong></span> <span class='ocrx_word' id='word_1_132' title='bbox 544 2143 743 2221; x_wconf 80' lang='grc' dir='ltr'><strong><em>ἐπισκόπου</em></strong></span> <span class='ocrx_word' id='word_1_133' title='bbox 769 2141 983 2242; x_wconf 75' lang='grc' dir='ltr'><strong><em>Κλήμεντος</em></strong></span> <span class='ocrx_word' id='word_1_134' title='bbox 1008 2144 1071 2221; x_wconf 81' lang='grc' dir='ltr'><strong>καί</strong></span> <span class='ocrx_word' id='word_1_135' title='bbox 1096 2153 1175 2218; x_wconf 82' lang='grc' dir='ltr'><strong>τῶν</strong></span> <span class='ocrx_word' id='word_1_136' title='bbox 1200 2154 1408 2243; x_wconf 84' lang='grc' dir='ltr'><strong><em>παροικιῶν</em></strong></span> 
     </span>
     <span class='ocr_line' id='line_1_20' title="bbox 132 2243 1409 2347; baseline -0.003 -20"><span class='ocrx_word' id='word_1_137' title='bbox 132 2252 251 2327; x_wconf 81' lang='grc' dir='ltr'><strong><em>αὐτοῦ</em></strong></span> <span class='ocrx_word' id='word_1_138' title='bbox 285 2249 495 2347; x_wconf 75' lang='grc' dir='ltr'><strong><em>δεηθῶμεν.</em></strong></span> <span class='ocrx_word' id='word_1_139' title='bbox 547 2247 640 2346; x_wconf 79' lang='grc' dir='ltr'><strong><em>ὑπὲρ</em></strong></span> <span class='ocrx_word' id='word_1_140' title='bbox 673 2256 741 2321; x_wconf 86' lang='grc' dir='ltr'><strong>τοῦ</strong></span> <span class='ocrx_word' id='word_1_141' title='bbox 775 2243 975 2321; x_wconf 82' lang='grc' dir='ltr'><strong><em>ἐπισκόπου</em></strong></span> <span class='ocrx_word' id='word_1_142' title='bbox 1008 2246 1119 2343; x_wconf 81' lang='grc' dir='ltr'><strong><em>ἡμῶν</em></strong></span> <span class='ocrx_word' id='word_1_143' title='bbox 1145 2244 1312 2323; x_wconf 81' lang='grc' dir='ltr'><strong><em>Εὐοδίου</em></strong></span> <span class='ocrx_word' id='word_1_144' title='bbox 1345 2248 1409 2323; x_wconf 83' lang='grc' dir='ltr'><strong><em>καὶ</em></strong></span> 
     </span>
     <span class='ocr_line' id='line_1_21' title="bbox 132 2346 1411 2451; baseline -0.002 -24"><span class='ocrx_word' id='word_1_145' title='bbox 132 2361 210 2428; x_wconf 84' lang='grc' dir='ltr'><strong>τῶν</strong></span> <span class='ocrx_word' id='word_1_146' title='bbox 243 2359 448 2448; x_wconf 85' lang='grc' dir='ltr'><strong><em>παροικιῶν</em></strong></span> <span class='ocrx_word' id='word_1_147' title='bbox 481 2348 716 2445; x_wconf 53' lang='lat' dir='ltr'><strong>dandonem]</strong></span> <span class='ocrx_word' id='word_1_148' title='bbox 728 2348 751 2446; x_wconf 82' lang='lat'><strong>²)</strong></span> <span class='ocrx_word' id='word_1_149' title='bbox 788 2348 886 2431; x_wconf 84' lang='grc' dir='ltr'><strong><em>ὅπως</em></strong></span> <span class='ocrx_word' id='word_1_150' title='bbox 912 2347 932 2422; x_wconf 84' lang='grc' dir='ltr'><strong><em>δ</em></strong></span> <span class='ocrx_word' id='word_1_151' title='bbox 959 2349 1161 2447; x_wconf 82' lang='grc' dir='ltr'><strong><em>ολκτίρμων</em></strong></span> <span class='ocrx_word' id='word_1_152' title='bbox 1187 2346 1411 2451; x_wconf 78' lang='grc' dir='ltr'><strong><em>θεὸςχαρί-</em></strong></span> 
     </span>
     <span class='ocr_line' id='line_1_22' title="bbox 133 2446 1409 2552; baseline -0.002 -23"><span class='ocrx_word' id='word_1_153' title='bbox 133 2480 241 2550; x_wconf 91' lang='grc' dir='ltr'><strong><em>σηται</em></strong></span> <span class='ocrx_word' id='word_1_154' title='bbox 267 2452 405 2539; x_wconf 82' lang='grc' dir='ltr'><strong><em>αὐτοὺς</em></strong></span> <span class='ocrx_word' id='word_1_155' title='bbox 429 2457 511 2534; x_wconf 91' lang='grc' dir='ltr'><strong><em>ταῖς</em></strong></span> <span class='ocrx_word' id='word_1_156' title='bbox 536 2449 658 2552; x_wconf 71' lang='grc' dir='ltr'><strong><em>ἀμίαις</em></strong></span> <span class='ocrx_word' id='word_1_157' title='bbox 685 2450 802 2524; x_wconf 83' lang='grc' dir='ltr'><strong><em>αὐτοῦ</em></strong></span> <span class='ocrx_word' id='word_1_158' title='bbox 827 2450 1032 2546; x_wconf 80' lang='grc' dir='ltr'><strong><em>ἐκκλησίαις</em></strong></span> <span class='ocrx_word' id='word_1_159' title='bbox 1058 2446 1191 2538; x_wconf 81' lang='grc' dir='ltr'><strong><em>σώους,</em></strong></span> <span class='ocrx_word' id='word_1_160' title='bbox 1223 2448 1409 2547; x_wconf 82' lang='grc' dir='ltr'><strong><em>ἐντίμους,</em></strong></span> 
     </span>
    </p>
   </div>
   <div class='ocr_carea' id='block_1_3' title="bbox 134 2630 437 2645">
    <p class='ocr_par' dir='ltr' id='par_1_6' title="bbox 134 2630 437 2645">
     <span class='ocr_line' id='line_1_23' title="bbox 134 2630 437 2645; baseline 0 -4"><span class='ocrx_word' id='word_1_161' title='bbox 134 2630 437 2645; x_wconf 41' lang='grc' dir='ltr'><strong>...ῃ-</strong></span> 
     </span>
    </p>
   </div>
   <div class='ocr_carea' id='block_1_4' title="bbox 134 2723 1408 2787">
    <p class='ocr_par' dir='ltr' id='par_1_7' title="bbox 134 2723 1408 2787">
     <span class='ocr_line' id='line_1_24' title="bbox 134 2723 1408 2787; baseline 0 -11"><span class='ocrx_word' id='word_1_162' title='bbox 134 2727 178 2776; x_wconf 89' lang='lat' dir='ltr'><strong>der</strong></span> <span class='ocrx_word' id='word_1_163' title='bbox 195 2725 299 2787; x_wconf 78' lang='lat' dir='ltr'>heiligen</span> <span class='ocrx_word' id='word_1_164' title='bbox 316 2724 441 2775; x_wconf 80' lang='lat' dir='ltr'><strong>Ecclesiam</strong></span> <span class='ocrx_word' id='word_1_165' title='bbox 464 2731 551 2786; x_wconf 77' lang='lat' dir='ltr'><strong>mogon</strong></span> <span class='ocrx_word' id='word_1_166' title='bbox 569 2725 612 2774; x_wconf 81' lang='lat' dir='ltr'><strong>wir</strong></span> <span class='ocrx_word' id='word_1_167' title='bbox 629 2724 710 2782; x_wconf 87' lang='lat' dir='ltr'><strong>beten,</strong></span> <span class='ocrx_word' id='word_1_168' title='bbox 727 2723 801 2773; x_wconf 91' lang='lat' dir='ltr'><strong>damit</strong></span> <span class='ocrx_word' id='word_1_169' title='bbox 818 2723 862 2773; x_wconf 88' lang='lat' dir='ltr'><strong>dar</strong></span> <span class='ocrx_word' id='word_1_170' title='bbox 881 2726 936 2775; x_wconf 90' lang='lat' dir='ltr'><strong>Gott</strong></span> <span class='ocrx_word' id='word_1_171' title='bbox 954 2724 997 2773; x_wconf 90' lang='lat' dir='ltr'><strong>des</strong></span> <span class='ocrx_word' id='word_1_172' title='bbox 1016 2725 1065 2774; x_wconf 81' lang='lat' dir='ltr'><strong>llls</strong></span> <span class='ocrx_word' id='word_1_173' title='bbox 1083 2726 1168 2775; x_wconf 85' lang='lat' dir='ltr'><strong>seinen</strong></span> <span class='ocrx_word' id='word_1_174' title='bbox 1187 2727 1276 2787; x_wconf 75' lang='lat' dir='ltr'><strong>enipeu</strong></span> <span class='ocrx_word' id='word_1_175' title='bbox 1296 2727 1344 2775; x_wconf 92' lang='lat' dir='ltr'><strong>und</strong></span> <span class='ocrx_word' id='word_1_176' title='bbox 1364 2742 1408 2776; x_wconf 93' lang='lat' dir='ltr'><strong>uu-</strong></span> 
     </span>
    </p>
   </div>
   <div class='ocr_carea' id='block_1_5' title="bbox 1 2808 1409 3049">
    <p class='ocr_par' dir='ltr' id='par_1_8' title="bbox 1 2808 1409 3049">
     <span class='ocr_line' id='line_1_25' title="bbox 32 2808 1408 2873; baseline 0 -14"><span class='ocrx_word' id='word_1_177' title='bbox 32 2862 35 2867; x_wconf 73' lang='grc'><strong><em>,</em></strong></span> <span class='ocrx_word' id='word_1_178' title='bbox 134 2809 315 2859; x_wconf 87' lang='lat' dir='ltr'><strong>entreissbarea</strong></span> <span class='ocrx_word' id='word_1_179' title='bbox 331 2809 432 2859; x_wconf 84' lang='lat' dir='ltr'><strong>Frieden</strong></span> <span class='ocrx_word' id='word_1_180' title='bbox 451 2824 497 2859; x_wconf 90' lang='lat' dir='ltr'><strong>uns</strong></span> <span class='ocrx_word' id='word_1_181' title='bbox 514 2809 648 2868; x_wconf 83' lang='lat' dir='ltr'><strong>darreiclae,</strong></span> <span class='ocrx_word' id='word_1_182' title='bbox 667 2809 715 2858; x_wconf 91' lang='lat' dir='ltr'><strong>und</strong></span> <span class='ocrx_word' id='word_1_183' title='bbox 734 2809 770 2858; x_wconf 89' lang='lat' dir='ltr'><strong>als</strong></span> <span class='ocrx_word' id='word_1_184' title='bbox 788 2808 880 2869; x_wconf 87' lang='lat' dir='ltr'><strong>solclae,</strong></span> <span class='ocrx_word' id='word_1_185' title='bbox 904 2810 943 2858; x_wconf 88' lang='lat' dir='ltr'><strong>die</strong></span> <span class='ocrx_word' id='word_1_186' title='bbox 961 2810 985 2859; x_wconf 90' lang='lat' dir='ltr'><strong>in</strong></span> <span class='ocrx_word' id='word_1_187' title='bbox 1003 2810 1047 2859; x_wconf 90' lang='lat' dir='ltr'><strong>der</strong></span> <span class='ocrx_word' id='word_1_188' title='bbox 1066 2810 1132 2859; x_wconf 83' lang='lat' dir='ltr'><strong>Fullo</strong></span> <span class='ocrx_word' id='word_1_189' title='bbox 1151 2810 1195 2859; x_wconf 89' lang='lat' dir='ltr'><strong>der</strong></span> <span class='ocrx_word' id='word_1_190' title='bbox 1212 2811 1255 2859; x_wconf 88' lang='lat' dir='ltr'><strong>mit</strong></span> <span class='ocrx_word' id='word_1_191' title='bbox 1271 2808 1408 2873; x_wconf 77' lang='lat' dir='ltr'><strong>Fremmip—</strong></span> 
     </span>
     <span class='ocr_line' id='line_1_26' title="bbox 1 2893 1409 2973; baseline 0.001 -29"><span class='ocrx_word' id='word_1_192' title='bbox 1 2894 52 2973; x_wconf 36' lang='grc' dir='ltr'><strong><em>τήν,</em></strong></span> <span class='ocrx_word' id='word_1_193' title='bbox 133 2894 183 2944; x_wconf 86' lang='lat' dir='ltr'><strong>lteit</strong></span> <span class='ocrx_word' id='word_1_194' title='bbox 200 2902 328 2957; x_wconf 72' lang='lat' dir='ltr'><strong>gepiaerten</strong></span> <span class='ocrx_word' id='word_1_195' title='bbox 347 2895 446 2957; x_wconf 77' lang='lat' dir='ltr'><strong>Tugend</strong></span> <span class='ocrx_word' id='word_1_196' title='bbox 463 2894 601 2953; x_wconf 81' lang='lat' dir='ltr'><strong>rerlrarren,</strong></span> <span class='ocrx_word' id='word_1_197' title='bbox 626 2893 735 2942; x_wconf 85' lang='lat' dir='ltr'><strong>erhalte“</strong></span> <span class='ocrx_word' id='word_1_198' title='bbox 755 2901 799 2943; x_wconf 88' lang='lat' dir='ltr'><strong>etc.</strong></span> <span class='ocrx_word' id='word_1_199' title='bbox 835 2894 919 2943; x_wconf 83' lang='lat' dir='ltr'><strong>Felalte</strong></span> <span class='ocrx_word' id='word_1_200' title='bbox 937 2895 982 2943; x_wconf 88' lang='lat' dir='ltr'><strong>den</strong></span> <span class='ocrx_word' id='word_1_201' title='bbox 1002 2896 1149 2945; x_wconf 86' lang='lat' dir='ltr'><strong>Gemeinden</strong></span> <span class='ocrx_word' id='word_1_202' title='bbox 1169 2895 1212 2943; x_wconf 88' lang='lat' dir='ltr'><strong>der</strong></span> <span class='ocrx_word' id='word_1_203' title='bbox 1231 2896 1325 2954; x_wconf 58' lang='lat' dir='ltr'><strong>Foede,</strong></span> <span class='ocrx_word' id='word_1_204' title='bbox 1350 2896 1409 2946; x_wconf 91' lang='lat' dir='ltr'><strong>oder</strong></span> 
     </span>
     <span class='ocr_line' id='line_1_27' title="bbox 1 2966 1409 3049; baseline 0.001 -20"><span class='ocrx_word' id='word_1_205' title='bbox 1 2966 40 3049; x_wconf 40' lang='grc' dir='ltr'><strong>,σε</strong></span> <span class='ocrx_word' id='word_1_206' title='bbox 134 2992 184 3029; x_wconf 82' lang='lat' dir='ltr'><strong>war</strong></span> <span class='ocrx_word' id='word_1_207' title='bbox 211 2979 249 3028; x_wconf 83' lang='lat' dir='ltr'><strong>ilar</strong></span> <span class='ocrx_word' id='word_1_208' title='bbox 266 2979 351 3029; x_wconf 82' lang='lat' dir='ltr'><strong>Frieda</strong></span> <span class='ocrx_word' id='word_1_209' title='bbox 378 2981 417 3029; x_wconf 86' lang='lat' dir='ltr'><strong>eiu</strong></span> <span class='ocrx_word' id='word_1_210' title='bbox 442 2979 675 3040; x_wconf 68' lang='lat' dir='ltr'><strong>seruabergelreuder,</strong></span> <span class='ocrx_word' id='word_1_211' title='bbox 704 2978 763 3027; x_wconf 90' lang='lat' dir='ltr'><strong>oder</strong></span> <span class='ocrx_word' id='word_1_212' title='bbox 785 2978 873 3027; x_wconf 86' lang='lat' dir='ltr'><strong>liessen</strong></span> <span class='ocrx_word' id='word_1_213' title='bbox 899 2978 937 3026; x_wconf 91' lang='lat' dir='ltr'><strong>die</strong></span> <span class='ocrx_word' id='word_1_214' title='bbox 954 2980 1101 3029; x_wconf 80' lang='lat' dir='ltr'><strong>Genusiuden</strong></span> <span class='ocrx_word' id='word_1_215' title='bbox 1121 2980 1159 3028; x_wconf 88' lang='lat' dir='ltr'><strong>die</strong></span> <span class='ocrx_word' id='word_1_216' title='bbox 1177 2978 1291 3040; x_wconf 78' lang='lat' dir='ltr'><strong>religiose</strong></span> <span class='ocrx_word' id='word_1_217' title='bbox 1310 2981 1409 3042; x_wconf 78' lang='lat' dir='ltr'><strong>Tugeud</strong></span> 
     </span>
    </p>
   </div>
   <div class='ocr_carea' id='block_1_6' title="bbox 78 3062 1412 4399">
    <p class='ocr_par' dir='ltr' id='par_1_9' title="bbox 78 3062 1412 3637">
     <span class='ocr_line' id='line_1_28' title="bbox 134 3062 1412 3124; baseline 0.002 -12"><span class='ocrx_word' id='word_1_218' title='bbox 134 3063 234 3113; x_wconf 83' lang='lat' dir='ltr'><strong>lahran:</strong></span> <span class='ocrx_word' id='word_1_219' title='bbox 254 3078 282 3113; x_wconf 87' lang='lat' dir='ltr'><strong>so</strong></span> <span class='ocrx_word' id='word_1_220' title='bbox 300 3064 389 3114; x_wconf 80' lang='lat' dir='ltr'><strong>konnte</strong></span> <span class='ocrx_word' id='word_1_221' title='bbox 408 3062 446 3113; x_wconf 87' lang='lat' dir='ltr'><strong>die</strong></span> <span class='ocrx_word' id='word_1_222' title='bbox 464 3065 538 3113; x_wconf 89' lang='lat' dir='ltr'><strong>missa</strong></span> <span class='ocrx_word' id='word_1_223' title='bbox 555 3063 662 3113; x_wconf 86' lang='lat' dir='ltr'><strong>fidelium</strong></span> <span class='ocrx_word' id='word_1_224' title='bbox 680 3078 725 3112; x_wconf 85' lang='lat' dir='ltr'><strong>aon</strong></span> <span class='ocrx_word' id='word_1_225' title='bbox 744 3063 817 3112; x_wconf 89' lang='lat' dir='ltr'><strong>ihuen</strong></span> <span class='ocrx_word' id='word_1_226' title='bbox 836 3064 956 3113; x_wconf 83' lang='lat' dir='ltr'><strong>entweder</strong></span> <span class='ocrx_word' id='word_1_227' title='bbox 973 3079 1016 3124; x_wconf 81' lang='lat' dir='ltr'><strong>gar</strong></span> <span class='ocrx_word' id='word_1_228' title='bbox 1034 3065 1107 3123; x_wconf 87' lang='lat' dir='ltr'><strong>nicht,</strong></span> <span class='ocrx_word' id='word_1_229' title='bbox 1126 3064 1185 3113; x_wconf 90' lang='lat' dir='ltr'><strong>eder</strong></span> <span class='ocrx_word' id='word_1_230' title='bbox 1203 3064 1265 3113; x_wconf 89' lang='lat' dir='ltr'><strong>doch</strong></span> <span class='ocrx_word' id='word_1_231' title='bbox 1284 3066 1351 3115; x_wconf 85' lang='lat' dir='ltr'><strong>nieht</strong></span> <span class='ocrx_word' id='word_1_232' title='bbox 1370 3066 1412 3115; x_wconf 79' lang='lat' dir='ltr'><strong>aar</strong></span> 
     </span>
     <span class='ocr_line' id='line_1_29' title="bbox 111 3142 1409 3214; baseline 0.002 -17"><span class='ocrx_word' id='word_1_233' title='bbox 111 3147 173 3207; x_wconf 54' lang='lat' dir='ltr'><strong>,die</strong></span> <span class='ocrx_word' id='word_1_234' title='bbox 196 3149 277 3197; x_wconf 87' lang='lat' dir='ltr'><strong>reehte</strong></span> <span class='ocrx_word' id='word_1_235' title='bbox 295 3148 375 3199; x_wconf 82' lang='lat' dir='ltr'><strong>Weiss</strong></span> <span class='ocrx_word' id='word_1_236' title='bbox 398 3149 499 3211; x_wconf 77' lang='lat' dir='ltr'><strong>peleiert</strong></span> <span class='ocrx_word' id='word_1_237' title='bbox 522 3147 644 3199; x_wconf 83' lang='lat' dir='ltr'><strong>n·erden.“</strong></span> <span class='ocrx_word' id='word_1_238' title='bbox 678 3147 726 3196; x_wconf 85' lang='lat' dir='ltr'><strong>Sed</strong></span> <span class='ocrx_word' id='word_1_239' title='bbox 746 3155 862 3197; x_wconf 70' lang='lat' dir='ltr'><strong>testantur</strong></span> <span class='ocrx_word' id='word_1_240' title='bbox 880 3162 965 3197; x_wconf 88' lang='lat' dir='ltr'><strong>omnes</strong></span> <span class='ocrx_word' id='word_1_241' title='bbox 985 3149 1081 3197; x_wconf 83' lang='lat' dir='ltr'><strong>codices</strong></span> <span class='ocrx_word' id='word_1_242' title='bbox 1098 3142 1276 3213; x_wconf 76' lang='grc' dir='ltr'><strong><em>ἀναρορικολ,</em></strong></span> <span class='ocrx_word' id='word_1_243' title='bbox 1301 3150 1342 3214; x_wconf 88' lang='lat' dir='ltr'><strong>qui</strong></span> <span class='ocrx_word' id='word_1_244' title='bbox 1367 3164 1409 3199; x_wconf 89' lang='lat' dir='ltr'><strong>so·</strong></span> 
     </span>
     <span class='ocr_line' id='line_1_30' title="bbox 133 3230 1408 3298; baseline 0.004 -19"><span class='ocrx_word' id='word_1_245' title='bbox 133 3230 365 3281; x_wconf 84' lang='lat' dir='ltr'><strong>lummodolllissam</strong></span> <span class='ocrx_word' id='word_1_246' title='bbox 375 3232 491 3282; x_wconf 79' lang='lat' dir='ltr'><strong>Fidelium</strong></span> <span class='ocrx_word' id='word_1_247' title='bbox 511 3232 695 3296; x_wconf 74' lang='lat' dir='ltr'><strong>amplectantur,</strong></span> <span class='ocrx_word' id='word_1_248' title='bbox 714 3246 767 3281; x_wconf 87' lang='lat' dir='ltr'><strong>eam</strong></span> <span class='ocrx_word' id='word_1_249' title='bbox 786 3232 859 3281; x_wconf 90' lang='lat' dir='ltr'><strong>ordiri</strong></span> <span class='ocrx_word' id='word_1_250' title='bbox 878 3232 907 3280; x_wconf 89' lang='lat' dir='ltr'><strong>ab</strong></span> <span class='ocrx_word' id='word_1_251' title='bbox 926 3233 1010 3282; x_wconf 82' lang='lat' dir='ltr'><strong>esculo</strong></span> <span class='ocrx_word' id='word_1_252' title='bbox 1029 3234 1105 3296; x_wconf 80' lang='lat' dir='ltr'>pacis,</span> <span class='ocrx_word' id='word_1_253' title='bbox 1123 3233 1178 3282; x_wconf 90' lang='lat' dir='ltr'><strong>dato</strong></span> <span class='ocrx_word' id='word_1_254' title='bbox 1197 3242 1253 3295; x_wconf 88' lang='lat' dir='ltr'><strong>pust</strong></span> <span class='ocrx_word' id='word_1_255' title='bbox 1266 3249 1352 3298; x_wconf 87' lang='lat' dir='ltr'><strong>preees</strong></span> <span class='ocrx_word' id='word_1_256' title='bbox 1364 3249 1408 3298; x_wconf 88' lang='lat' dir='ltr'><strong>pro</strong></span> 
     </span>
     <span class='ocr_line' id='line_1_31' title="bbox 133 3313 1407 3383; baseline 0.004 -20"><span class='ocrx_word' id='word_1_257' title='bbox 133 3313 247 3363; x_wconf 86' lang='lat' dir='ltr'><strong>lldelibus</strong></span> <span class='ocrx_word' id='word_1_258' title='bbox 273 3316 368 3365; x_wconf 84' lang='lat' dir='ltr'><strong>ellusns.</strong></span> <span class='ocrx_word' id='word_1_259' title='bbox 402 3317 505 3367; x_wconf 70' lang='lat' dir='ltr'><strong>decedat</strong></span> <span class='ocrx_word' id='word_1_260' title='bbox 531 3316 596 3381; x_wconf 82' lang='lat' dir='ltr'><strong>qnod</strong></span> <span class='ocrx_word' id='word_1_261' title='bbox 619 3318 741 3381; x_wconf 78' lang='lat' dir='ltr'><strong>posterior</strong></span> <span class='ocrx_word' id='word_1_262' title='bbox 766 3317 836 3367; x_wconf 87' lang='lat' dir='ltr'><strong>llissa</strong></span> <span class='ocrx_word' id='word_1_263' title='bbox 861 3319 975 3380; x_wconf 88' lang='lat' dir='ltr'><strong>proprias</strong></span> <span class='ocrx_word' id='word_1_264' title='bbox 1001 3318 1072 3366; x_wconf 78' lang='lat' dir='ltr'><strong>liniret</strong></span> <span class='ocrx_word' id='word_1_265' title='bbox 1090 3333 1185 3381; x_wconf 79' lang='lat' dir='ltr'>preces,</span> <span class='ocrx_word' id='word_1_266' title='bbox 1212 3319 1271 3367; x_wconf 90' lang='lat' dir='ltr'><strong>satis</strong></span> <span class='ocrx_word' id='word_1_267' title='bbox 1290 3319 1407 3383; x_wconf 81' lang='lat' dir='ltr'><strong>prolixas,</strong></span> 
     </span>
     <span class='ocr_line' id='line_1_32' title="bbox 134 3399 1406 3467; baseline 0.004 -20"><span class='ocrx_word' id='word_1_268' title='bbox 134 3399 256 3463; x_wconf 82' lang='lat' dir='ltr'><strong>prioribus</strong></span> <span class='ocrx_word' id='word_1_269' title='bbox 276 3399 338 3448; x_wconf 88' lang='lat' dir='ltr'><strong>haud</strong></span> <span class='ocrx_word' id='word_1_270' title='bbox 356 3399 489 3449; x_wconf 79' lang='lat' dir='ltr'><strong>absimiles.</strong></span> <span class='ocrx_word' id='word_1_271' title='bbox 507 3403 566 3467; x_wconf 88' lang='lat' dir='ltr'><strong>llpte</strong></span> <span class='ocrx_word' id='word_1_272' title='bbox 583 3402 654 3463; x_wconf 79' lang='lat' dir='ltr'><strong>igitur·</strong></span> <span class='ocrx_word' id='word_1_273' title='bbox 672 3400 840 3452; x_wconf 84' lang='lat' dir='ltr'><strong>cuisisllissaa</strong></span> <span class='ocrx_word' id='word_1_274' title='bbox 859 3417 906 3451; x_wconf 87' lang='grc' dir='ltr'><strong><em>ιιοιι</em></strong></span> <span class='ocrx_word' id='word_1_275' title='bbox 926 3404 1073 3464; x_wconf 76' lang='lat' dir='ltr'><strong>adsignetur,</strong></span> <span class='ocrx_word' id='word_1_276' title='bbox 1093 3412 1117 3451; x_wconf 90' lang='lat' dir='ltr'><strong>ut</strong></span> <span class='ocrx_word' id='word_1_277' title='bbox 1128 3403 1159 3452; x_wconf 90' lang='lat' dir='ltr'><strong>ita</strong></span> <span class='ocrx_word' id='word_1_278' title='bbox 1171 3403 1289 3463; x_wconf 82' lang='lat' dir='ltr'><strong>dieamus,</strong></span> <span class='ocrx_word' id='word_1_279' title='bbox 1307 3404 1406 3454; x_wconf 84' lang='lat' dir='ltr'><strong>Litauia.</strong></span> 
     </span>
     <span class='ocr_line' id='line_1_33' title="bbox 78 3483 1407 3549; baseline 0.005 -19"><span class='ocrx_word' id='word_1_280' title='bbox 78 3532 84 3543; x_wconf 52' lang='grc'><strong><em>,</em></strong></span> <span class='ocrx_word' id='word_1_281' title='bbox 220 3483 243 3543; x_wconf 77' lang='lat' dir='ltr'><strong>ll</strong></span> <span class='ocrx_word' id='word_1_282' title='bbox 267 3483 320 3533; x_wconf 85' lang='lat' dir='ltr'><strong>Non</strong></span> <span class='ocrx_word' id='word_1_283' title='bbox 335 3483 442 3546; x_wconf 80' lang='lat' dir='ltr'><strong>respicit,</strong></span> <span class='ocrx_word' id='word_1_284' title='bbox 466 3485 531 3549; x_wconf 88' lang='lat' dir='ltr'><strong>quod</strong></span> <span class='ocrx_word' id='word_1_285' title='bbox 549 3493 631 3537; x_wconf 91' lang='lat' dir='ltr'><strong>notatu</strong></span> <span class='ocrx_word' id='word_1_286' title='bbox 649 3486 746 3548; x_wconf 77' lang='lat' dir='ltr'><strong>dignum</strong></span> <span class='ocrx_word' id='word_1_287' title='bbox 766 3495 811 3547; x_wconf 90' lang='lat' dir='ltr'><strong>est,</strong></span> <span class='ocrx_word' id='word_1_288' title='bbox 835 3487 864 3535; x_wconf 89' lang='lat' dir='ltr'><strong>ad</strong></span> <span class='ocrx_word' id='word_1_289' title='bbox 883 3487 963 3536; x_wconf 84' lang='lat' dir='ltr'><strong>llattla.</strong></span> <span class='ocrx_word' id='word_1_290' title='bbox 985 3487 1023 3547; x_wconf 85' lang='lat'><strong>16,</strong></span> <span class='ocrx_word' id='word_1_291' title='bbox 1037 3486 1077 3547; x_wconf 81' lang='lat' dir='ltr'><strong>tu,</strong></span> <span class='ocrx_word' id='word_1_292' title='bbox 1096 3488 1139 3536; x_wconf 87' lang='lat' dir='ltr'><strong>sed</strong></span> <span class='ocrx_word' id='word_1_293' title='bbox 1158 3488 1188 3537; x_wconf 90' lang='lat' dir='ltr'><strong>ad</strong></span> <span class='ocrx_word' id='word_1_294' title='bbox 1207 3488 1313 3537; x_wconf 87' lang='lat' dir='ltr'><strong>eundum</strong></span> <span class='ocrx_word' id='word_1_295' title='bbox 1330 3489 1407 3537; x_wconf 85' lang='lat' dir='ltr'><strong>Esau-</strong></span> 
     </span>
     <span class='ocr_line' id='line_1_34' title="bbox 134 3562 872 3637; baseline 0.004 -20"><span class='ocrx_word' id='word_1_296' title='bbox 134 3568 212 3631; x_wconf 74' lang='lat' dir='ltr'><strong>gelist</strong></span> <span class='ocrx_word' id='word_1_297' title='bbox 232 3584 252 3618; x_wconf 91' lang='lat' dir='ltr'><strong>e.</strong></span> <span class='ocrx_word' id='word_1_298' title='bbox 263 3566 344 3628; x_wconf 74' lang='lat' dir='ltr'><strong>l,25:</strong></span> <span class='ocrx_word' id='word_1_299' title='bbox 363 3564 542 3635; x_wconf 65' lang='grc' dir='ltr'><strong><em>τεθεμελίωτο</em></strong></span> <span class='ocrx_word' id='word_1_300' title='bbox 559 3562 613 3637; x_wconf 68' lang='grc' dir='ltr'><strong>ηιάρ</strong></span> <span class='ocrx_word' id='word_1_301' title='bbox 631 3565 678 3618; x_wconf 79' lang='grc' dir='ltr'><strong>ἐπὶ</strong></span> <span class='ocrx_word' id='word_1_302' title='bbox 695 3564 743 3631; x_wconf 86' lang='grc' dir='ltr'><strong>τήν</strong></span> <span class='ocrx_word' id='word_1_303' title='bbox 761 3570 872 3636; x_wconf 76' lang='grc' dir='ltr'><strong><em>πέτραν.</em></strong></span> 
     </span>
    </p>

    <p class='ocr_par' dir='ltr' id='par_1_10' title="bbox 131 3652 1409 4399">
     <span class='ocr_line' id='line_1_35' title="bbox 218 3652 1405 3723; baseline 0.004 -22"><span class='ocrx_word' id='word_1_304' title='bbox 218 3652 244 3713; x_wconf 80' lang='grc'><strong>2)</strong></span> <span class='ocrx_word' id='word_1_305' title='bbox 267 3654 357 3702; x_wconf 89' lang='lat' dir='ltr'><strong>lterum</strong></span> <span class='ocrx_word' id='word_1_306' title='bbox 381 3652 543 3716; x_wconf 77' lang='lat' dir='ltr'><strong>deprehendit</strong></span> <span class='ocrx_word' id='word_1_307' title='bbox 565 3654 746 3718; x_wconf 73' lang='lat' dir='ltr'><strong>interpolatoris</strong></span> <span class='ocrx_word' id='word_1_308' title='bbox 765 3655 913 3704; x_wconf 85' lang='lat' dir='ltr'><strong>industriam.</strong></span> <span class='ocrx_word' id='word_1_309' title='bbox 949 3657 1031 3705; x_wconf 80' lang='lat' dir='ltr'><strong>Aliena</strong></span> <span class='ocrx_word' id='word_1_310' title='bbox 1050 3665 1106 3706; x_wconf 88' lang='lat' dir='ltr'><strong>sunt</strong></span> <span class='ocrx_word' id='word_1_311' title='bbox 1125 3657 1154 3706; x_wconf 88' lang='lat' dir='ltr'><strong>ab</strong></span> <span class='ocrx_word' id='word_1_312' title='bbox 1173 3658 1348 3723; x_wconf 82' lang='lat' dir='ltr'><strong>antiquissimis</strong></span> <span class='ocrx_word' id='word_1_313' title='bbox 1366 3658 1405 3707; x_wconf 87' lang='lat' dir='ltr'><strong>Li-</strong></span> 
     </span>
     <span class='ocr_line' id='line_1_36' title="bbox 131 3737 1406 3806; baseline 0.004 -20"><span class='ocrx_word' id='word_1_314' title='bbox 131 3738 264 3800; x_wconf 74' lang='lat' dir='ltr'><strong>turpiarum</strong></span> <span class='ocrx_word' id='word_1_315' title='bbox 282 3737 371 3787; x_wconf 83' lang='lat' dir='ltr'><strong>chartis</strong></span> <span class='ocrx_word' id='word_1_316' title='bbox 389 3738 486 3787; x_wconf 87' lang='lat' dir='ltr'><strong>nomina</strong></span> <span class='ocrx_word' id='word_1_317' title='bbox 505 3737 680 3803; x_wconf 79' lang='lat' dir='ltr'><strong>Episcoporum</strong></span> <span class='ocrx_word' id='word_1_318' title='bbox 699 3748 723 3789; x_wconf 89' lang='lat' dir='ltr'><strong>et</strong></span> <span class='ocrx_word' id='word_1_319' title='bbox 746 3739 858 3799; x_wconf 88' lang='lat' dir='ltr'><strong>eliorum,</strong></span> <span class='ocrx_word' id='word_1_320' title='bbox 884 3740 928 3789; x_wconf 92' lang='lat' dir='ltr'><strong>sed</strong></span> <span class='ocrx_word' id='word_1_321' title='bbox 951 3741 1114 3791; x_wconf 82' lang='lat' dir='ltr'><strong>recitabantur</strong></span> <span class='ocrx_word' id='word_1_322' title='bbox 1133 3756 1160 3791; x_wconf 84' lang='lat' dir='ltr'><strong>er</strong></span> <span class='ocrx_word' id='word_1_323' title='bbox 1178 3742 1316 3806; x_wconf 72' lang='lat' dir='ltr'><strong>diptychis:</strong></span> <span class='ocrx_word' id='word_1_324' title='bbox 1344 3744 1406 3791; x_wconf 71' lang='lat' dir='ltr'><strong>lilrro</strong></span> 
     </span>
     <span class='ocr_line' id='line_1_37' title="bbox 134 3822 1408 3877; baseline 0.004 -6"><span class='ocrx_word' id='word_1_325' title='bbox 134 3822 227 3872; x_wconf 78' lang='lat' dir='ltr'><strong>missali</strong></span> <span class='ocrx_word' id='word_1_326' title='bbox 244 3822 372 3872; x_wconf 87' lang='lat' dir='ltr'><strong>interserta</strong></span> <span class='ocrx_word' id='word_1_327' title='bbox 396 3830 446 3873; x_wconf 89' lang='lat' dir='ltr'><strong>erat</strong></span> <span class='ocrx_word' id='word_1_328' title='bbox 469 3830 561 3873; x_wconf 83' lang='lat' dir='ltr'><strong>tantuin</strong></span> <span class='ocrx_word' id='word_1_329' title='bbox 579 3825 685 3873; x_wconf 88' lang='lat' dir='ltr'><strong>omnium</strong></span> <span class='ocrx_word' id='word_1_330' title='bbox 704 3822 893 3873; x_wconf 79' lang='lat' dir='ltr'><strong>orthodoxorum</strong></span> <span class='ocrx_word' id='word_1_331' title='bbox 913 3825 1044 3874; x_wconf 86' lang='lat' dir='ltr'><strong>antistitum</strong></span> <span class='ocrx_word' id='word_1_332' title='bbox 1063 3829 1270 3877; x_wconf 85' lang='lat' dir='ltr'><strong>commemoratio.</strong></span> <span class='ocrx_word' id='word_1_333' title='bbox 1306 3829 1334 3876; x_wconf 80' lang='lat' dir='ltr'><strong>lt</strong></span> <span class='ocrx_word' id='word_1_334' title='bbox 1352 3842 1408 3876; x_wconf 84' lang='lat' dir='ltr'><strong>sero</strong></span> 
     </span>
     <span class='ocr_line' id='line_1_38' title="bbox 134 3900 1408 3976; baseline 0.005 -22"><span class='ocrx_word' id='word_1_335' title='bbox 134 3906 175 3970; x_wconf 81' lang='lat' dir='ltr'><strong>qui</strong></span> <span class='ocrx_word' id='word_1_336' title='bbox 193 3900 329 3962; x_wconf 81' lang='grc' dir='ltr'><strong><em>διατάξεις</em></strong></span> <span class='ocrx_word' id='word_1_337' title='bbox 345 3906 408 3967; x_wconf 89' lang='lat' dir='ltr'><strong>illas,</strong></span> <span class='ocrx_word' id='word_1_338' title='bbox 427 3922 520 3956; x_wconf 84' lang='lat' dir='ltr'><strong>sumnia</strong></span> <span class='ocrx_word' id='word_1_339' title='bbox 540 3908 679 3971; x_wconf 85' lang='lat' dir='ltr'><strong>antiquitate</strong></span> <span class='ocrx_word' id='word_1_340' title='bbox 697 3908 812 3968; x_wconf 73' lang='lat' dir='ltr'><strong>insignes,</strong></span> <span class='ocrx_word' id='word_1_341' title='bbox 831 3907 860 3955; x_wconf 90' lang='lat' dir='ltr'><strong>ab</strong></span> <span class='ocrx_word' id='word_1_342' title='bbox 879 3908 939 3971; x_wconf 87' lang='lat' dir='ltr'><strong>ipsis</strong></span> <span class='ocrx_word' id='word_1_343' title='bbox 957 3910 1079 3973; x_wconf 79' lang='lat' dir='ltr'><strong>Apostolis</strong></span> <span class='ocrx_word' id='word_1_344' title='bbox 1097 3911 1162 3960; x_wconf 81' lang='lat' dir='ltr'><strong>fiarxit</strong></span> <span class='ocrx_word' id='word_1_345' title='bbox 1181 3913 1341 3976; x_wconf 84' lang='lat' dir='ltr'><strong>conscriptas,</strong></span> <span class='ocrx_word' id='word_1_346' title='bbox 1359 3927 1408 3961; x_wconf 91' lang='lat' dir='ltr'><strong>nou</strong></span> 
     </span>
     <span class='ocr_line' id='line_1_39' title="bbox 132 3992 1409 4061; baseline 0.007 -22"><span class='ocrx_word' id='word_1_347' title='bbox 132 3997 230 4054; x_wconf 87' lang='lat' dir='ltr'><strong>poteret</strong></span> <span class='ocrx_word' id='word_1_348' title='bbox 246 3992 302 4055; x_wconf 88' lang='lat' dir='ltr'><strong>quin</strong></span> <span class='ocrx_word' id='word_1_349' title='bbox 321 3992 359 4041; x_wconf 85' lang='lat' dir='ltr'><strong>lais</strong></span> <span class='ocrx_word' id='word_1_350' title='bbox 375 3993 496 4055; x_wconf 75' lang='lat' dir='ltr'><strong>Liturgiae</strong></span> <span class='ocrx_word' id='word_1_351' title='bbox 513 3994 625 4056; x_wconf 85' lang='lat' dir='ltr'><strong>precibus</strong></span> <span class='ocrx_word' id='word_1_352' title='bbox 643 3993 790 4043; x_wconf 85' lang='lat' dir='ltr'><strong>immisceret</strong></span> <span class='ocrx_word' id='word_1_353' title='bbox 807 3993 977 4055; x_wconf 85' lang='lat' dir='ltr'><strong>episcoporum</strong></span> <span class='ocrx_word' id='word_1_354' title='bbox 996 3997 1101 4056; x_wconf 87' lang='lat' dir='ltr'><strong>nomina,</strong></span> <span class='ocrx_word' id='word_1_355' title='bbox 1121 4011 1181 4060; x_wconf 82' lang='lat' dir='ltr'><strong>quos</strong></span> <span class='ocrx_word' id='word_1_356' title='bbox 1200 4013 1273 4061; x_wconf 88' lang='lat' dir='ltr'><strong>supra</strong></span> <span class='ocrx_word' id='word_1_357' title='bbox 1293 3996 1409 4058; x_wconf 54' lang='lat' dir='ltr'><strong>liutto</strong></span> 
     </span>
     <span class='ocr_line' id='line_1_40' title="bbox 134 4073 1408 4144; baseline 0.006 -21"><span class='ocrx_word' id='word_1_358' title='bbox 134 4073 300 4140; x_wconf 88' lang='lat' dir='ltr'><strong>apostolorum</strong></span> <span class='ocrx_word' id='word_1_359' title='bbox 320 4084 396 4125; x_wconf 87' lang='lat' dir='ltr'><strong>aetate</strong></span> <span class='ocrx_word' id='word_1_360' title='bbox 415 4077 645 4141; x_wconf 67' lang='lat' dir='ltr'><strong>Hierosolymorum,</strong></span> <span class='ocrx_word' id='word_1_361' title='bbox 669 4077 758 4125; x_wconf 80' lang='lat' dir='ltr'><strong>Romae</strong></span> <span class='ocrx_word' id='word_1_362' title='bbox 776 4083 800 4124; x_wconf 92' lang='lat' dir='ltr'><strong>et</strong></span> <span class='ocrx_word' id='word_1_363' title='bbox 816 4077 954 4127; x_wconf 80' lang='lat' dir='ltr'><strong>Antiochiae</strong></span> <span class='ocrx_word' id='word_1_364' title='bbox 973 4080 1090 4129; x_wconf 86' lang='lat' dir='ltr'><strong>ecclesiae</strong></span> <span class='ocrx_word' id='word_1_365' title='bbox 1108 4082 1243 4144; x_wconf 81' lang='lat' dir='ltr'><strong>praefuisse</strong></span> <span class='ocrx_word' id='word_1_366' title='bbox 1261 4090 1408 4133; x_wconf 77' lang='lat' dir='ltr'><strong>narraverat.</strong></span> 
     </span>
     <span class='ocr_line' id='line_1_41' title="bbox 132 4157 1407 4225; baseline 0.006 -18"><span class='ocrx_word' id='word_1_367' title='bbox 132 4157 281 4209; x_wconf 75' lang='lat' dir='ltr'><strong>Desideravit</strong></span> <span class='ocrx_word' id='word_1_368' title='bbox 298 4158 359 4209; x_wconf 85' lang='lat' dir='ltr'><strong>alius</strong></span> <span class='ocrx_word' id='word_1_369' title='bbox 369 4159 550 4209; x_wconf 78' lang='lat' dir='ltr'><strong>Alexandrinam</strong></span> <span class='ocrx_word' id='word_1_370' title='bbox 570 4161 705 4222; x_wconf 87' lang='lat' dir='ltr'><strong>ecelesiam,</strong></span> <span class='ocrx_word' id='word_1_371' title='bbox 725 4160 788 4225; x_wconf 89' lang='lat' dir='ltr'><strong>quod</strong></span> <span class='ocrx_word' id='word_1_372' title='bbox 803 4160 942 4222; x_wconf 80' lang='lat' dir='ltr'><strong>intelligitur</strong></span> <span class='ocrx_word' id='word_1_373' title='bbox 953 4178 979 4212; x_wconf 82' lang='lat' dir='ltr'><strong>ex</strong></span> <span class='ocrx_word' id='word_1_374' title='bbox 990 4165 1102 4215; x_wconf 75' lang='lat' dir='ltr'><strong>uarietate</strong></span> <span class='ocrx_word' id='word_1_375' title='bbox 1113 4165 1194 4215; x_wconf 89' lang='lat' dir='ltr'><strong>Codie.</strong></span> <span class='ocrx_word' id='word_1_376' title='bbox 1213 4167 1407 4217; x_wconf 85' lang='lat' dir='ltr'><strong>l&#39;indobonensis</strong></span> 
     </span>
     <span class='ocr_line' id='line_1_42' title="bbox 134 4236 1407 4313; baseline 0.008 -21"><span class='ocrx_word' id='word_1_377' title='bbox 134 4257 178 4306; x_wconf 88' lang='lat' dir='ltr'><strong>pro</strong></span> <span class='ocrx_word' id='word_1_378' title='bbox 203 4236 322 4291; x_wconf 73' lang='lat' dir='ltr'><strong>Edodlou</strong></span> <span class='ocrx_word' id='word_1_379' title='bbox 345 4243 438 4306; x_wconf 72' lang='lat' dir='ltr'><strong>legatur</strong></span> <span class='ocrx_word' id='word_1_380' title='bbox 459 4237 614 4293; x_wconf 73' lang='grc' dir='ltr'><strong><em>Ἀννιανοῠ.</em></strong></span> <span class='ocrx_word' id='word_1_381' title='bbox 648 4246 796 4307; x_wconf 78' lang='lat' dir='ltr'><strong>Augusti:</strong></span> <span class='ocrx_word' id='word_1_382' title='bbox 824 4246 868 4306; x_wconf 92' lang='lat' dir='ltr'><strong>„ln</strong></span> <span class='ocrx_word' id='word_1_383' title='bbox 897 4248 976 4296; x_wconf 87' lang='lat' dir='ltr'><strong>dieser</strong></span> <span class='ocrx_word' id='word_1_384' title='bbox 1002 4249 1157 4312; x_wconf 78' lang='lat' dir='ltr'><strong>litargisclreu</strong></span> <span class='ocrx_word' id='word_1_385' title='bbox 1184 4250 1338 4313; x_wconf 77' lang='lat' dir='ltr'><strong>l&#39;erbiniluug</strong></span> <span class='ocrx_word' id='word_1_386' title='bbox 1365 4252 1407 4303; x_wconf 84' lang='lat' dir='ltr'><strong>der</strong></span> 
     </span>
     <span class='ocr_line' id='line_1_43' title="bbox 132 4325 1408 4399; baseline 0.008 -24"><span class='ocrx_word' id='word_1_387' title='bbox 132 4325 245 4376; x_wconf 77' lang='lat' dir='ltr'><strong>Biselriile</strong></span> <span class='ocrx_word' id='word_1_388' title='bbox 263 4342 307 4376; x_wconf 80' lang='lat' dir='ltr'><strong>rou</strong></span> <span class='ocrx_word' id='word_1_389' title='bbox 324 4326 468 4387; x_wconf 80' lang='lat' dir='ltr'><strong>Jerusalem,</strong></span> <span class='ocrx_word' id='word_1_390' title='bbox 487 4329 546 4378; x_wconf 80' lang='lat' dir='ltr'><strong>liena</strong></span> <span class='ocrx_word' id='word_1_391' title='bbox 564 4330 613 4379; x_wconf 93' lang='lat' dir='ltr'><strong>und</strong></span> <span class='ocrx_word' id='word_1_392' title='bbox 631 4329 770 4380; x_wconf 80' lang='lat' dir='ltr'><strong>latioclrien</strong></span> <span class='ocrx_word' id='word_1_393' title='bbox 790 4331 845 4392; x_wconf 80' lang='lat' dir='ltr'><strong>liegt</strong></span> <span class='ocrx_word' id='word_1_394' title='bbox 863 4330 994 4394; x_wconf 79' lang='lat' dir='ltr'><strong>allerdings</strong></span> <span class='ocrx_word' id='word_1_395' title='bbox 1011 4334 1065 4384; x_wconf 85' lang='lat' dir='ltr'><strong>eine</strong></span> <span class='ocrx_word' id='word_1_396' title='bbox 1083 4335 1343 4399; x_wconf 62' lang='lat' dir='ltr'><strong>annullet-potueras</strong></span> <span class='ocrx_word' id='word_1_397' title='bbox 1360 4335 1408 4385; x_wconf 83' lang='lat' dir='ltr'><strong>lle·</strong></span> 
     </span>
    </p>
   </div>
   <div class='ocr_carea' id='block_1_7' title="bbox 132 4409 1406 4561">
    <p class='ocr_par' dir='ltr' id='par_1_11' title="bbox 132 4409 1406 4561">
     <span class='ocr_line' id='line_1_44' title="bbox 132 4409 1406 4485; baseline 0.01 -27"><span class='ocrx_word' id='word_1_398' title='bbox 132 4409 235 4473; x_wconf 64' lang='lat' dir='ltr'><strong>uetans</strong></span> <span class='ocrx_word' id='word_1_399' title='bbox 258 4412 307 4465; x_wconf 91' lang='lat' dir='ltr'><strong>und</strong></span> <span class='ocrx_word' id='word_1_400' title='bbox 329 4414 369 4463; x_wconf 91' lang='lat' dir='ltr'><strong>ein</strong></span> <span class='ocrx_word' id='word_1_401' title='bbox 392 4413 513 4477; x_wconf 80' lang='lat' dir='ltr'><strong>nieutiger</strong></span> <span class='ocrx_word' id='word_1_402' title='bbox 531 4414 613 4467; x_wconf 82' lang='lat' dir='ltr'><strong>Gruud</strong></span> <span class='ocrx_word' id='word_1_403' title='bbox 636 4430 665 4464; x_wconf 87' lang='lat' dir='ltr'><strong>zu</strong></span> <span class='ocrx_word' id='word_1_404' title='bbox 683 4415 737 4464; x_wconf 86' lang='lat' dir='ltr'><strong>dem</strong></span> <span class='ocrx_word' id='word_1_405' title='bbox 756 4416 886 4467; x_wconf 79' lang='lat' dir='ltr'><strong>l&#39;erdnelrte</strong></span> <span class='ocrx_word' id='word_1_406' title='bbox 904 4418 971 4469; x_wconf 88' lang='lat' dir='ltr'><strong>einer</strong></span> <span class='ocrx_word' id='word_1_407' title='bbox 988 4427 1094 4485; x_wconf 82' lang='lat' dir='ltr'><strong>spatam,</strong></span> <span class='ocrx_word' id='word_1_408' title='bbox 1122 4420 1309 4470; x_wconf 82' lang='lat' dir='ltr'><strong>alsiclrtsrolleu</strong></span> <span class='ocrx_word' id='word_1_409' title='bbox 1328 4420 1406 4471; x_wconf 89' lang='lat' dir='ltr'><strong>luter-</strong></span> 
     </span>
     <span class='ocr_line' id='line_1_45' title="bbox 133 4494 268 4561; baseline 0.03 -18"><span class='ocrx_word' id='word_1_410' title='bbox 133 4494 268 4561; x_wconf 86' lang='lat' dir='ltr'><strong>pelatiou.“</strong></span> 
     </span>
    </p>
   </div>
   <div class='ocr_carea' id='block_1_8' title="bbox 0 0 1535 4912">
    <p class='ocr_par' dir='ltr' id='par_1_12' title="bbox 0 0 1535 4912">
     <span class='ocr_line' id='line_1_46' title="bbox 0 0 1535 4912; baseline 0 0"><span class='ocrx_word' id='word_1_411' title='bbox 0 0 1535 4912; x_wconf 95' lang='lat' dir='ltr'><strong> </strong></span> 
     </span>
    </p>
   </div>
  </div>
 </body>
</html>
