3044 4912
671 261 720 336 85

57 447 132 508 dnm
153 445 292 526 precibus
315 454 346 508 et
367 446 694 528 incipiturllnaplrom,
714 447 780 511 sire
802 468 884 512 soora
905 450 998 513 lotio.
1042 451 1123 513 iilius
1148 451 1263 515 initium
1286 462 1334 515 cst

58 548 155 611 oratio
177 556 245 610 ante
266 547 402 611 osculum
423 549 516 629 pabit,
538 558 568 611 ct
585 557 720 629 anteqam
735 549 850 612 dicatur
863 561 1004 630 superest
1018 553 1048 614 iu
1064 552 1216 615 codicibus
1230 551 1333 617 itss¹t

61 659 146 712 ectus
167 647 294 712 lemma
315 648 454 712 eiiciendi
475 651 628 712 audientes
650 658 682 711 et
702 651 901 730 poenitentes.
931 655 1017 714 testis
1037 655 1175 735 antiquae
1197 655 1333 735 discipli·-

62 767 127 812 nac.
167 750 245 812 'ibm
266 749 433 813 benedictio
454 749 675 831 antiquissima:
698 752 821 817 Caritas
837 752 1019 825 carrion,
1043 763 1099 817 etc
1121 756 1240 835 siguum
1261 775 1332 818 cru·

63 852 107 913 cis
131 868 223 932 super
249 851 403 932 populum.
425 880 468 898 -·-
497 851 572 923 Post
594 851 733 915 uectium
760 854 852 933 pacis,
881 854 1014 918 Sursum
1036 858 1129 918 cordo
1157 857 1332 937 etreliqua,

64 954 146 1015 ouius
166 953 312 1016 formulae
333 952 442 1033 ubique
463 962 600 1033 receptos
622 953 653 1015 in
675 954 813 1017 omnibus
836 956 1046 1035 cuiuscumque
1060 957 1176 1037 linquae
1189 958 1332 1039 Liturgiis

65 1062 139 1115 estat
157 1055 312 1117 memoria.
356 1054 502 1117 Praelatio
519 1068 599 1134 quae
619 1062 666 1116 cst
686 1056 724 1117 de
744 1055 903 1135 gratiarum
926 1057 1052 1130 actione,
1077 1058 1273 1139 laudibusque
1295 1061 1332 1122 uti

64 1154 153 1217 boum
172 1155 341 1218 referendis
359 1163 485 1237 propter
505 1156 604 1217 omnia
627 1155 655 1217 iu
676 1170 771 1235 genus
793 1159 953 1220 humanum
975 1158 1127 1232 omousia,
1161 1150 1338 1237 creationis

65 1254 133 1335 tagis
158 1257 378 1337 promulgatae,
406 1256 560 1319 missionis
587 1256 819 1336 Prophetarum,
853 1260 973 1322 undem
1000 1260 1184 1323 dbmadonis
1211 1262 1331 1325 humani

10 1398 12 1405 ·
64 1358 176 1435 muana
204 1376 260 1438 per
280 1358 527 1431 locnmatioucm
556 1357 773 1439 salutaremque
795 1361 1050 1441 dispensationem
1073 1361 1182 1425 Christi
1203 1362 1331 1425 Domini.

10 1452 13 1521 i
63 1457 199 1538 Sequitur
211 1459 245 1520 in
253 1458 450 1523 Praelatiouis
463 1460 522 1522 fine
533 1459 664 1540 Hymnus
674 1460 871 1537 conminus,
883 1462 1025 1538 Sanctus,
1037 1464 1176 1536 Sanctus,
1189 1463 1330 1536 Somnos.

10 1576 13 1601 ¹
64 1560 109 1638 qui
127 1560 246 1623 canitur
266 1578 283 1623 a
304 1560 428 1642 populo.
691 1642 699 1655 .
945 1544 948 1555 ¹

10 1726 12 1753 ι
140 1660 290 1725 Sacerdos
317 1660 436 1741 longam
464 1662 631 1727 orationem
659 1664 836 1743 pronunciat
863 1664 894 1727 iu
916 1664 970 1727 Dei
992 1666 1118 1741 laudem,
1147 1675 1178 1729 et
1198 1685 1254 1746 pro
1276 1665 1330 1729 Li·
1431 1704 1434 1711 ·

62 1761 220 1840 iurgiorum
240 1762 410 1825 diversitate
431 1763 587 1843 aliquando
608 1763 737 1836 brevior,
759 1766 916 1846 aliquando
938 1767 1082 1846 prolixior
1097 1776 1145 1829 ost
1159 1768 1206 1830 iila
1222 1769 1329 1831 oratio.

63 1859 172 1926 ilesiuit
194 1872 293 1927 autem
314 1865 347 1927 iu
369 1865 563 1928 institutionis
579 1865 760 1929 Sacrameuti
781 1869 1074 1939 commemoratione,
1098 1877 1127 1928 ot
1146 1869 1329 1946 pronuncia·

62 1962 137 2026 tiam
158 1966 320 2029 verborum
336 1966 457 2040 Christi,
480 1980 571 2048 super
592 1983 709 2046 panem,
733 1976 762 2029 et
782 1987 873 2048 super
896 1969 1029 2031 calicem:
1052 1968 1089 2029 ad
1110 1986 1186 2047 quac
1199 1970 1327 2047 populus

62 2065 212 2129 adamat:
241 2068 373 2132 Mortem
400 2079 482 2131 unm
509 2068 637 2131 dominc
663 2074 894 2141 annuntiamus,
923 2077 978 2130 cto.
1009 2077 1153 2148 sequntur
1180 2069 1329 2131 orationes

61 2167 222 2229 noeroom
246 2169 276 2231 iu
299 2168 433 2231 eamdem
455 2170 646 2232 scuoeutiam:
669 2179 700 2231 et
712 2169 800 2249 paulo
815 2178 885 2249 post
900 2170 1056 2233 invocatio
1072 2168 1208 2250 Spiritus
1223 2173 1329 2244 ronotr',

61 2284 141 2347 flam
168 2270 323 2349 praecedit
349 2270 471 2333 Diaconi
499 2270 664 2334 exhortatio
693 2270 730 2332 ad
758 2271 910 2352 populum,
938 2279 971 2333 ut
1001 2279 1066 2331 oret
1094 2270 1245 2344 attentius,
1275 2289 1329 2332 er·

61 2372 218 2449 manando
252 2373 316 2435 eius
338 2372 474 2452 illapsum
496 2375 527 2434 in
548 2373 626 2434 dona
646 2372 811 2451 proposita.
855 2373 922 2454 ipsa
943 2372 1140 2435 invocationis
1163 2375 1257 2435 lorma
1278 2391 1330 2434 ca-

62 2470 122 2533 dem
150 2473 275 2535 omniuo
304 2482 360 2546 est
394 2492 469 2553 quae
496 2473 527 2534 in
550 2473 669 2535 Graecis
692 2473 853 2537 codicibus.
899 2475 1070 2554 Sequuntur
1088 2474 1244 2554 Diptycha:
1267 2482 1331 2536 tum

62 2576 300 2636 commemoratio
323 2584 523 2636 mortuorum:
548 2574 723 2636 Sanctorum
745 2575 904 2637 memoria:
936 2577 1036 2638 Oratio
1059 2576 1220 2651 Dominus,
1244 2596 1331 2656 quam

62 2673 201 2737 Sacerdos
230 2677 352 2757 incipit;
379 2677 507 2757 populus
537 2678 592 2738 alta
613 2696 684 2737 voce
707 2678 867 2739 continuat.
912 2677 1041 2738 Elevatio
1064 2678 1278 2752 Euclraristiae‚
1300 2688 1332 2740 et

61 2774 168 2841 Sancto
196 2784 323 2841 socratis.
367 2776 441 2839 Tum
469 2777 584 2841 hostiae
607 2779 721 2852 iractio‚
752 2788 781 2840 et
802 2779 961 2858 particulae
984 2778 1013 2839 in
1037 2780 1156 2841 calicem
1177 2781 1329 2856 intinctio;

62 2886 117 2939 tum
144 2899 182 2942 ex
210 2880 325 2953 eadem,
353 2878 531 2958 reliquarum
554 2881 679 2960 quaein
703 2899 788 2941 sacro
812 2880 894 2941 disco
918 2890 997 2953 sunt,
1024 2881 1233 2959 particularum
1255 2899 1328 2941 con·

60 2979 199 3058 signatio:
222 2980 394 3043 Sacerdotis
416 2983 599 3042 communio:
623 2981 755 3044 eitrsdem
778 2981 948 3043 distributio
972 2982 1192 3056 Sacerdotibus,
1221 2981 1328 3042 iliaco·

62 3080 102 3141 nis
123 3091 154 3143 et
177 3083 303 3162 reliquis
327 3102 361 3144 ex
384 3082 481 3144 Clero.
525 3082 636 3143 deinde
659 3084 827 3144 communio
849 3083 961 3163 populo
984 3083 1181 3156 distribuitur,
1203 3101 1258 3162 per
1280 3083 1328 3143 in-

61 3181 174 3245 tinctam
194 3184 378 3266 particulam,
395 3202 469 3263 quac
488 3184 634 3247 cochleari
648 3184 822 3264 praebetur:
843 3183 1008 3246 Gratiarum
1025 3185 1100 3247 actio
1116 3194 1145 3247 et
1160 3183 1328 3246 Sacerdotis

62 3286 156 3350 ultima
177 3286 381 3350 bencdictio.“

138 3389 216 3451 Cum
252 3389 344 3452 semel
380 3390 547 3467 expositum
584 3389 624 3450 sit
660 3389 696 3449 de
733 3389 848 3467 origine
884 3397 913 3450 ct
948 3388 1099 3449 authentia
1130 3387 1329 3468 Liturgiarum

61 3490 131 3552 cirea
159 3509 273 3553 annum
304 3490 373 3552 CCC
402 3500 432 3551 et
457 3497 561 3569 postea
586 3490 681 3551 literis
710 3491 922 3563 mandatorum,
960 3489 1029 3568 quid
1058 3488 1094 3550 ad
1121 3508 1222 3550 verum
1252 3507 1327 3567 pro-

62 3590 131 3653 xime
153 3593 297 3655 accedere
317 3592 461 3664 rideat-ur,
483 3608 543 3652 non
567 3591 714 3671 estquod
737 3608 874 3669 magnum
898 3603 927 3652 et
948 3590 1064 3651 difficile
1086 3588 1193 3649 bellum
1212 3590 1326 3650 instau-

63 3709 166 3767 remus,
191 3692 273 3774 quod
296 3692 332 3755 de
354 3702 449 3755 aetate
471 3700 500 3754 et
520 3693 688 3773 integritate
710 3692 893 3771 singulorum
915 3690 1058 3751 librorum
1075 3690 1254 3751 decertatum
1271 3698 1325 3751 cst.

10 3784 12 3875 g
62 3792 253 3874 ignoscimus
287 3794 424 3858 iacobum
456 3793 622 3874 apostolum
644 3795 674 3856 in
696 3792 891 3866 Praelatione‚
909 3792 1154 3863 Consecratione‚
1176 3790 1325 3853 Distribu-

10 3928 13 3960 ι
64 3895 134 3959 ioue
155 3906 189 3959 et
211 3897 347 3959 oratioue
370 3896 530 3958 dominica:
564 3896 636 3957 alias
659 3896 819 3968 orationes,
849 3893 954 3974 Cprillo
978 3903 1007 3955 et
1029 3893 1171 3953 Clementi
1192 3891 1326 3953 necessi·

11 3999 12 4002 ’
63 3998 153 4061 udiue
176 3999 305 4079 quadam
327 3999 499 4060 coniunctas
522 3997 661 4059 ccclesiae
676 3996 959 4076 Hierosolqmitanac
980 3994 1153 4055 traditiones
1175 3993 1324 4072 liturgicus

63 4099 257 4175 putaverimus
283 4099 400 4162 saeculo
424 4099 554 4161 secundo
577 4108 606 4161 et
629 4099 715 4160 tertio
732 4106 850 4172 enatas3
872 4097 988 4157 tertiam
1004 4105 1116 4174 partem
1133 4113 1255 4174 eamque
1270 4094 1325 4155 ad·
1367 4108 1369 4112 ·

10 4184 12 4213 ’
61 4204 173 4266 modum
194 4202 342 4283 prolixam
363 4201 469 4263 adiecit
490 4201 640 4263 saeculum
661 4209 797 4280 quartum
819 4199 866 4260 vel
887 4198 1061 4278 quintum.¹)

61 4344 358 4360 5-—

134 4444 160 4505 i)
179 4441 340 4493 ilenaidotius
358 4439 477 4502 liturgiam
495 4439 575 4490 iacobi
594 4439 669 4489 literis
688 4439 823 4489 mandatam
842 4452 895 4487 esse
914 4438 1094 4487 existimatante
1104 4435 1217 4498 cyrillum
1231 4434 1325 4485 iiieros.

60 4523 148 4580 lomi.
170 4525 304 4594 p.xxxit1
329 4526 408 4588 „Cum
432 4525 501 4576 anuis
524 4525 616 4590 aliquot
638 4530 708 4577 autea
731 4525 834 4588 Cprillus
852 4522 1082 4588 Hierosolymorum
1100 4521 1246 4574 Cateclretes
1268 4533 1330 4573 anas
