3044 4912
797 250 872 324 656

199 440 320 525 στεράς
343 429 578 521 κατερχόμενον
603 429 660 500 καί
687 425 951 519 περιὶπτάμενόν
972 451 1038 496 σοι.
1078 423 1117 495 ‘0
1135 421 1312 515 Ἰορδάνης
1331 422 1389 493 ἐστ
1413 421 1421 447 ’

201 536 250 619 τίς
270 538 313 605 τὰ
333 532 455 616 ἀπίσω,
477 531 564 621 όριῦν
584 532 642 600 τὸν
663 527 807 620 ἀόρατον
828 527 1006 619 ὁραθέντα,
1028 527 1086 596 τόν
1098 525 1234 618 κτίστην
1249 525 1452 615 σαρννκθέντι,
1509 602 1516 618 ι

200 640 260 708 τὸν
280 635 447 726 δεσπότην
468 631 503 702 ἐν
526 630 646 701 δσόλσυ
667 639 792 723 μορφῇ.
818 628 857 699 Ὁ
877 627 1043 721 Ἰορδάνης
1064 625 1216 719 ἐστράφη
1239 624 1294 709 είς
1313 628 1358 697 τὰ
1371 623 1415 696 ἀπ

200 740 259 808 καί
279 738 322 805 τὰ
342 732 401 827 όρη
424 733 617 825 έσκίρτησαν
639 732 727 802 Θεὸν
747 732 783 801 ἕν
807 732 905 822 σαρκί
916 738 1127 819 καθορῶντα.
1162 729 1237 798 Καὶ
1252 730 1459 820 νεφόλσιφι-
1503 804 1515 825 ·

202 840 261 929 νὴν
289 837 416 908 ἔδωκαν
442 835 681 923 θαυμάζονται
707 834 766 903 τὸν
792 832 1061 922 παραγενόμενον
1083 839 1157 923 φῶς
1178 830 1216 900 ἐκ
1239 831 1368 921 φωτός,
1395 830 1462 899 ed·

202 938 365 1030 ἀληθινόν
387 939 423 1007 ἐκ
446 944 535 1008 Θεοῦ
556 935 730 1028 ἀληθινοῦ.
771 935 983 1023 Δισποτικήν
1004 932 1188 1024 πανήγυριν
1208 930 1361 1021 σήμερον
1381 930 1463 1019 bt?
1511 1018 1518 1030 Ι

200 1038 347 1132 Ἰορδάνῃ
371 1036 509 1128 ὁρῶμεν,
538 1036 639 1107 αὐτὸν
668 1038 706 1106 δὲ
732 1035 791 1105 τὸν
817 1043 877 1125 τῆς
903 1042 1078 1125 παρακοῆς
1102 1033 1258 1105 θάνατον
1287 1033 1347 1103 καί
1365 1033 1466 1121 τὸτῆς
1512 1082 1518 1131 .'

202 1140 332 1231 πλάνης
357 1141 490 1229 κέντρον
516 1140 573 1208 καί
599 1139 658 1208 τὸν
684 1146 745 1206 τοῦ
772 1135 856 1228 ᾅδου
878 1135 1060 1223 σύνδεσμον
1082 1137 1117 1206 ἐν
1137 1141 1186 1224 τῷ
1207 1133 1363 1225 Ἰορδάνῃ
1382 1132 1466 1221 βυθί-
1512 1184 1518 1195 .

192 1266 308 1311 ,σαντα
327 1242 386 1310 καί
405 1240 582 1327 βάπτισμα
603 1237 768 1331 σωτηρίας
788 1244 834 1328 τῷ
855 1237 969 1329 κόσμῳ
992 1235 1238 1327 δωρησάμενον.
1266 1234 1379 1306 Ὅθεν
1395 1231 1465 1323 κόγὺ
1506 1324 1508 1331 A

203 1341 443 1432 όάμαρτωλὸς
468 1342 526 1410 καί
553 1339 687 1424 ἀνάξιος
715 1339 834 1421 δοῦλός
861 1365 933 1423 σου,
960 1340 1003 1407 τὰ
1023 1341 1184 1427 μεγαλεῖα
1205 1344 1278 1405 τῶν
1299 1334 1465 1423 θαυμάσια
1504 1402 1509 1410 .

203 1468 266 1513 σου
289 1440 513 1532 διηγούμενος,
536 1442 749 1531 συνεχόμενος
770 1441 879 1534 φόβῳ,
902 1443 937 1512 ἐν
957 1439 1132 1522 κατανόξει
1151 1446 1225 1526 βοῶ
1249 1463 1322 1508 σοι.

289 1545 361 1612 Καὶ
383 1541 486 1624 εὐθὺς
506 1544 709 1634 γεγωνοτέρᾳ
730 1544 873 1634 ἔκφωνεῖ
893 1549 997 1635 φωνῇ.

291 1645 413 1731 Μέγας
434 1639 474 1725 εί,
496 1643 612 1732 Κύριε,
641 1646 698 1713 καὶ
717 1646 901 1733 θαυμαστά
922 1647 965 1713 τὰ
987 1642 1067 1733 ἔργα
1088 1666 1148 1710 σου
1170 1640 1230 1710 καί
1254 1637 1371 1721 οὐδεὶς
1388 1636 1462 1726 λόγος

204 1744 376 1833 ἐξαρκέσει
397 1745 484 1833 πρὸς
504 1744 604 1830 όμνον
625 1754 690 1814 τῶν
711 1745 912 1833 θαυμασίων
933 1770 1004 1815 σου.
1049 1743 1140 1833 Τρίς.
1490 1750 1502 1777 ³

290 1848 337 1914 Σὺ
359 1847 421 1935 γὰρ
442 1845 601 1935 βουλήσει
622 1847 660 1929 ἐξ
680 1844 738 1915 οὐκ
760 1843 864 1916 όντων
885 1847 935 1928 εἷς
955 1848 994 1916 τὸ
1016 1842 1103 1915 εἶναι
1119 1845 1335 1933 παραγαγὼν
1348 1840 1452 1928 τὰσόμ

206 1972 328 2029 παντα,
356 1952 402 2036 τῷ
431 1952 478 2036 σῳ
506 1947 620 2037 κράτει
647 1949 792 2032 συνέχεις
817 1951 877 2039 τὴν
896 1948 1002 2017 κτίσιν
1023 1948 1080 2016 καὶ
1100 1955 1141 2037 τῇ
1161 1953 1205 2037 σῇ
1227 1944 1380 2038 προνοίᾳ
1399 1947 1462 2013 δια·
1493 1946 1518 2008 ¹!

205 2054 275 2129 κείς
295 2049 353 2116 τὸν
372 2047 507 2136 κόσμον.
549 2051 596 2117 Σὺ
620 2050 656 2118 ἐκ
676 2049 846 2139 τεσσάρων
867 2048 1038 2134 στοιχείων
1053 2049 1115 2137 την
1133 2048 1245 2116 κτίσιν
1266 2045 1462 2135 συναρμόσας,
1509 2061 1518 2067 ”

205 2150 342 2238 τέτρασι
361 2157 492 2239 καιροῖς
512 2152 569 2219 τὸν
594 2150 712 2220 κόκλον
732 2157 793 2219 τοῦ
814 2149 967 2221 ἐνιαυτοῦ
988 2148 1238 2242 ἐστεφάνωσας.
1282 2150 1330 2218 Σὲ
1350 2148 1464 2236 τρέμω·
1497 2155 1518 2198 ³²

206 2275 260 2319 σιν
283 2249 319 2319 αλ
340 2253 453 2340 νοεραί
474 2260 585 2321 πᾶσαι
607 2251 772 2338 δυνάμεις,
801 2254 840 2322 σί
860 2251 955 2341 ὑμνεῖ
985 2251 1095 2342 ἥλιος,
1122 2253 1160 2320 σὲ
1190 2248 1332 2333 δοξάζει
1360 2246 1463 2337 σελήνη

206 2353 264 2422 σοὶ
285 2351 471 2442 ἐντυγχάνει
490 2355 534 2422 τὰ
555 2349 670 2442 ἀστρα,
693 2356 749 2423 σοὶ
770 2353 934 2425 ῦπακοόει
953 2356 992 2423 τὸ
1008 2361 1090 2445 φῶς,
1113 2353 1152 2421 σὲ
1166 2350 1370 2443 φρίττουσιν
1384 2347 1464 2437 ἀβυο-
1503 2364 1518 2400 ³

207 2476 278 2523 σοι·
301 2455 357 2523 σοὶ
380 2453 592 2524 δουλεύουσιν
613 2454 650 2524 αλ
671 2456 786 2544 πηγαί.
815 2459 870 2524 Σίν»
885 2458 1049 2540 ἐξέτεινας
1069 2455 1128 2523 τὸν
1149 2452 1296 2543 οόρανὸν
1317 2451 1396 2534 ὠςτὶ
1410 2453 1465 2535 δίρ
1504 2466 1518 2547 F

207 2563 268 2644 ῥιν,
299 2556 338 2622 σὺ
368 2557 570 2645 ἐστερέωσας
597 2559 655 2648 τὴν
677 2566 735 2647 γῆν
758 2559 902 2626 ἐπὶτῶν
925 2557 1062 2639 ὑδάτων,
1094 2559 1133 2624 σὺ
1156 2552 1407 2643 περὶετείχισας
1425 2554 1465 2642 τήν
1511 2570 1518 2603 ¹¹

206 2656 384 2724 θάλασσαν
407 2658 546 2747 ψάμμῳ,
570 2661 609 2726 σὺ
632 2662 717 2744 πρὸς
740 2657 910 2739 ἀναπνοὰς
931 2661 987 2726 τὸν
1009 2657 1092 2746 ἀέρα
1115 2659 1258 2741 ἐξέχεας.
1300 2655 1466 2743 Ἀγγελανί
1513 2668 1517 2701 ῑ

208 2758 364 2841 δυνάμεις
386 2761 441 2824 σοὶ
463 2763 716 2846 λειτουργοῦσιν,
740 2761 773 2828 ολ
788 2770 852 2828 τιῦυ
868 2759 1073 2849 ἀρχαγγὲλων
1087 2760 1183 2844 χοροί
1198 2784 1236 2826 σε
1252 2765 1466 2847 προςκινσῑσι.

207 2860 249 2923 τὰ
271 2858 494 2944 πυλυόμματα
511 2863 681 2946 Χερουβὶμ
703 2864 758 2929 καὶ
779 2864 821 2929 τὰ
844 2861 1049 2950 ἑξαπτέρυγα
1065 2861 1220 2949 Σεραφὶμ
1235 2859 1346 2948 κόκλῳ
1364 2859 1468 2926 ἱστιῦιν

207 2961 264 3027 καὶ
291 2961 539 3048 περιϊπτάμενα
571 2963 667 3051 φόβῳ
695 2971 753 3051 τῆς
775 2962 956 3049 ἀπροςίτοι·
979 2989 1038 3030 σου
1062 2963 1159 3051 δόξης
1181 2961 1468 3028 κατακαλύπτεται.

207 3063 253 3127 Συ
277 3063 337 3148 γὰρ
363 3065 448 3143 Θεὸς
471 3061 515 3129 ὢν
538 3061 795 3151 ἀπερίγραπτος,
819 3060 958 3153 ἀναρχός
979 3091 1015 3132 τε
1035 3065 1092 3131 καὶ
1114 3061 1360 3150 ἀνὲκφραστος,
1388 3057 1470 3149 ἦλθες

208 3163 268 3230 ἐπὶ
295 3172 354 3250 της
381 3173 439 3252 γῆς
461 3165 593 3253 μορφὴν
616 3165 735 3232 δούλου
758 3167 878 3250 λαβὼν,
909 3169 942 3233 ἐν
964 3164 1153 3250 ὁμοιώματι
1176 3162 1376 3251 ἀνθρώπων
1397 3161 1471 3249 γενό-

207 3289 315 3346 μενος.
365 3264 412 3330 Οὐ
435 3270 495 3352 γάρ
520 3266 645 3355 ἔφερες,
669 3270 827 3348 δέσποτα,
860 3271 919 3336 διὰ
940 3267 1110 3354 σπλάγχνα
1132 3267 1248 3344 ἐλέους
1271 3290 1335 3331 σου
1361 3264 1472 3332 θεάσα-

207 3373 294 3432 σθαι
316 3363 383 3431 ἀπὸ
405 3375 464 3432 τοῦ
487 3367 646 3451 διαβόλου
669 3368 926 3457 τνραυυοόμενον
943 3372 981 3436 τὸ
998 3372 1090 3455 γένος
1104 3375 1169 3434 τιῦυ
1185 3365 1395 3451 ἀνθρώπιον,
1418 3360 1471 3431 ἀλλ

208 3458 312 3552 ἦλθες
338 3468 394 3533 καὶ
424 3468 552 3546 ε”σωσας
579 3467 675 3556 ἡμᾶς.
717 3469 959 3558 Ὁμολογοῦμευ
985 3473 1044 3560 τὴν
1070 3469 1174 3557 χάριν,
1203 3468 1410 3557 κηρόντομευ
1430 3467 1474 3531 τὸν

208 3567 311 3646 ἔλεον,
342 3566 379 3634 οό
408 3568 594 3655 κρόπτομεν
621 3572 679 3656 την
702 3570 898 3659 εὐεργεσίαν.
946 3573 1014 3650 Τὰς
1035 3579 1094 3658 τῆς
1116 3569 1249 3658 φύσεως
1272 3568 1370 3658 ἡμῶν
1392 3568 1475 3656 γονὰς

209 3665 453 3753 ἡλευθὲρωσας,
481 3673 688 3759 παρθενικὴν
716 3670 855 3759 ἡγιάσας
883 3672 1010 3761 μήτραν
1039 3678 1084 3757 τῷ
1113 3670 1199 3759 τόκῳ
1223 3695 1297 3737 σου.
1344 3665 1473 3753 ΠῦισαξΙ

208 3768 313 3847 κτίσις
344 3770 463 3859 ῦμυησέ
492 3797 529 3838 σε
558 3771 776 3860 ἐπιφανέντα.
821 3776 954 3862 Σὺ’γὰρ
986 3773 1003 3841 ὁ
1029 3774 1114 3850 Θεὸς
1143 3769 1235 3859 ἡμῶν
1267 3770 1329 3838 ἐπὶ
1354 3781 1412 3860 τῆς
1433 3778 1477 3858 γῐ

209 3864 331 3959 ὤφθης
360 3874 416 3939 καὶ
445 3880 515 3952 τοῖς
543 3871 739 3961 ἀνθρώποις
767 3875 1043 3965 σννανευτράφης.
1087 3874 1134 3938 Σὺ
1163 3873 1218 3938 καί
1242 3874 1283 3941 τὰ
1305 3871 1477 3959 Ἰορδάνεισ

209 3977 330 4059 ῥεῖθρα
358 3972 498 4060 ἦγίασας
527 3973 711 4060 σίραυόθευ
738 3978 964 4066 καταπέμψας
991 3978 1029 4042 τὸ
1058 3973 1153 4061 ἅγιόν
1182 3999 1243 4040 σου
1276 3985 1414 4061 πνεῦμα
1434 3978 1475 4041 καιΙ

208 4074 269 4150 τὰς
290 4077 437 4162 κεφαλὰς
458 4083 523 4142 τῶν
546 4079 649 4144 ἐκεῖσε
670 4077 930 4167 ἒμφιυλευόντωυ
951 4079 1155 4167 συνέτριφας
1178 4076 1383 4162 δρακόντιον.
1415 4074 1477 4145 Αί-

207 4175 266 4252 τὸς
295 4169 361 4254 οὖν,
391 4177 614 4265 φιλάνθρωπε
640 4182 788 4262 βασιλεῦ,
817 4178 946 4265 πάρεσο
974 4180 1030 4246 καὶ
1058 4187 1113 4244 νῦν
1143 4180 1200 4246 διὰ
1222 4186 1282 4266 τῆς
1305 4177 1477 4270 ἐπιφοινί-

208 4296 293 4352 σεως
321 4284 380 4342 τοῦ
408 4277 503 4364 ἁγίου
534 4304 594 4346 σον
623 4280 821 4364 πυείματος.
865 4282 935 4348 Καὶ
963 4278 1101 4366 άγίασον
1124 4279 1212 4368 ὓδωρ
1237 4288 1353 4349 τοῦτο.
1402 4280 1478 4363 Τρίς.

208 4376 280 4439 Καὶ
302 4377 360 4455 δὸς
382 4378 469 4467 αὐτῷ
493 4382 550 4468 τὴν
570 4380 666 4468 χάριν
687 4390 745 4469 τῆς
768 4381 1039 4467 ἀπολυτρώσεως,
1065 4383 1124 4469 τὴν
1147 4381 1302 4469 εὐλογίαν
1326 4391 1388 4449 τοῦ
1409 4379 1477 4465 Ἰορ·

210 4472 321 4543 δάνον.
365 4480 514 4569 Ποίησον
536 4480 617 4550 αὐτὸ
641 4482 838 4573 ἀφθαρσίας
859 4484 975 4573 πηγὴν,
1000 4482 1166 4570 άγιασμοῦ
1189 4487 1308 4572 δῶρον,
1342 4483 1477 4571 ἁμαρτη-
