3044 4912
729 270 800 344 tto

62 520 66 540 .
129 457 201 533 ἀπὸ
236 463 358 552 λιμοῦ,
392 463 534 551 λοιμοῦ,
566 456 630 529 καὶ
662 451 884 538 ἐπιστάσεως
916 456 1056 544 ἐθνῶν,
1091 452 1141 537 ὥς
1172 452 1236 528 καὶ
1269 456 1403 529 Νινευὶ

126 567 192 656 τῆς
216 555 354 642 πόλεως
372 556 524 656 ἐφείσω·
553 555 608 630 ὅτι
632 555 795 652 ἐλεήραον
811 555 873 630 καὶ
897 555 1100 654 οἰκτίρμων
1125 553 1170 643 εἶ,
1194 553 1259 629 καὶ
1276 555 1401 652 ἀμνη-

122 660 278 744 -σίκακος
310 658 369 734 eol
400 657 531 741 κακίας
556 655 785 753 ἀνθρώπων.
839 656 900 731 Σὺ
925 656 990 732 διὰ
1013 666 1082 733 τοῦ
1106 653 1303 756 προφήτου
1329 680 1400 733 σου

125 763 280 836 Ἡσαΐου
306 760 420 848 εἶπας,
445 759 661 858 ὑπερασπιῶ
685 757 779 857 ὑπὲρ
804 766 868 853 τῆς
891 755 1029 844 πόλεως
1054 755 1201 854 ταύτης,
1227 765 1297 833 τοῦ
1324 767 1401 833 σῶ-

129 889 192 939 σαι
225 860 342 959 αὐτὴν
373 859 423 937 δι’
453 862 528 959 ἐμέ,
561 861 624 936 καὶ
654 859 718 936 διὰ
743 859 872 958 Aelii&
903 861 971 936 τὸν
1001 856 1119 936 παῖδά
1144 887 1232 955 μου.
1285 860 1347 935 Δι’
1379 860 1400 936 ὃ

128 963 293 1061 δεόμεθα
309 963 372 1039 καὶ
390 963 675 1061 παρακαλοῦμεν
694 988 733 1037 σε
750 959 1009 1061 φιλάνθρωποι,
1034 961 1170 1064 ἀγαθέ,
1194 958 1400 1058 ὑπερασπι-

129 1091 190 1141 σαι
223 1066 286 1162 τὴς
317 1061 455 1149 πόλεως
485 1061 631 1161 ταύτης,
665 1063 728 1139 <lad
754 1063 822 1139 τὸν
845 1060 1019 1162 μάρτυρα
1045 1063 1108 1138 καὶ
1134 1062 1400 1165 εὐαγγελιστὴν

128 1165 305 1265 Μάρκον,
338 1166 406 1243 τὸν
438 1165 684 1251 ὑποδείξαντα
715 1165 805 1262 ἡμῖν
838 1163 930 1240 ὁδὸν
954 1174 1018 1261 τῆς
1044 1164 1239 1261 σωτηρίας,
1268 1161 1399 1260 χάριτι

127 1270 190 1343 καὶ
223 1275 423 1366 οἷκτιρμοῖς
455 1269 518 1341 καὶ
551 1266 818 1364 φιλανθρωπίᾳ
850 1275 919 1341 τοῦ
951 1274 1177 1368 μονογενοῦς
1203 1290 1272 1339 σου
1299 1267 1397 1340 υἱοῦ.

127 1382 307 1475 Ἐκφώρως,
355 1367 406 1443 δι’
444 1362 489 1443 οὗ
521 1368 584 1442 καὶ
616 1368 705 1464 μεθ’
737 1362 781 1443 οὗ
816 1368 875 1441 σοὶ
905 1367 928 1464 ἡ
960 1367 1052 1453 δόξα
1084 1367 1147 1443 καὶ
1182 1365 1224 1439 τὸ
1260 1364 1399 1464 κράτος

128 1473 199 1547 σὺν
223 1480 276 1569 τῷ
303 1469 475 1571 παναμίῳ
503 1469 566 1543 καὶ
592 1471 730 1570 ἀγαθῷ
757 1468 818 1544 καὶ
845 1469 1013 1567 ζωοποιῷ
1041 1494 1108 1543 σου
1134 1465 1331 1562 πνεύματι.

647 1598 684 1668 Ὁ
707 1600 868 1683 διάκονος.

203 1691 261 1764 ΙΧ.
281 1689 417 1788 Ἅρξαι.

371 1819 443 1887 Καὶ
463 1819 597 1907 λέγουσι
616 1821 673 1888 τὸν
695 1818 814 1906 στίχον.
837 1818 856 1890 ὁ
879 1820 1031 1902 διάκονος
1051 1819 1150 1910 λέγει.

203 1925 283 2009 τὰς
306 1930 412 2021 τρεῖς.

123 2089 203 2098 ο--η-

213 2169 270 2230 Cap.
289 2165 328 2215 tx.
364 2164 400 2216 ct.
419 2180 440 2215 c.
451 2163 476 2215 3.
502 2163 633 2213 ll'ealins
651 2165 716 2214 Tetr.
734 2165 778 2215 tit.
796 2179 821 2230 p.
831 2162 880 2215 236
889 2176 941 2228 sq:
958 2161 1057 2228 Στλχος
1074 2164 1114 2213 hic
1131 2163 1264 2227 troparium
1283 2162 1398 2227 quiddam

128 2253 279 2319 apertissime
298 2250 408 2300 deuolat:
426 2250 469 2299 aad
488 2263 570 2313 quum,
589 2250 674 2298 iniuria
693 2264 819 2311 annorum,
843 2257 867 2299 et
884 2249 1041 2299 desuetudine
1059 2248 1141 2308 offleii,
1167 2248 1279 2297 rubricae
1298 2255 1323 2296 et
1338 2261 1399 2311 pro·

128 2339 195 2405 priae
214 2337 301 2385 missae
320 2335 411 2384 ordinis
429 2334 453 2382 S.
474 2334 545 2382 llarci
564 2334 688 2396 perierunt
712 2334 768 2390 (nisi
787 2334 864 2398 quoad
884 2333 907 2382 in
926 2333 1013 2383 ollleiis
1031 2333 1148 2383 ecclesiae
1167 2333 1282 2396 Copticae
1301 2346 1398 2382 serueu-

128 2402 185 2483 eorl,
210 2420 296 2485 quibus
321 2419 350 2469 de
374 2416 451 2468 verbis
474 2417 510 2466 rol
529 2418 654 2467 sententiis
673 2417 798 2468 constabat
816 2417 897 2467 dicere
914 2430 963 2468 nou
980 2432 1120 2481 possumus.
1155 2410 1203 2472 τὰς
1220 2415 1301 2482 τρεῖς.
1336 2415 1400 2475 orit

128 2507 159 2556 sit
184 2506 238 2564 hoo,
262 2510 379 2567 quaerunt
403 2503 555 2564 interpretes.
591 2501 767 2551 Ranaedotius:
791 2502 869 2551 “Trea
886 2503 1009 2552 orationes
1027 2503 1199 2564 signillcantnr,
1224 2516 1285 2565 qnae
1305 2486 1399 2550 exbibet

128 2592 206 2652 prima
225 2588 373 2650 Coptitarum
393 2586 486 2646 liturgia
505 2588 542 2643 tea
561 2592 596 2632 est
615 2586 639 2633 S.
658 2585 759 2644 basilii),
778 2601 838 2649 qnae
855 2594 911 2635 sunt
928 2588 1020 2636 oratio:
1040 2587 1060 2635 1.
1080 2585 1125 2634 τοῦ
1142 2579 1400 2648 καταπετάσματος.

129 2674 153 2723 λ.
171 2689 214 2735 pro
233 2685 300 2734 pace.
335 2669 358 2717 ³.
379 2684 421 2731 pro
440 2670 573 2732 patriarcha
593 2679 616 2718 et
634 2671 717 2719 ordino
736 2670 914 2721 ecclesiastico:
934 2687 1003 2735 quae,
1022 2681 1048 2721 ut
1065 2671 1212 2727 notissimae,
1231 2669 1413 2727 omittuntur.”,

128 2761 164 2816 lt,
184 2755 247 2819 quod
265 2754 318 2817 ipse
337 2761 402 2801 trotat
419 2753 590 2809 llenandotius,
610 2755 695 2802 mirum
715 2755 805 2804 ridetur
824 2770 865 2804 eur
883 2770 896 2802 a
915 2756 1026 2815 diacono,
1052 2770 1098 2804 non
1117 2772 1128 2803 a
1148 2755 1284 2815 sacerdote,
1303 2754 1398 2804 recitari

129 2841 252 2889 iubentur:
279 2853 322 2887 nec
345 2838 416 2885 “cam
440 2836 603 2886 dillicultatem
622 2854 670 2887 non
689 2840 767 2900 magni
787 2841 899 2889 momenti
919 2840 991 2887 ease“
1010 2854 1062 2889 com
1082 2854 1110 2887 eo
1130 2853 1259 2902 possumus
1279 2838 1398 2887 arbitrari.

130 2927 193 2974 llnao
217 2932 339 2988 practerea
364 2931 492 2971 occurrunt
516 2925 538 2970 in
565 2924 709 2971 contrarium
736 2925 849 2981 rationes,
874 2939 933 2987 quas
952 2925 976 2971 ll.
996 2924 1021 2971 l).
1040 2923 1135 2972 silentio
1160 2923 1288 2986 praeterit:
1314 2921 1398 2980 altera,

128 3011 191 3074 qnod
209 3009 284 3058 oratio
304 3022 347 3071 pro
365 3022 437 3071 papa,
456 3021 526 3069 quam
545 3008 586 3056 illc
605 3022 675 3056 arnam
695 3009 724 3056 rla
742 3009 818 3057 trilrns
839 3009 965 3057 arbitratus
983 3017 1028 3067 eat,
1049 3007 1185 3057 immediate
1204 3015 1335 3071 sequatur:
1362 3006 1398 3054 al·

127 3104 188 3153 tera,
214 3094 278 3157 quod
303 3093 398 3142 rubrica
422 3104 483 3156 quae
507 3093 613 3156 proxima
633 3101 678 3151 cst,
703 3083 825 3155 ὁῦερεῦς
841 3084 985 3157 ἐπεύχεται
1003 3093 1108 3155 incipiat.
1133 3092 1198 3156 quod
1217 3092 1344 3155 proprium
1363 3098 1398 3139 est

129 3180 244 3228 orationis
263 3194 275 3224 a
294 3181 419 3226 sacerdote
439 3177 550 3227 recitatae
568 3184 623 3239 post
641 3177 799 3240 antiplronon,
817 3178 852 3226 rel
871 3166 1021 3238 συναπτήν,
1040 3177 1074 3226 tel
1093 3177 1171 3225 simile
1190 3177 1304 3239 quiddam
1323 3176 1397 3224 adia·

129 3278 190 3313 cono
208 3262 398 3325 pronunciatum.
435 3261 516 3324 ltaque
541 3261 690 3324 probabilius
716 3262 807 3311 videtur·
824 3254 872 3317 τὰς
888 3261 960 3328 τρεῖς
976 3264 1019 3311 tria
1038 3263 1113 3311 luisse
1131 3261 1245 3324 tropario,
1272 3275 1334 3324 quae
1352 3260 1398 3308 boc

128 3348 151 3396 in
177 3326 230 3395 Ιόοο
255 3345 386 3394 udiaeono
405 3346 503 3394 recitata
521 3355 584 3394 sunt.
606 3372 634 3380 -
655 3347 703 3407 Ego
723 3362 777 3397 vero
795 3347 934 3411 putaverim,
953 3347 1059 3395 Stichum
1079 3344 1113 3395 rel
1133 3347 1266 3410 Troparion
1286 3358 1397 3394 exorsum

128 3447 182 3480 esse
201 3430 230 3479 alr
248 3444 305 3478 soce
323 3423 371 3483 τὰς
386 3429 465 3493 τρεῖς.
484 3430 652 3479 Fabricius
671 3440 719 3482 tres
737 3432 841 3481 litanias
860 3431 977 3494 iutelligit.
1230 3482 1235 3489 ,

214 3514 329 3564 Petiotltts
352 3513 407 3581 ille:
432 3507 480 3568 ῐᾶς
502 3507 714 3580 ἔπ’συναγωγὰς
731 3515 787 3564 κτλ.
815 3517 939 3565 manifesto
958 3518 1046 3580 scripta
1065 3524 1101 3565 est
1119 3531 1146 3564 ca
1165 3522 1306 3578 aetateque
1326 3511 1395 3563 etri-

127 3602 197 3650 stiani
216 3600 281 3664 passi
300 3606 356 3648 sunt
373 3598 522 3665 etlaplcurum
541 3601 622 3648 odium
641 3610 711 3664 atquo
730 3601 872 3677 inpmicitias.

213 3685 265 3732 llas.
284 3684 375 3732 lnterea
395 3668 448 3733 cum
467 3684 598 3734 absolvitur
614 3687 690 3734 oratio
710 3686 762 3743 reli,
781 3685 928 3735 osculabitur
946 3685 1064 3734 Sacerdos
1083 3683 1170 3745 gradus
1194 3683 1286 3741 altaris,
1310 3695 1394 3730 ascen·

128 3770 162 3819 dit
187 3770 215 3818 ad
240 3769 410 3828 sanctuarium,
435 3770 583 3819 osculabitur
607 3771 680 3820 altare
704 3779 727 3818 et
754 3784 883 3819 conuersus
899 3770 927 3819 ad
946 3771 1094 3818 occidentem
1113 3771 1213 3817 recitare
1232 3768 1330 3830 incipiet
1347 3774 1395 3814 tres

129 3857 232 3903 maiores
257 3855 387 3902 orationes.
422 3850 619 3904 numerandos
645 3855 715 3904 dicit:
741 3855 787 3904 Pax
805 3855 925 3914 omnibns,
951 3870 1080 3903 conversus
1099 3855 1127 3903 ad
1147 3853 1291 3902 Sacerdotes
1310 3853 1395 3900 iratres

128 3952 185 3986 suos
204 3938 288 3999 capitis
307 3938 462 3986 inclinatione
480 3941 566 3988 salutat
584 3949 607 3987 ot
625 3955 753 3987 conversus
773 3941 801 3988 ad
820 3939 966 3989 occidentem
986 3940 1101 4004 populum
1120 3953 1191 3987 eruce
1212 3939 1299 3998 signat.
1335 3935 1394 3985 Ora·

127 4023 161 4071 tio
180 4037 223 4084 pro
243 4037 310 4085 pace.
345 4023 432 4071 lterum
452 4038 549 4072 oremus
569 4024 641 4073 Deum
661 4026 849 4087 cunctipotentem
869 4033 913 4073 etc.
935 4026 980 4073 Pro
1000 4025 1133 4089 patriarcba
1153 4032 1176 4072 et
1193 4023 1324 4086 episcopis.
1350 4020 1394 4068 Pro

128 4107 321 4167 congregatione.
357 4107 402 4157 Pro
426 4108 528 4157 ecclesia
553 4109 636 4157 diebus
660 4110 748 4158 ieiunii.
786 4109 891 4172 l'opulus
915 4110 978 4159 dicet
995 4109 1133 4173 Symbolum
1158 4109 1212 4157 litlei
1240 4106 1395 4156 orthodoxae.

127 4191 238 4241 adolebit
261 4191 379 4241 Sacerdos
403 4201 440 4241 ter
463 4194 586 4242 inrecisum
612 4194 640 4242 ad
659 4195 775 4243 orientem
793 4194 906 4258 dabitque
925 4195 1071 4244 thuribulum
1091 4195 1124 4243 illi
1144 4194 1183 4257 qui
1203 4193 1298 4242 deterre
1316 4190 1395 4252 solet;

128 4282 177 4324 tum
202 4276 282 4324 dicent
299 4276 453 4338 Symbolum:
479 4294 525 4341 quo
550 4287 659 4341 tempore
684 4278 768 4328 lar-abit
786 4280 905 4329 Sacerdos
930 4289 965 4329 ter
989 4294 1147 4331 manasseas
1166 4287 1336 4341 etautequam
1355 4288 1395 4324 ees

129 4358 257 4420 abstergat,
277 4369 426 4410 concertetur
445 4362 472 4410 ad
492 4363 617 4427 populum,
637 4364 767 4428 ederetque
786 4379 915 4414 manuscr
934 4381 994 4431 aqua
1014 4380 1094 4415 coram
1113 4379 1141 4413 eo
1161 4370 1183 4411 et
1202 4378 1214 4410 a
1233 4363 1347 4435 sordibus
1358 4359 1396 4409 dt·

128 4440 229 4503 ligenter
247 4445 365 4506 purgabit.
401 4446 455 4495 Post
473 4449 636 4496 recitationem
656 4448 760 4511 Symboli
779 4450 854 4500 dicet:
874 4450 919 4499 Par
937 4442 1057 4499 omnibus.
1086 4447 1298 4512 Respondebitque
1316 4459 1396 4509 popu·

128 4522 174 4572 los.
209 4525 236 4575 Et
261 4543 314 4576 cnm
339 4529 423 4593 spiritu
448 4538 496 4580 tuo.
532 4532 591 4582 'lum
617 4549 744 4584 conrersns
769 4535 872 4598 signabit
888 4535 1004 4600 populum
1023 4534 1098 4585 semel
1116 4535 1140 4585 iu
1158 4533 1256 4583 modum
1276 4532 1357 4583 crucis
1374 4536 1399 4580 et
