3044 4912
245 988 249 995 ,
428 944 464 989 ι”.
484 980 491 1003 ι
509 976 512 983 ·

285 1043 288 1049 ·
418 1030 421 1049 ²
441 1002 503 1073 KQ?

394 1084 500 1179 :iffi

342 1144 349 1163 ι
382 1136 435 1177 .ῳῇ
475 1132 480 1141 “
541 1136 544 1141 “

664 1189 890 1283 CAPUT
927 1189 1000 1280 Ill.

603 1398 824 1460 urrunnun
856 1398 887 1460 s.
915 1397 1061 1460 aanor.

293 1599 343 1690 Ut
364 1627 472 1689 vitetur
501 1626 643 1689 orationis
664 1625 817 1705 longitudo
840 1625 940 1705 operis
962 1624 1059 1686 nostri
1081 1624 1206 1688 consilio
1229 1625 1391 1688 admodum
1412 1627 1470 1688 ini·

198 1731 285 1803 mica,
309 1729 337 1792 id
360 1748 420 1791 non
436 1727 627 1808 repetendum
648 1727 764 1790 ridetur
786 1727 1039 1807 eProlegomenis
1054 1726 1188 1789 lacobaei
1210 1727 1309 1802 officii,
1333 1728 1414 1808 quod
1436 1729 1472 1791 ad

199 1832 328 1895 Alorcum
350 1849 467 1911 quoque
488 1831 627 1910 pertinet.
672 1830 777 1891 Restat
796 1835 832 1890 ut
851 1829 889 1891 de
909 1826 1101 1891 Alexandriae
1122 1828 1257 1908 liturgiae
1279 1827 1472 1906 editionibus,

200 1932 295 2011 deque
317 1931 382 1994 eius
404 1932 434 1992 in
455 1931 587 1993 Africana
610 1931 776 1993 Christiana
797 1931 959 2012 propagine
979 1949 1073 2010 pauca
1093 1948 1352 2010 praemoneamus.

284 2033 446 2095 loannes
461 2053 477 2096 a
493 2034 523 2095 S.
538 2032 684 2095 Andrea
699 2032 865 2094 Canonicus
875 2031 1063 2106 Parisiensis,
1075 2050 1141 2093 cum
1155 2031 1212 2106 „ad
1225 2041 1403 2094 novatorum
1415 2033 1473 2094 im-

198 2143 285 2218 petus
301 2134 526 2199 retundendos“
547 2134 733 2214 liturgiarum
749 2134 932 2213 antiquarum
949 2132 1103 2195 moliretur
1117 2133 1288 2207 editionem,
1311 2135 1423 2196 curavit
1438 2134 1470 2196 G.

200 2237 366 2299 Sirletus
376 2235 547 2309 Cardiualis,
563 2245 595 2298 ut
607 2236 637 2296 S.
645 2234 733 2297 llarci
749 2254 867 2316 quoque
882 2234 1011 2296 officium
1021 2253 1056 2296 ex
1064 2233 1170 2297 Codice
1177 2234 1373 2309 Rossaneusi,
1385 2253 1472 2315 mem

200 2356 290 2418 supra
306 2338 600 2400 commemoravimus
615 2356 645 2416 p.
655 2339 694 2400 82
711 2334 930 2398 describeretur
945 2344 975 2398 et
996 2354 1083 2415 quam
1104 2335 1328 2415 diligentissime
1340 2355 1409 2399 cum
1420 2355 1472 2398 cx·

200 2439 323 2520 emplari
344 2440 491 2512 collatum,
514 2438 577 2499 viro
600 2438 714 2500 erudito
731 2445 760 2498 et
774 2437 832 2499 sibi
847 2437 940 2499 amico
956 2437 1132 2499 mitteretur.
1162 2436 1213 2499 Sic
1224 2437 1337 2518 prodiit
1352 2437 1475 2501 Parisiis

202 2543 423 2604 ann01583.8.
438 2538 569 2616 Liturgia
585 2538 711 2600 S.llarci
726 2557 793 2600 cum
808 2538 943 2600 versione
958 2539 1057 2612 latina,
1074 2545 1209 2618 excerpta
1225 2556 1260 2600 ex
1272 2538 1473 2603 Clementini-

200 2660 267 2705 rum
280 2640 523 2703 constitutionum
539 2639 614 2700 libro
632 2647 733 2700 octavo
744 2659 778 2701 ac
790 2633 994 2725 ὀιασαφήσει
1004 2642 1063 2724 τῆς
1074 2631 1280 2715 ἀκολουθίας
1290 2642 1357 2702 τῶν
1370 2633 1473 2726 ὡρῶν.

201 2742 296 2804 Porro
314 2740 452 2803 translata
469 2750 514 2803 est
529 2740 559 2801 in
575 2741 772 2802 Bibliothecae
787 2741 918 2815 Patrum,
943 2742 1052 2803 Graece
1068 2750 1097 2802 et
1111 2740 1214 2801 Latine
1230 2741 1260 2802 in
1276 2742 1406 2804 Tomum
1422 2763 1472 2806 se·

201 2844 328 2905 cundum
342 2842 470 2905 ductarii
484 2842 640 2914 ituraeam,
663 2842 789 2904 Tomum
812 2843 1017 2905 duodecimum
1038 2842 1236 2904 Bibliothecae
1250 2843 1307 2904 ΡΡ.
1324 2845 1473 2908 llorellia·

201 2963 266 3007 uae.
282 2945 410 3007 Posthac
424 2944 614 3006 Eusebius
630 2943 875 3007 lienaldotius
890 2946 1088 3009 llomaellhl
1108 2945 1137 3005 in
1153 2944 1330 3006 bibliotheca
1345 2945 1471 3009 Basilia-

200 3065 306 3109 uorum
321 3046 532 3109 Monachorum
549 3045 726 3107 Graecorum
743 3046 873 3109 codicem
888 3047 1109 3108 [losannensem
1124 3045 1231 3107 iterum
1246 3048 1383 3109 tractavit
1405 3049 1474 3121 „is-

200 3166 257 3227 que
279 3148 418 3226 optimus,
441 3148 647 3226 integerrimus
664 3156 692 3208 et
706 3166 851 3209 annorum
865 3149 981 3210 circiter
996 3154 1203 3209 sexcentorum
1219 3148 1300 3210 visus
1317 3154 1385 3210 est“
1402 3149 1472 3210 Viro

198 3246 303 3309 llocto.
346 3248 471 3328 Agnovit
499 3249 527 3308 in
557 3248 673 3328 liturgia
702 3249 734 3310 S.
762 3249 851 3311 llarci
879 3248 1062 3311 orthodoxae
1090 3248 1231 3310 ecclesiae
1258 3249 1473 3312 Alexandrinae

199 3347 355 3428 liturgiam,
384 3367 421 3410 ne
442 3349 564 3410 rerhulo
587 3349 704 3430 quidem
727 3359 914 3431 spargentem
936 3350 1209 3431 hlonophgsitarum
1232 3350 1388 3413 haeresin:
1419 3359 1475 3426 „et

199 3450 265 3512 talis
291 3449 394 3529 procul
422 3450 511 3512 dubio
534 3450 659 3512 debebat
680 3471 747 3514 esse
765 3452 907 3533 Liturgia,
930 3470 1003 3531 quae
1025 3452 1103 3532 apud
1119 3452 1247 3514 Graecos
1269 3451 1300 3513 in
1321 3451 1476 3515 Calabriae

199 3551 387 3614 monasteriis
410 3553 588 3614 constitutos
611 3562 697 3632 atque
712 3552 785 3615 adeo
801 3553 984 3617 orthodoxos
999 3552 1198 3633 usurpabatur
1213 3555 1317 3626 lorma,
1334 3552 1365 3614 in
1381 3555 1473 3616 rebus

199 3653 236 3716 ad
257 3654 344 3715 fidem
368 3654 578 3732 spectantibus,
602 3655 659 3716 etsi
680 3654 756 3716 ritus
779 3664 808 3717 et
829 3657 989 3728 orationes,
1013 3663 1095 3716 esset
1116 3655 1193 3715 inter
1215 3673 1280 3716 eam
1303 3664 1332 3717 et
1346 3657 1474 3718 usitatas

199 3753 230 3816 in
257 3755 378 3817 ecclesia
400 3754 723 3836 Constantinopolitana
750 3755 908 3819 discrimen
936 3774 997 3817 non
1025 3756 1173 3817 mediocre
1201 3757 1254 3817 sed
1283 3755 1473 3819 innoxium.“

199 3853 314 3917 Excusa
337 3864 383 3918 est
404 3856 467 3917 [livi
489 3858 577 3918 Marci
599 3857 730 3938 Liturgia
753 3857 783 3919 iu
806 3857 900 3921 Tomo
922 3856 1352 3920 RenaldotianaeCollectionis
1376 3857 1474 3920 Priori

199 3959 537 4036 p.120-148ed.2.
581 3958 713 4021 Retiuuit
743 3959 912 4021 versionem
938 3959 1058 4020 loannis
1087 3978 1113 4020 a.
1142 3959 1174 4020 S.
1195 3958 1311 4020 Andrea
1340 3959 1473 4034 latinam,

199 4056 252 4119 sed
281 4058 414 4137 pluribus
437 4059 510 4121 locis
540 4061 739 4136 emendatam3
768 4061 798 4121 in
827 4078 932 4140 graeco
955 4060 1043 4123 etiam
1065 4068 1144 4122 textu
1167 4059 1308 4122 nonnulla
1331 4064 1475 4123 correxit.

199 4156 366 4220 Reualdotii
390 4160 548 4223 editionem
572 4171 784 4242 expresserunt
796 4161 994 4226 Fabricius
1016 4163 1047 4224 in
1062 4161 1179 4224 Codicis
1194 4161 1362 4242 Apocrgphi
1376 4163 1473 4224 Tomo

201 4261 287 4321 tertio
309 4264 519 4340 pens-312
543 4272 573 4324 et
592 4263 618 4326 N
625 4264 744 4325 ealius
767 4263 798 4323 iu
814 4262 980 4342 Tetralogla
999 4263 1141 4347 liturgica.
1185 4262 1289 4326 Exstat
1315 4273 1474 4342 praeterea

200 4359 231 4420 in
252 4360 441 4423 bibliothecis
464 4362 594 4427 Parrum.
637 4365 713 4427 Edit.
736 4363 829 4444 Lugd.
845 4363 882 4425 ll.
902 4380 933 4445 p.
949 4369 1065 4431 e-14.
1107 4366 1226 4428 Auctor.
1249 4365 1359 4427 [lucaei
1383 4367 1473 4429 Tom.

198 4458 236 4523 11.
258 4463 436 4542 pne-42.
