3044 4912
726 268 796 342 158

128 451 349 550 στήκουσι
380 452 433 527 τὰ
459 450 543 528 δύο
568 446 829 544 τιμιώτατοί
854 472 936 525 σου
964 448 1073 540 ζῶα,
1106 449 1163 523 τὰ
1190 446 1385 543 πολυόμ
1422 454 1429 515 ἰ

126 585 250 651 ματα
282 555 537 655 χερουβίμ,
573 552 649 626 καί
684 553 738 626 τὰ
775 550 1066 679 ἑξαπτίρυγα
1102 551 1334 649 σεραφίμ,
1364 552 1383 624 5
1418 522 1429 647 λ

128 656 236 731 δυσί
271 656 356 753 μὲν
390 656 578 753 πτέρυξι
612 656 666 727 τὰ
702 651 918 779 πρόςωμα
952 649 1277 741 καλύπτοντα,
1320 653 1385 726 καλ
1417 666 1429 747 ἦ

128 758 236 833 δυσί
261 758 368 842 τοὺς
392 754 557 845 πόδας,
584 785 661 830 και
649 754 867 830 ‹leoto‘
852 751 1105 844 ιπτοίμενα,
1130 753 1208 829 καὶ
1233 754 1385 850 κέκρα-

127 888 231 962 γεν
222 861 390 955 ἕτερον
415 858 526 986 πρὸς
544 856 600 931 τὸ
627 858 785 949 ἕτερον
811 854 1197 940 ἁκαταπαόστοις
1222 853 1385 950 στόμα·
1424 920 1429 925 .

133 988 192 1050 σι,
219 962 302 1035 καί
335 957 579 1087 ἀσιγήτοις
612 957 904 1060 θεολογίαις,
937 958 1019 1034 τὸν
1051 960 1288 1035 ἐπινίκιον
1318 955 1384 1031 καὶ

128 1059 370 1190 τριςοίγιρν
394 1062 546 1157 ὕμνον
572 1059 768 1158 ἄδοντα,
794 1060 1000 1155 βοῶντα,
1027 1058 1383 1186 δοξολογοῦντα,

127 1162 414 1290 κεκραγότα
411 1162 488 1237 καὶ
514 1162 708 1263 λέγοντα
734 1168 786 1258 τῇ
812 1167 1158 1289 μεγαλοπρεπεῖ
1174 1187 1257 1235 σου
1275 1159 1383 1255 δόξῃ.

194 1264 406 1391 Ἄγιος,
389 1265 542 1391 οίγιρς,
574 1264 705 1390 ἅγιος
730 1262 890 1360 κύριος
916 1260 1161 1361 σαββααίθ.
1215 1259 1386 1363 Πλήρης

128 1366 148 1441 5
183 1366 384 1464 οὐρανὸς
415 1364 491 1439 καί
522 1396 545 1461 η
570 1394 623 1466 γη
649 1372 727 1461 τῆς
752 1363 889 1492 ἁγίας
914 1390 998 1440 σου
1024 1362 1168 1460 δόξης.
1214 1370 1384 1489 Ἐκφρλλὺς

129 1465 301 1543 Πάντοτε
326 1465 397 1562 μὲν
421 1463 564 1550 πάντας
589 1464 759 1594 ἁγιὰζῃ,
764 1465 855 1538 ἀλλὰ
881 1464 945 1538 καὶ
968 1466 1062 1562 μετὰ
1087 1463 1241 1540 πάντων
1262 1474 1337 1540 τῶν
1352 1488 1384 1537 σε

129 1567 400 1696 ἁγιαζόντοιν,
401 1567 501 1652 δέξαι
528 1566 723 1642 δέσποτα
712 1564 814 1664 κύριε
839 1567 984 1643 καὶτὸν
1003 1568 1180 1667 ἡμέτερον
1197 1564 1400 1675 ἁγιασμόν,Ι

130 1669 201 1743 σὺν
227 1669 354 1752 αὐτοῖς
377 1665 601 1765 ὑμνούντων
626 1669 690 1743 καὶ
715 1665 910 1770 λεγόντων.

683 1796 721 1867 Ὁ
751 1798 840 1879 λαός.

194 1905 329 2007 Ἄγιος,
357 1904 472 2008 ἅγιος,
500 1905 603 2007 όίγιος
628 1901 763 2000 κύριος.

426 2052 497 2123 tt0
486 2053 592 2142 ιερεὺς
613 2051 845 2143 σφραγίζει
808 2078 850 2119 τα
872 2050 960 2140 ἅγια,
983 2050 1096 2182 λέγιρν.

205 2159 295 2234 XVI.
322 2155 570 2336 mmffl
597 2161 697 2233 ἐστιν
724 2157 774 2239 ιός
799 2154 996 2252 ἀληθῶς,
978 2185 997 2229 ο
1024 2152 1196 2253 οὐρανός,
1222 2155 1286 2229 καὶ
1310 2154 1384 2278 575

65 2282 101 2361 ,t
128 2268 193 2356 τῆς
232 2259 340 2361 ἁγίας
381 2288 448 2336 σου
517 2257 591 2355 ’ξης
622 2258 686 2334 διὰ
720 2288 784 2353 της
815 2256 1029 2355 ἐπιφανείας
1063 2265 1132 2332 τοῦ
1167 2256 1301 2356 κυρίου
1334 2253 1386 2331 καὶ

214 2500 272 2563 Cap.
289 2499 345 2548 xvt.
381 2498 428 2547 luc.
440 2498 480 2547 29.
495 2497 535 2549 30.
564 2497 618 2546 bas.
638 2497 764 2546 Sacerdos.
783 2497 888 2545 Instituit
905 2496 976 2546 nobis
995 2496 1133 2559 mysterium
1152 2496 1199 2546 boc
1217 2511 1329 2558 magnum
1346 2497 1390 2560 pie·

130 2584 184 2631 tatis
208 2590 232 2631 et
254 2582 386 2643 religionis,
413 2596 466 2631 cum
490 2582 613 2630 statuisset
630 2582 725 2629 tradere
743 2596 770 2629 se
789 2582 858 2630 morti
877 2596 921 2645 pro
940 2580 1022 2629 mundi
1040 2583 1092 2630 rita.
1129 2580 1244 2644 Populus.
1275 2581 1389 2630 Credimus

39 2650 65 2675 '³
130 2668 152 2714 in
177 2667 211 2713 rei
236 2667 332 2714 ueritate
358 2667 388 2714 ita
407 2681 468 2714 osse.
504 2665 631 2714 Sacerdos.
659 2668 755 2728 Accepit
774 2680 857 2728 panem
878 2666 901 2713 in
920 2680 1005 2715 manus
1022 2682 1079 2716 suas
1097 2674 1201 2725 sanctas,
1220 2680 1294 2729 puras
1313 2674 1335 2714 et
1352 2666 1390 2713 im·

130 2749 270 2809 maculatas,
295 2749 377 2798 beatas
400 2758 423 2799 at
441 2749 594 2807 vivificantes,
620 2757 642 2797 et
661 2751 752 2811 aspexit
770 2750 793 2797 in
812 2749 915 2809 coelum,
940 2750 969 2799 ad
988 2758 1020 2811 te,
1045 2749 1150 2810 olicus,
1174 2750 1269 2799 Patrem
1288 2764 1356 2798 suum
1374 2754 1391 2796 st

129 2833 235 2882 omnium
254 2832 389 2882 Dominum.
425 2834 492 2883 Tunc
515 2834 616 2897 accipiet
641 2833 786 2881 oblationem
811 2849 884 2896 snper
909 2849 992 2884 uranus
1010 2849 1076 2895 suas,
1101 2836 1241 2898 coleretque
1260 2834 1336 2884 relum
1355 2834 1390 2882 de·

129 2916 294 2980 superdisco.
330 2917 445 2982 Populus.
465 2917 546 2967 limen.
582 2918 701 2967 Sacerdos
719 2917 803 2967 levabit
822 2918 906 2968 oculos
925 2919 1014 2968 dicens.
1040 2920 1068 2968 Et
1085 2921 1172 2981 gratias
1191 2920 1246 2980 egit.
1283 2917 1392 2982 Populus.

127 3004 210 3050 Amen.
245 3001 371 3052 Sacerdos.
398 3002 428 3051 Et
450 3003 571 3053 benedixit
594 3018 655 3052 eum.
692 3002 807 3066 Populus.
833 3007 914 3051 Amen.
949 3003 1068 3053 Sacerdos
1094 3004 1167 3064 digito
1192 3010 1228 3051 ter
1252 3003 1393 3051 oblationem

129 3100 195 3134 suam
214 3087 317 3147 signabit
334 3086 357 3135 in
376 3086 472 3135 modum
493 3088 578 3137 crucis.
613 3088 642 3136 Et
660 3088 813 3136 sanctificarit
831 3102 894 3136 eum.
924 3087 1038 3151 Populus.
1057 3088 1140 3136 Amen.
1167 3085 1287 3135 Sacerdos
1306 3087 1394 3148 franget

129 3169 274 3218 oblationem
299 3172 322 3219 in
341 3178 389 3220 tres
407 3180 496 3235 partes,
522 3188 581 3236 quas
600 3174 630 3221 ita
649 3172 678 3221 ad
697 3187 723 3220 se
743 3173 840 3221 inuicem
859 3173 979 3233 adiunget,
1003 3180 1029 3221 ut
1046 3169 1224 3236 quodammodo
1243 3171 1332 3219 diuisae
1349 3182 1393 3220 uon

129 3254 185 3302 sint.
220 3255 284 3312 Quae
307 3255 364 3303 dum
388 3256 467 3316 saciet,
493 3256 580 3317 digitos
602 3258 663 3306 intra
688 3258 780 3306 discum
800 3257 908 3318 detergit,
935 3272 964 3305 no
982 3257 1038 3320 quid
1058 3271 1086 3305 ex
1104 3256 1192 3306 oblatis
1211 3254 1348 3313 adhaereat,
1374 3261 1394 3302 et

24 3388 29 3394 ,
130 3337 199 3385 dicet.
233 3338 263 3387 Ει
280 3338 351 3400 lregit
369 3354 432 3400 eum,
451 3340 562 3405 deditque
581 3343 670 3391 sanctis
688 3341 812 3405 discipulis
831 3341 985 3404 etllpostolis
1003 3342 1062 3400 suis,
1081 3340 1178 3389 dicens:
1197 3340 1312 3403 Accipite,
1330 3353 1394 3388 man·

129 3423 214 3471 ducale
239 3437 266 3472 eu
291 3423 337 3473 hoc
360 3438 452 3473 omues.
489 3425 539 3474 Hoc
564 3434 600 3474 est
624 3426 685 3473 enim
711 3441 799 3488 corpus
824 3440 901 3473 meum
927 3424 990 3488 quod
1015 3440 1059 3487 pro
1078 3426 1144 3473 robis
1162 3425 1288 3485 frangitur,
1313 3434 1336 3474 et
1353 3437 1394 3487 pro

129 3506 210 3555 multis
229 3507 299 3556 datur
317 3509 341 3557 ia
359 3509 528 3558 remissionem
547 3519 710 3572 peccatorum,
729 3510 776 3558 boc
794 3509 864 3558 facite
882 3510 904 3556 in
924 3510 969 3557 mei
988 3511 1137 3559 memoriam.
1173 3509 1289 3572 Populus.
1317 3512 1394 3558 Amen.

128 3592 247 3641 Sacerdos
267 3600 351 3643 tenens
370 3593 470 3643 calicem
489 3608 560 3642 manu
579 3609 631 3653 sua,
651 3595 720 3643 dicet.
748 3595 863 3643 Similiter
881 3595 951 3642 etiam
971 3594 1069 3642 calicem
1087 3601 1144 3657 post
1161 3607 1272 3655 coenam,
1295 3609 1356 3658 aqua
1375 3601 1395 3642 et

128 3677 181 3724 rino
211 3679 313 3726 miscuit.
348 3679 468 3728 Sacerdos
495 3680 593 3728 calicem
621 3687 658 3728 ter
686 3693 756 3728 cruce
783 3678 894 3740 signabit,
922 3687 945 3726 ot
973 3676 1042 3726 dicet.
1079 3678 1171 3727 Gratias
1190 3680 1245 3740 egit.
1282 3679 1394 3743 Populus.

127 3761 210 3809 Amen.
245 3763 373 3813 Sacerdos.
405 3763 528 3813 Benedixit
553 3778 615 3812 eum.
652 3764 766 3827 Populus.
792 3764 874 3810 tmen.
911 3761 1037 3811 Sacerdos.
1070 3763 1228 3811 Sanctidcarit
1251 3777 1315 3813 eum.
1351 3764 1395 3813 Po·

127 3845 208 3907 palus.
226 3849 309 3895 brnen.
345 3849 472 3898 Sacerdos.
492 3849 606 3907 Gestavit,
626 3856 649 3896 et
667 3847 732 3896 dedit
749 3847 874 3911 discipulis
892 3847 943 3895 suis
962 3847 1115 3910 ctllpostolis
1133 3847 1223 3897 sanctis
1236 3847 1335 3898 diceus:
1352 3853 1395 3897 Aa·

129 3928 208 3990 cipite,
233 3931 306 3980 bibite
323 3946 349 3980 ex
373 3948 402 3982 ao
426 3948 517 3983 omnes.
556 3933 598 3982 llic
624 3941 660 3981 cst
683 3933 745 3981 enim
771 3933 867 3993 sanguis
886 3947 953 3981 meus
972 3932 1025 3981 noui
1044 3933 1189 3981 Testamenti
1208 3931 1248 3996 qui
1268 3933 1395 3982 effunditur

129 4026 173 4075 pro
192 4013 267 4073 robis,
285 4023 308 4064 et
325 4030 369 4079 pro
389 4018 470 4068 multis
488 4019 512 4066 in
530 4017 698 4066 remissionem
717 4025 886 4080 peccatorum;
905 4019 951 4066 boc
969 4017 1038 4066 lacite
1056 4018 1079 4066 iu
1100 4017 1145 4065 mei
1164 4018 1315 4066 memoriam.
1352 4018 1396 4066 Sa·

129 4096 214 4146 cardos
232 4097 330 4149 culicem
350 4101 373 4149 in
391 4103 468 4151 crucis
486 4103 589 4152 loumauu
607 4101 717 4162 movebit,
736 4102 767 4150 ita
785 4109 864 4150 tamen
883 4109 973 4150 utnon
992 4104 1071 4163 agitet.
1099 4101 1204 4165 Populus
1223 4101 1293 4151 dicet.
1313 4104 1396 4162 Amen,

128 4179 175 4229 hoc
192 4181 223 4230 ita
243 4189 287 4230 est.
322 4184 449 4234 Sacerdos.
477 4186 679 4250 Quotiescumque
704 4186 876 4236 manducabitis
895 4201 921 4235 eu
941 4187 986 4237 boc
1004 4201 1074 4250 pane,
1098 4194 1122 4235 et
1139 4187 1226 4235 bibetis
1245 4201 1273 4235 er
1291 4187 1339 4236 hoc
1356 4202 1396 4236 ca·

129 4262 183 4324 lice,
202 4274 304 4316 mortem
323 4283 400 4318 meam
418 4271 592 4320 annunciabitis
611 4279 634 4320 et
649 4272 849 4321 resurrectionem
869 4282 945 4320 meam
965 4271 1144 4330 confitebimini,
1163 4271 1258 4335 meique
1276 4285 1397 4333 memores

130 4349 196 4399 eritis
220 4348 299 4402 'eloneo
325 4353 425 4403 reniam.
459 4355 575 4419 Populus.
603 4356 701 4404 Mortem
725 4362 789 4403 tuam
814 4357 986 4405 annunciamus
1011 4355 1120 4415 bomine,
1146 4363 1170 4403 et
1191 4358 1396 4408 resurrectionem

127 4436 194 4482 tuam
212 4436 360 4487 eonfitemur.
395 4438 521 4488 Sacerdos.
540 4439 678 4488 Memoriam
698 4439 790 4498 agimus
808 4441 928 4503 passionis
946 4441 999 4503 eins
1016 4450 1121 4501 sauctae,
1139 4442 1325 4490 resurrectionis
1344 4443 1396 4491 cius

126 4530 141 4568 a
159 4520 269 4582 munais,
287 4522 436 4573 ιιοιαιλοολι
453 4522 479 4573 iu
496 4522 600 4585 walum,
619 4531 642 4576 at
659 4522 775 4574 sessionis
793 4523 870 4588 ipsius
888 4525 918 4575 ad
933 4506 1057 4578 &uram
1075 4533 1148 4586 tuam,
1166 4524 1276 4577 oPster:
1293 4526 1396 4577 secundi

560 4610 571 4631 0
