3044 4912
661 248 733 323 185

140 428 303 502 Sacerdos
338 430 480 502 isselieot
505 454 543 504 ee
569 441 603 503 et
629 433 803 506 osculetur
829 435 950 524 altere,
986 439 1134 534 primum
1155 441 1192 512 in
1216 443 1336 530 audio,

82 542 134 602 ten
165 530 210 603 ud
242 530 308 603 deso
342 530 453 604 lutere
485 533 642 606 deutrum
677 545 710 608 et
735 536 922 625 sinistrum,
956 540 1103 637 dicitque
1129 541 1214 614 boue
1242 542 1336 617 Dro-

8 660 30 728 }‚
80 641 189 704 luten.
832 671 836 677 ·

8 786 29 828 „
135 731 174 805 ln
210 733 278 805 elio
315 733 447 807 codice:
482 734 564 806 dicit
589 735 769 809 Psalmom.
822 738 980 812 Miserere
1006 741 1072 813 mei
1099 742 1202 836 Deus,
1229 770 1335 842 usque

8 887 26 933 .,
76 835 210 908 odisee
235 835 348 922 uerbo,
375 848 410 909 et
435 836 541 932 iniqui
567 838 607 909 ad
635 848 667 909 te
695 851 939 913 convertentur.
991 843 1042 915 tt
1069 853 1101 915 te
1127 845 1230 919 levavi
1256 870 1336 920 ocu·

9 990 24 1033 ἶ
74 937 110 1009 los
132 960 239 1031 meos,
265 961 371 1036 usque
397 938 443 1009 ed
459 938 617 1011 Miserere
636 948 743 1012 nostri
754 942 909 1035 Domine,
936 943 1097 1017 miserere
1116 949 1233 1020 nostri.
1271 948 1334 1021 tix-

9 1090 21 1133 3
74 1038 156 1112 tende
189 1064 326 1112 manum
361 1050 463 1134 tuam,
497 1051 531 1112 et
555 1040 658 1114 salvet
682 1066 736 1116 me
763 1044 898 1118 dextera
926 1054 980 1117 tua
1006 1046 1166 1120 Domine:
1205 1073 1333 1146 perma-

9 1192 16 1233 ς
72 1151 158 1213 mant
181 1166 285 1239 super
308 1166 364 1214 me
381 1141 536 1235 Domine,
563 1143 795 1219 miserationes
823 1156 898 1220 tuae
916 1146 950 1219 in
970 1148 1152 1243 saeculum,
1180 1162 1215 1223 et
1232 1175 1334 1248 opera

9 1305 12 1318 .
70 1267 190 1317 nanum
216 1259 349 1316 tuarum
375 1267 418 1315 ne
446 1245 621 1341 despicies.

431 1479 514 1552 Tetus
540 1481 621 1554 dicit
646 1483 731 1555 huuc
760 1482 963 1556 Orationem.

130 1645 213 1719 xiv.
242 1646 373 1720 Christe
399 1671 462 1745 pax
487 1649 710 1745 superiorum,
746 1661 779 1722 et
804 1653 1024 1750 tranquillitas
1050 1674 1170 1749 magna
1196 1653 1333 1727 inlerio·

68 1771 141 1841 rum,
174 1748 228 1820 fac
262 1761 299 1822 ul
324 1749 451 1823 habitet
477 1752 695 1848 tranquillitas
722 1764 756 1824 ct
779 1777 843 1849 pax
867 1764 925 1826 tua
951 1755 987 1827 in
1013 1766 1156 1852 quatuor
1181 1755 1331 1853 partibus

139 2053 198 2118 Cep.
216 2053 274 2103 xit.
309 2053 527 2104 ileualdetius
545 2053 561 2104 l.
572 2071 592 2106 c.
610 2054 711 2119 poto:
728 2055 755 2105 ln
774 2056 828 2106 aliis
847 2056 968 2117 liturgiis,
985 2056 1093 2120 quamtis
1110 2071 1209 2121 semper
1226 2064 1277 2108 toto
1288 2057 1332 2108 ot·

63 2137 104 2185 deii
120 2137 223 2188 demna
241 2138 363 2189 Diaconos
381 2140 506 2189 incensum
525 2139 628 2200 adoleat,
647 2148 726 2189 tamen
745 2140 865 2191 Sacerdos
882 2147 939 2204 post
956 2140 1133 2190 Praelationem
1152 2156 1208 2192 raro
1226 2143 1250 2191 id
1268 2143 1334 2205 lacit,

61 2228 83 2270 et
97 2222 147 2271 tere
164 2235 297 2286 nunquam.
331 2223 414 2287 ltaque
433 2232 457 2273 et
473 2223 534 2274 haec
552 2238 648 2288 quoque
666 2223 797 2286 singularia
815 2234 852 2275 est
863 2225 1021 2275 Nestorianse
1031 2225 1156 2275 Ecclesiae
1173 2225 1333 2288 consuetedo,

60 2313 154 2369 etpost
170 2305 283 2367 Ssaaas,
301 2307 356 2357 thas
374 2307 530 2358 adhibeatur:
547 2309 592 2358 sed
610 2309 657 2359 boe
674 2309 737 2359 iuter
755 2301 900 2374 ἀδιάφορα
918 2309 1065 2358 censendum
1083 2315 1129 2358 est

137 2390 222 2440 Canon
241 2391 418 2441 Theodori:
443 2391 501 2442 llere
520 2391 622 2442 Domine
645 2399 743 2442 sanctus
768 2406 795 2442 es
819 2400 843 2442 et
865 2393 1000 2442 laudandus
1019 2394 1042 2442 in
1061 2400 1193 2445 aeternum.
1229 2394 1333 2444 Sanctus

58 2488 83 2523 es
98 2473 162 2524 Deus
181 2476 251 2525 Pater
275 2490 345 2526 terna
368 2476 445 2537 soles,
469 2486 567 2528 sanetus
592 2491 688 2541 quoque
713 2485 751 2526 est
769 2477 873 2541 Spiritus
892 2485 1004 2527 sanctus:
1029 2485 1113 2527 ustura
1131 2477 1217 2537 dirius,
1243 2485 1266 2527 et
1283 2491 1333 2527 non
1347 2490 1366 2523 a

57 2556 131 2607 lecta:
154 2560 264 2609 omnium
289 2560 409 2619 eonditor,
433 2563 473 2626 qui
492 2561 641 2621 naturaliter,
661 2569 683 2610 et
701 2562 800 2628 omniuo
820 2577 875 2611 rere
892 2570 990 2612 sanctus
1009 2575 1050 2611 es:
1075 2570 1099 2611 et
1115 2569 1225 2611 sanctum
1243 2575 1333 2611 nomen

56 2644 115 2701 eius,
138 2651 162 2693 et
185 2653 269 2693 saneta
293 2645 433 2695 inhabitatio
458 2647 524 2695 eius:
549 2647 589 2709 qui
614 2646 685 2695 etiam
704 2660 757 2695 rere
776 2647 909 2696 sanctiticat
926 2660 1011 2695 omues
1030 2646 1175 2710 quicumque
1194 2646 1257 2706 digni
1276 2652 1334 2695 sent

55 2728 177 2792 useipere
195 2729 285 2778 denam
305 2730 395 2791 gratiae
412 2733 472 2780 eins.
508 2731 537 2779 Et
553 2731 682 2780 referimus
700 2730 743 2780 tibi
761 2729 866 2788 laudem,
884 2731 995 2791 gloriam,
1013 2731 1144 2793 gratiarum
1162 2731 1291 2790 actionem,
1309 2736 1334 2780 et

56 2811 230 2873 adorationem,
248 2814 321 2874 Patri,
340 2823 363 2863 et
382 2814 442 2863 titio
461 2822 485 2864 et
494 2814 593 2877 Spiritui
612 2822 705 2873 sancto,
723 2828 787 2864 nunc
805 2822 828 2863 et
846 2829 952 2878 semper,
971 2823 994 2864 et
1013 2816 1036 2864 in
1054 2814 1151 2865 saecula
1169 2813 1333 2864 saeculorem.

55 2895 185 2947 ideramus
204 2905 228 2946 te
246 2898 357 2959 Domine,
376 2906 399 2948 et
415 2899 504 2960 gratias
523 2899 616 2960 aqimus
634 2898 685 2958 tibi,
703 2904 728 2948 et
744 2898 907 2960 glorificamus
926 2909 949 2948 te
967 2907 1067 2962 propter
1084 2901 1164 2948 omnia
1182 2907 1222 2948 tea
1240 2899 1333 2948 banell-

57 2981 91 3030 eia
114 2996 170 3044 erga
195 2995 256 3031 noa:
282 2974 337 3046 quia
363 2984 449 3032 creasti
468 2998 513 3033 nos
531 2997 559 3033 es
577 2983 661 3042 sibilo,
687 2982 820 3045 dignosque
839 2984 916 3032 iecisti
934 2998 980 3032 nos
999 2983 1091 3032 bonore
1110 2997 1196 3043 magno
1215 2982 1333 3031 libertatis

58 3074 80 3114 et
96 3066 283 3128 intelligentiae:
301 3068 342 3130 qui
360 3076 478 3130 perpetuo
498 3077 521 3117 et
539 3082 595 3129 erga
614 3080 810 3131 unumquemque
828 3080 909 3116 euram
929 3066 1004 3116 babes
1022 3068 1199 3116 conservandae
1217 3067 1276 3115 ritae
1287 3079 1332 3114 uo·

59 3158 127 3199 strae.
163 3151 250 3201 Coram
275 3152 373 3201 nomine
391 3167 477 3214 magno
497 3161 537 3201 tuo
557 3159 581 3202 et
598 3150 723 3200 tremendo
741 3166 818 3212 genua
837 3151 964 3212 flectimus,
983 3159 1006 3201 et
1024 3151 1169 3213 adoramus:
1192 3150 1331 3200 nobiscum·

60 3248 103 3297 que
119 3234 219 3285 laudant
235 3244 260 3285 et
277 3237 366 3298 gratias
384 3245 456 3298 agunt
474 3246 557 3287 coetus
576 3250 661 3285 omnes
680 3235 829 3295 sublimium,
849 3235 912 3299 qnod
932 3244 1032 3299 propter
1049 3237 1149 3299 qratiam
1168 3242 1232 3283 tuam
1245 3234 1332 3283 inclla·

61 3318 128 3369 bilem
145 3333 201 3381 erga
220 3335 267 3370 nos
284 3321 404 3380 homiues,
424 3330 446 3371 et
465 3328 565 3385 propter
583 3327 690 3369 nostram
704 3320 816 3380 salutem,
835 3321 971 3381 unigenitus
982 3319 1044 3369 Deus
1055 3321 1167 3381 Verbum,
1186 3333 1239 3369 cum
1253 3320 1331 3381 imaro

63 3401 100 3451 Dei
115 3413 188 3464 esset,
205 3419 255 3455 non
272 3407 381 3469 rapinam
400 3407 531 3455 arbitratus
549 3414 586 3455 est
603 3419 658 3453 esse
676 3418 703 3452 se
721 3401 846 3465 aequalem
866 3403 926 3462 Deo,
950 3405 993 3453 sed
1011 3419 1038 3454 se
1056 3406 1135 3468 ipsum
1154 3403 1290 3462 exinaniuit,
1308 3408 1333 3450 et

64 3486 235 3539 similitudinem
254 3491 317 3539 aerei
335 3493 438 3555 accepit,
460 3490 632 3552 descenditque
651 3487 680 3536 de
699 3487 777 3547 coelo,
801 3487 926 3551 induitque
945 3488 1115 3538 humanitatem
1134 3495 1251 3546 nostram,
1276 3499 1331 3535 cor·

65 3584 104 3631 pas
125 3574 227 3624 morule
252 3583 275 3624 et
299 3576 403 3624 animam
428 3574 579 3634 rationalem,
603 3572 775 3633 intelligentem
795 3579 819 3620 et
835 3572 996 3621 immortalem
1016 3586 1043 3621 ea
1061 3572 1154 3632 Virgine
1172 3577 1264 3628 sancta,
1288 3582 1333 3631 per
1374 3565 1383 3582 '

66 3655 164 3706 rietatem
182 3658 288 3722 Spiritus
306 3661 396 3709 macti:
421 3668 444 3709 et
467 3674 512 3724 per
538 3657 596 3707 iliud
620 3657 721 3721 perierit
744 3664 768 3705 et
786 3657 914 3720 complevit
932 3670 1028 3705 omnem
1047 3655 1252 3719 dispensationem
1271 3653 1332 3701 banc

67 3753 175 3802 utquam,
200 3751 224 3792 et
248 3743 384 3792 mirabilem
403 3758 464 3808 quae
481 3742 571 3793 dudum
590 3749 733 3805 praeparata
752 3750 804 3790 erat
821 3756 866 3805 per
883 3741 1067 3804 praescientiam
1084 3747 1149 3789 tuam
1167 3746 1221 3787 ante
1240 3737 1332 3786 consti·

66 3826 172 3874 tutiorem
202 3828 295 3877 muudi.
330 3827 389 3876 Eam
416 3842 511 3891 queque
536 3827 685 3890 complevisti
709 3826 863 3890 postmodum
889 3825 1040 3888 temporibus
1064 3823 1154 3873 ultimis
1178 3837 1222 3886 per
1244 3822 1331 3879 Filium

66 3914 124 3956 tunm
141 3911 289 3972 unigenitum
309 3911 435 3961 Dominum
454 3920 563 3962 nostrum
583 3911 662 3961 lesum
682 3910 813 3970 Christum,
837 3911 861 3959 in
880 3924 927 3974 qno
947 3910 1037 3960 habitet
1054 3910 1134 3958 omnis
1151 3906 1276 3970 plenitudo
1295 3905 1332 3956 di·

67 3992 158 4042 :iniistis
176 3996 352 4060 corporaliter:
371 3996 470 4060 ipseque
489 4004 526 4047 est
543 4004 614 4060 caput
628 3995 751 4047 Ecclesiae
769 4004 793 4046 et
810 3996 984 4059 primogenitas
1003 4008 1030 4042 ea
1049 3994 1165 4043 mortuis:
1184 4000 1207 4041 et
1224 3992 1277 4056 ipsc
1295 3997 1333 4042 est

67 4077 172 4136 perlectis
191 4082 309 4138 emnium,
329 4095 342 4128 u
361 4095 408 4143 quo
426 4083 506 4132 omnia
525 4082 691 4145 perficiuntur.
725 4081 781 4145 lpse
799 4080 975 4143 perspiritum
994 4087 1126 4138 aeternum,
1145 4092 1172 4126 se
1189 4078 1268 4141 ipsum
1287 4076 1332 4126 ob-

68 4159 114 4209 tulit
129 4163 308 4213 immacalatam
327 4163 387 4224 Deo,
406 4173 429 4214 et
446 4167 600 4216 sanctificarit
618 4181 663 4216 uos
681 4180 725 4230 per
743 4162 890 4214 oblau'onem
909 4164 1019 4227 corporis
1037 4164 1074 4212 sui
1092 4163 1169 4212 semel
1187 4163 1284 4220 tactam,
1309 4169 1333 4211 et

68 4244 188 4303 protavit
204 4263 248 4311 per
264 4250 406 4309 sanquinem
426 4254 504 4301 crusis
521 4267 588 4311 suae,
607 4264 668 4314 qnae
687 4251 710 4298 in
730 4249 815 4308 coelis,
840 4257 864 4297 et
881 4262 943 4313 quae
962 4248 985 4298 in
1005 4248 1075 4297 terris
1093 4256 1156 4297 sunt.
1193 4248 1238 4306 Qui
1256 4247 1332 4296 tradi·

69 4332 102 4375 it!
121 4339 155 4380 eat
177 4341 279 4396 propter
304 4343 402 4397 peccata
421 4344 502 4385 uestra
521 4345 544 4384 et
562 4335 695 4385 resurrexit
712 4342 737 4383 ut
755 4334 895 4383 iustillcaret
913 4349 967 4383 nos.
1003 4333 1048 4391 Qui
1068 4347 1121 4382 cum
1139 4332 1262 4396 Apostolis
1279 4333 1331 4382 suis

70 4422 93 4458 tt
107 4423 172 4465 noete
188 4431 235 4480 qus
253 4418 357 4468 traditos
376 4427 421 4480 est,
439 4420 566 4469 celebrarit
584 4419 723 4482 mysterium
742 4419 789 4468 hoc
806 4432 928 4480 magnum,
945 4418 1106 4477 tremcndum,
1124 4425 1233 4467 sanctum
1253 4424 1277 4467 et
1293 4417 1332 4466 di·

70 4494 151 4550 tinam:
173 4503 297 4567 accipiens
320 4517 408 4568 panem
432 4505 553 4555 benedixit
576 4511 600 4555 et
622 4504 702 4567 tregit,
726 4503 839 4570 deditque
865 4503 992 4569 discipulis
1016 4505 1067 4554 suis
1086 4511 1110 4554 et
1126 4502 1191 4553 diste.
1226 4502 1278 4553 llos
1295 4508 1333 4553 est
