3044 4912
797 251 869 326 190

267 441 365 513 xvtt.
399 439 533 511 Interea
559 439 670 533 uenat
696 438 838 510 bostiam
861 437 984 535 pollice
1010 438 1130 511 deutra
1156 439 1192 511 in
1216 443 1362 538 forumm
1389 464 1476 511 cra-

86 558 92 573 '
192 544 252 631 eis,
279 544 320 615 ab
345 541 504 639 inferiori
524 550 625 638 parte
651 540 696 611 ud
720 541 938 637 superiorem,
966 549 998 611 et
1025 564 1046 611 a
1072 541 1196 613 deutra
1213 541 1259 613 ad
1276 541 1474 631 sinistram

193 655 226 718 et
259 648 308 717 ita
343 644 446 715 leuem
479 642 689 740 fusurum
675 665 712 712 en
738 666 778 714 ea
802 645 939 758 sonunt,
972 666 1039 737 qua
1061 650 1162 757 parte
1187 642 1333 714 intincta
1358 653 1412 714 est
1437 644 1474 713 in

192 747 364 840 sanquine.
417 745 554 817 Partem
588 747 661 816 eius
693 745 797 815 mittit
828 745 865 815 iu
897 742 1052 830 calicem,
1090 743 1127 815 in
1157 746 1302 859 sororum
1336 743 1472 816 crude:

188 872 273 944 pars
298 846 441 960 inficior
462 845 578 944 posita
603 858 654 918 est
679 869 799 918 uersus
826 844 1052 931 Sacerdotem,
1079 846 1236 941 superior
1261 869 1384 919 uersus
1412 870 1471 917 ca-

194 950 301 1034 licrat,
329 949 442 1019 itaut
469 947 563 1019 loeus
588 948 733 1043 fissurae
760 956 885 1042 spectet
912 945 1061 1018 culicem.
1113 946 1302 1019 inclinatur
1329 956 1361 1019 et
1390 972 1471 1019 sur-

191 1075 272 1144 uens
306 1049 398 1122 dicit.
452 1047 563 1120 Gloria
592 1048 652 1120 tibi
678 1048 819 1121 Domine
845 1047 922 1120 lesu
948 1047 1091 1139 Christe,
1129 1049 1185 1145 qui
1213 1072 1267 1120 me
1293 1048 1473 1144 indignum

193 1153 281 1243 licet,
318 1149 522 1223 constituisti
556 1173 616 1247 per
648 1150 786 1244 gratiam
822 1160 924 1242 tunm,
959 1149 1149 1221 ministrum
1186 1161 1220 1221 et
1252 1151 1472 1223 mediatorem

192 1255 426 1348 mysteriorum
460 1262 592 1324 tuarum
627 1251 885 1346 praeclathrum
920 1262 1132 1344 sanctorum,
1168 1251 1407 1325 vivificantium
1440 1264 1473 1325 et

192 1357 399 1428 divinorum:
427 1377 487 1449 per
513 1353 653 1448 gratiam
678 1352 927 1425 misericordiae
955 1364 1030 1425 tuae
1057 1352 1110 1425 lac
1135 1377 1189 1424 mo
1214 1354 1353 1449 dignum
1375 1354 1473 1427 nenia

191 1457 389 1530 delictorum
415 1464 449 1524 et
473 1454 671 1528 remissione
698 1463 919 1551 peecatorum.

244 1673 363 1768 Siqnat
391 1694 427 1743 se
453 1669 546 1765 siano
572 1673 685 1745 crucis
711 1673 747 1744 iu
771 1676 884 1770 fronte
911 1671 1132 1770 similiterque
1159 1673 1427 1747 circumstantes.

689 1773 731 1846 ln
756 1774 824 1847 ulio
851 1774 974 1846 codice.

269 1909 389 2003 Siynut
421 1910 566 2004 frontem
599 1933 694 1980 suurn
720 1911 814 2004 siena
841 1910 951 1981 erucis
978 1918 1011 1980 et
1031 1909 1123 1981 dicit.
1177 1907 1289 1981 Gloria
1317 1909 1379 1982 tibi
1405 1909 1471 1981 tto-

193 2013 281 2085 mine
309 2011 365 2108 qui
393 2009 513 2080 creasti
540 2033 593 2081 me
620 2034 680 2106 per
706 2012 845 2104 gratiam
873 2022 973 2082 tuam.
1019 2008 1131 2081 Gloria
1157 2009 1217 2081 tibi
1244 2010 1388 2083 Domine
1416 2011 1472 2109 qni

191 2113 317 2186 vocasti
358 2134 409 2184 me
446 2134 506 2207 per
540 2111 804 2184 misericordiam
839 2124 939 2184 tunm.
995 2111 1106 2182 Gloria
1140 2111 1201 2183 tibi
1237 2110 1381 2184 Domine
1415 2113 1471 2210 qui

192 2213 393 2288 constituisti
421 2235 474 2285 me
501 2213 717 2286 mediatorem
746 2215 825 2286 doni
853 2216 918 2287 tui:
949 2225 982 2285 et
1007 2223 1144 2309 propter
1171 2215 1282 2285 omnia
1308 2213 1473 2288 beneficia

191 2329 246 2390 tua
280 2341 360 2410 erga
393 2313 655 2387 imbecillitatem
687 2339 807 2407 meam,
843 2315 1007 2388 referatur
1033 2314 1094 2389 tibi
1120 2315 1205 2408 laus,
1244 2315 1364 2410 bonor,
1394 2340 1472 2390 cou-

190 2420 305 2510 lessio,
333 2428 366 2489 et
392 2416 540 2487 adoratio
568 2441 659 2489 nunc
685 2427 746 2489 etc.

266 2519 437 2591 Accedunt
463 2516 616 2603 Dircaei,
654 2528 687 2589 et
723 2519 832 2612 sinuat
866 2542 1127 2614 reurcuquemque
1155 2542 1269 2590 eorum
1295 2518 1332 2591 iu
1357 2522 1472 2617 fronte

191 2623 315 2694 dicens.
370 2617 522 2689 Christus
556 2618 716 2715 suscipiat
748 2621 971 2690 ministerium
999 2631 1110 2691 tuum:
1146 2620 1299 2691 Christus
1326 2619 1473 2692 illustret

190 2722 309 2793 laciem
344 2729 453 2789 tuam:
489 2718 642 2791 Christus
669 2731 842 2792 conservet
868 2722 967 2792 vitam
996 2731 1102 2793 tuam:
1138 2721 1290 2793 Christus
1319 2746 1472 2795 crescere

91 2877 96 2889 .
190 2822 290 2895 laciat
316 2821 519 2893 iuventutem
552 2832 652 2893 tunm.

267 2923 311 2995 Et
338 2923 548 3018 respondent.
603 2922 755 2994 Christus
782 2924 942 3019 suscipiat
968 2924 1170 2996 oblationem
1196 2935 1297 2996 tuam.

266 3075 377 3147 XVlll.
419 3073 540 3147 Omnes
574 3077 716 3147 redeunt
749 3075 793 3145 ud
827 3074 935 3147 lactem
961 3100 1078 3148 suurrt:
1117 3075 1349 3172 sacerdosque
1376 3080 1472 3173 sacta

190 3177 416 3262 inclinatione,
444 3176 554 3269 surqit
582 3186 614 3248 et
640 3177 721 3248 dicit
748 3186 825 3249 tono
852 3177 1037 3272 Eouuuelii.

277 3414 335 3477 Gap.
353 3411 422 3462 xvtt.
458 3412 490 3460 Ex
508 3413 554 3461 ritu
573 3413 723 3462 liestorianis
741 3415 842 3478 proprio
861 3416 888 3464 fit
904 3415 1010 3465 scissura
1028 3413 1086 3463 letis
1106 3414 1129 3462 in
1148 3414 1236 3474 bestia,
1254 3422 1280 3463 ut
1297 3414 1398 3476 sanguis
1416 3429 1470 3464 cor·

191 3512 239 3563 pue
256 3505 374 3561 penetret.
410 3495 503 3546 Acriter
521 3497 583 3546 banc
602 3497 771 3547 caerimoniam
791 3499 970 3562 reprehendunt
989 3512 1103 3548 censores
1122 3497 1322 3561 Diampeneases.

274 3583 330 3646 Cep.
351 3581 429 3631 lll'lll.
465 3581 678 3631 Reneldotius
697 3581 712 3631 l.
724 3598 745 3632 c.
764 3598 787 3647 p.
799 3583 863 3632 605:
883 3583 946 3631 llaec
964 3582 1048 3630 tractio
1068 3598 1080 3630 a
1099 3583 1220 3647 superiori
1237 3583 1408 3644 distinguenda
1425 3592 1471 3642 est,

191 3668 299 3731 quamtis
318 3680 365 3714 uuo
384 3672 469 3714 tenore
488 3666 537 3725 fiat,
555 3667 661 3715 recitatis
679 3667 769 3716 interes
788 3666 946 3727 orationibus,
965 3681 1026 3730 quae
1044 3667 1112 3729 prius
1130 3667 1295 3730 praescriptae
1313 3674 1378 3716 sunt.
1403 3668 1471 3715 Prior

191 3765 244 3799 earn
264 3751 406 3799 tractionem
424 3749 551 3811 significat,
570 3766 616 3814 qne
635 3751 712 3799 bestie
731 3751 843 3800 dividitur
861 3751 884 3799 in
903 3750 1071 3814 peruadere,
1090 3759 1131 3799 aut
1148 3750 1240 3815 plures,
1260 3758 1284 3800 et
1301 3766 1405 3815 querum
1424 3765 1472 3800 uun

190 3833 309 3898 particula
335 3832 455 3893 eximitur,
479 3848 541 3897 queo
566 3834 634 3884 calici
659 3834 807 3884 immittatur.
842 3835 922 3883 Altera
946 3834 1006 3884 baec
1030 3835 1125 3893 lrectio,
1150 3845 1188 3884 est
1205 3835 1314 3884 eiusdem
1333 3835 1428 3885 hostiae
1447 3837 1471 3884 iu

190 3917 297 3967 minares
315 3918 447 3980 particulas
465 3919 494 3966 ed
513 3918 704 3967 distribuendam
723 3919 926 3967 communionem.
963 3918 1089 3976 Quomodo
1108 3933 1164 3968 vero
1182 3918 1350 3978 distribuatur,
1375 3935 1404 3969 ex
1422 3921 1471 3969 ltu-

189 4000 310 4050 bricerum
335 4001 431 4050 delectu
456 4010 521 4050 certa
545 4002 645 4051 delinire
664 4016 711 4050 non
730 4016 869 4067 possumne.
904 4002 963 4052 Cum
983 4009 1062 4051 umen
1081 4004 1217 4053 communis
1236 4003 1398 4053 Orientalium
1417 4018 1472 4053 om·

189 4085 256 4135 uiam
275 4084 424 4134 mneuetndo
442 4085 483 4146 eit,
500 4099 572 4150 quen
590 4100 604 4134 e
622 4086 721 4138 Graecis
739 4095 892 4150 acceperuut,
911 4094 936 4136 ut
956 4087 1127 4138 Sacerdotibus
1146 4096 1169 4139 et
1186 4088 1299 4137 [liaconis
1317 4087 1380 4137 calix
1398 4102 1471 4152 prse-

188 4167 283 4225 beetur.
308 4181 357 4217 non
375 4168 460 4230 Letcie,
484 4170 524 4233 qui
543 4170 667 4221 intinctam
686 4169 807 4221 cochleari
825 4171 967 4236 peruentum
987 4173 1116 4236 rccipiunt,
1139 4173 1203 4221 idem
1221 4187 1234 4220 a
1253 4172 1408 4223 Nestorianis
1425 4173 1471 4221 ob·

189 4253 281 4304 umeri
304 4252 435 4302 verisimile
459 4260 511 4302 est:
536 4268 591 4303 nem
614 4254 660 4304 sub
684 4263 786 4319 utraque
809 4257 900 4319 specie,
924 4256 968 4305 sed
992 4255 1039 4306 boc
1056 4256 1129 4306 modo
1147 4258 1333 4306 communicant„
1371 4256 1471 4306 Certum

191 4337 256 4388 tuine
274 4345 299 4388 et
315 4337 466 4402 exploratum
484 4345 522 4387 eet
538 4351 552 4385 e
570 4338 653 4389 multis
670 4339 784 4400 saeculis,
803 4340 894 4390 nullam
914 4355 969 4391 esee
987 4348 1027 4390 aut
1045 4341 1120 4391 tuisse
1138 4341 1162 4390 iu
1181 4341 1279 4390 Oriente
1291 4340 1428 4391 Ecclesiam
1447 4342 1473 4390 iu

188 4430 238 4483 qn
255 4416 317 4469 estu
334 4419 414 4470 Latois
430 4420 597 4485 praeberetur,
622 4424 723 4488 sineque
741 4439 800 4474 usne
817 4424 891 4488 tange
908 4425 997 4475 diutius
1016 4425 1039 4474 iu
1060 4425 1189 4476 Occidente
1208 4426 1289 4488 viruit,
1313 4434 1340 4477 ut
1357 4427 1408 4477 iam
1426 4426 1473 4476 du·

187 4498 247 4553 ten
264 4516 279 4553 ι
295 4502 375 4555 «laub
394 4503 525 4569 theotori·
542 4504 697 4567 minatum
713 4516 758 4560 eet.
