<?xml version="1.0" encoding="UTF-8"?>
<!DOCTYPE html PUBLIC "-//W3C//DTD XHTML 1.0 Transitional//EN"
    "http://www.w3.org/TR/xhtml1/DTD/xhtml1-transitional.dtd">
<html xmlns="http://www.w3.org/1999/xhtml" xml:lang="en" lang="en">
 <head>
  <title>
</title>
<meta http-equiv="Content-Type" content="text/html;charset=utf-8" />
  <meta name='ocr-system' content='tesseract 3.04.00' />
  <meta name='ocr-capabilities' content='ocr_page ocr_carea ocr_par ocr_line ocrx_word'/>
</head>
<body>
  <div class='ocr_page' id='page_1' title='image "./codexliturgicus05danigoog_0208.png"; bbox 0 0 3044 4912; ppageno 0'>
   <div class='ocr_carea' id='block_1_1' title="bbox 216 1165 1292 1470">
    <p class='ocr_par' dir='ltr' id='par_1_1' title="bbox 216 1165 1292 1470">
     <span class='ocr_line' id='line_1_1' title="bbox 608 1165 901 1261; baseline 0.01 -4"><span class='ocrx_word' id='word_1_1' title='bbox 608 1165 835 1261; x_wconf 79' lang='lat' dir='ltr'><strong>CAPUT</strong></span> <span class='ocrx_word' id='word_1_2' title='bbox 869 1171 901 1261; x_wconf 93' lang='lat' dir='ltr'>l.</span> 
     </span>
     <span class='ocr_line' id='line_1_2' title="bbox 216 1369 1292 1470; baseline 0.01 -39"><span class='ocrx_word' id='word_1_3' title='bbox 216 1369 262 1431; x_wconf 89' lang='lat' dir='ltr'>on</span> <span class='ocrx_word' id='word_1_4' title='bbox 286 1371 518 1434; x_wconf 81' lang='lat' dir='ltr'>omuconuu</span> <span class='ocrx_word' id='word_1_5' title='bbox 539 1372 731 1438; x_wconf 79' lang='lat' dir='ltr'>nemesus</span> <span class='ocrx_word' id='word_1_6' title='bbox 752 1375 960 1470; x_wconf 66' lang='lat' dir='ltr'>munem</span> <span class='ocrx_word' id='word_1_7' title='bbox 986 1376 1292 1442; x_wconf 64' lang='lat' dir='ltr'>ornumornum.</span> 
     </span>
    </p>
   </div>
   <div class='ocr_carea' id='block_1_2' title="bbox 132 1569 1391 1784">
    <p class='ocr_par' dir='ltr' id='par_1_2' title="bbox 132 1569 1391 1784">
     <span class='ocr_line' id='line_1_3' title="bbox 211 1569 1391 1683; baseline 0.003 -24"><span class='ocrx_word' id='word_1_8' title='bbox 211 1569 277 1674; x_wconf 83' lang='lat' dir='ltr'>Qui</span> <span class='ocrx_word' id='word_1_9' title='bbox 299 1598 389 1661; x_wconf 88' lang='lat' dir='ltr'>rebus</span> <span class='ocrx_word' id='word_1_10' title='bbox 412 1599 592 1662; x_wconf 87' lang='lat' dir='ltr'>Graecorum</span> <span class='ocrx_word' id='word_1_11' title='bbox 613 1599 707 1662; x_wconf 86' lang='lat' dir='ltr'>sacris</span> <span class='ocrx_word' id='word_1_12' title='bbox 730 1603 949 1682; x_wconf 78' lang='lat' dir='ltr'>cognoscendis</span> <span class='ocrx_word' id='word_1_13' title='bbox 972 1622 1093 1683; x_wconf 83' lang='lat' dir='ltr'>operam</span> <span class='ocrx_word' id='word_1_14' title='bbox 1119 1603 1238 1679; x_wconf 90' lang='lat' dir='ltr'>dedere,</span> <span class='ocrx_word' id='word_1_15' title='bbox 1261 1602 1391 1683; x_wconf 92' lang='lat' dir='ltr'>iiprobe</span> 
     </span>
     <span class='ocr_line' id='line_1_4' title="bbox 132 1697 1390 1784; baseline 0.007 -28"><span class='ocrx_word' id='word_1_16' title='bbox 132 1697 221 1771; x_wconf 84' lang='lat' dir='ltr'>sciunt,</span> <span class='ocrx_word' id='word_1_17' title='bbox 244 1718 331 1778; x_wconf 91' lang='lat' dir='ltr'>quam</span> <span class='ocrx_word' id='word_1_18' title='bbox 352 1700 472 1762; x_wconf 86' lang='lat' dir='ltr'>difficile</span> <span class='ocrx_word' id='word_1_19' title='bbox 494 1700 534 1762; x_wconf 90' lang='lat' dir='ltr'>sit</span> <span class='ocrx_word' id='word_1_20' title='bbox 554 1699 757 1763; x_wconf 84' lang='lat' dir='ltr'>vastissimum</span> <span class='ocrx_word' id='word_1_21' title='bbox 779 1722 892 1784; x_wconf 89' lang='lat' dir='ltr'>aequor</span> <span class='ocrx_word' id='word_1_22' title='bbox 914 1711 995 1766; x_wconf 86' lang='lat' dir='ltr'>reete</span> <span class='ocrx_word' id='word_1_23' title='bbox 1017 1705 1116 1768; x_wconf 90' lang='lat' dir='ltr'>metiri</span> <span class='ocrx_word' id='word_1_24' title='bbox 1138 1705 1184 1766; x_wconf 86' lang='lat' dir='ltr'>vel</span> <span class='ocrx_word' id='word_1_25' title='bbox 1206 1723 1241 1766; x_wconf 87' lang='lat' dir='ltr'>cx</span> <span class='ocrx_word' id='word_1_26' title='bbox 1263 1712 1308 1765; x_wconf 89' lang='lat' dir='ltr'>tot</span> <span class='ocrx_word' id='word_1_27' title='bbox 1321 1711 1390 1765; x_wconf 90' lang='lat' dir='ltr'>tan-</span> 
     </span>
    </p>
   </div>
   <div class='ocr_carea' id='block_1_3' title="bbox 131 1797 1490 1885">
    <p class='ocr_par' dir='ltr' id='par_1_3' title="bbox 131 1797 1490 1885">
     <span class='ocr_line' id='line_1_5' title="bbox 131 1797 1490 1885; baseline 0.006 -27"><span class='ocrx_word' id='word_1_28' title='bbox 131 1797 212 1878; x_wconf 84' lang='lat' dir='ltr'>tisque</span> <span class='ocrx_word' id='word_1_29' title='bbox 239 1800 407 1880; x_wconf 79' lang='lat' dir='ltr'>ignotarum</span> <span class='ocrx_word' id='word_1_30' title='bbox 434 1821 534 1864; x_wconf 87' lang='lat' dir='ltr'>rerum</span> <span class='ocrx_word' id='word_1_31' title='bbox 561 1801 734 1881; x_wconf 80' lang='lat' dir='ltr'>labyrinthis</span> <span class='ocrx_word' id='word_1_32' title='bbox 763 1822 832 1866; x_wconf 86' lang='lat' dir='ltr'>sese</span> <span class='ocrx_word' id='word_1_33' title='bbox 860 1823 1022 1885; x_wconf 80' lang='lat' dir='ltr'>emergere.</span> <span class='ocrx_word' id='word_1_34' title='bbox 1065 1805 1184 1884; x_wconf 86' lang='lat' dir='ltr'>ltaque,</span> <span class='ocrx_word' id='word_1_35' title='bbox 1216 1822 1392 1885; x_wconf 89' lang='lat' dir='ltr'>quamquam</span> <span class='ocrx_word' id='word_1_36' title='bbox 1487 1846 1490 1852; x_wconf 75' lang='lat'>,</span> 
     </span>
    </p>
   </div>
   <div class='ocr_carea' id='block_1_4' title="bbox 94 1897 1434 2994">
    <p class='ocr_par' dir='ltr' id='par_1_4' title="bbox 122 1897 1392 2690">
     <span class='ocr_line' id='line_1_6' title="bbox 128 1897 1392 1986; baseline 0.006 -27"><span class='ocrx_word' id='word_1_37' title='bbox 128 1897 173 1961; x_wconf 89' lang='lat' dir='ltr'>bae</span> <span class='ocrx_word' id='word_1_38' title='bbox 190 1910 293 1964; x_wconf 90' lang='lat' dir='ltr'>nostra</span> <span class='ocrx_word' id='word_1_39' title='bbox 315 1911 410 1965; x_wconf 89' lang='lat' dir='ltr'>aetate</span> <span class='ocrx_word' id='word_1_40' title='bbox 430 1902 579 1964; x_wconf 84' lang='lat' dir='ltr'>involutae</span> <span class='ocrx_word' id='word_1_41' title='bbox 600 1903 645 1965; x_wconf 89' lang='lat' dir='ltr'>rei</span> <span class='ocrx_word' id='word_1_42' title='bbox 666 1902 771 1965; x_wconf 88' lang='lat' dir='ltr'>notitia</span> <span class='ocrx_word' id='word_1_43' title='bbox 793 1904 887 1985; x_wconf 80' lang='lat' dir='ltr'>magis</span> <span class='ocrx_word' id='word_1_44' title='bbox 907 1905 1040 1986; x_wconf 89' lang='lat' dir='ltr'>aperitur</span> <span class='ocrx_word' id='word_1_45' title='bbox 1061 1914 1149 1984; x_wconf 90' lang='lat' dir='ltr'>atque</span> <span class='ocrx_word' id='word_1_46' title='bbox 1163 1905 1195 1966; x_wconf 94' lang='lat' dir='ltr'>in</span> <span class='ocrx_word' id='word_1_47' title='bbox 1211 1905 1392 1967; x_wconf 86' lang='lat' dir='ltr'>Graecorum</span> 
     </span>
     <span class='ocr_line' id='line_1_7' title="bbox 127 2003 1390 2086; baseline 0.005 -25"><span class='ocrx_word' id='word_1_48' title='bbox 127 2003 207 2064; x_wconf 87' lang='lat' dir='ltr'>sacris</span> <span class='ocrx_word' id='word_1_49' title='bbox 230 2003 411 2083; x_wconf 77' lang='lat' dir='ltr'>explicandis</span> <span class='ocrx_word' id='word_1_50' title='bbox 432 2003 622 2067; x_wconf 87' lang='lat' dir='ltr'>admirandus</span> <span class='ocrx_word' id='word_1_51' title='bbox 644 2004 887 2086; x_wconf 87' lang='lat' dir='ltr'>incredibilisque</span> <span class='ocrx_word' id='word_1_52' title='bbox 909 2024 1016 2070; x_wconf 78' lang='lat' dir='ltr'>mrsus</span> <span class='ocrx_word' id='word_1_53' title='bbox 1038 2006 1074 2068; x_wconf 96' lang='lat' dir='ltr'>ad</span> <span class='ocrx_word' id='word_1_54' title='bbox 1097 2024 1216 2067; x_wconf 86' lang='lat' dir='ltr'>omnem</span> <span class='ocrx_word' id='word_1_55' title='bbox 1243 2005 1390 2067; x_wconf 80' lang='lat' dir='ltr'>excellen-</span> 
     </span>
     <span class='ocr_line' id='line_1_8' title="bbox 125 2102 1390 2186; baseline 0.002 -23"><span class='ocrx_word' id='word_1_56' title='bbox 125 2102 186 2164; x_wconf 89' lang='lat' dir='ltr'>tiam</span> <span class='ocrx_word' id='word_1_57' title='bbox 206 2105 299 2166; x_wconf 84' lang='lat' dir='ltr'>iactus</span> <span class='ocrx_word' id='word_1_58' title='bbox 323 2113 379 2181; x_wconf 88' lang='lat' dir='ltr'>est,</span> <span class='ocrx_word' id='word_1_59' title='bbox 402 2106 433 2167; x_wconf 92' lang='lat' dir='ltr'>in</span> <span class='ocrx_word' id='word_1_60' title='bbox 455 2107 551 2169; x_wconf 90' lang='lat' dir='ltr'>nostri</span> <span class='ocrx_word' id='word_1_61' title='bbox 574 2105 674 2185; x_wconf 90' lang='lat' dir='ltr'>operis</span> <span class='ocrx_word' id='word_1_62' title='bbox 696 2105 817 2169; x_wconf 93' lang='lat' dir='ltr'>modulo</span> <span class='ocrx_word' id='word_1_63' title='bbox 839 2106 1029 2186; x_wconf 88' lang='lat' dir='ltr'>potissimum</span> <span class='ocrx_word' id='word_1_64' title='bbox 1051 2106 1190 2169; x_wconf 90' lang='lat' dir='ltr'>enitende</span> <span class='ocrx_word' id='word_1_65' title='bbox 1211 2115 1258 2168; x_wconf 88' lang='lat' dir='ltr'>est</span> <span class='ocrx_word' id='word_1_66' title='bbox 1279 2114 1309 2167; x_wconf 89' lang='lat' dir='ltr'>et</span> <span class='ocrx_word' id='word_1_67' title='bbox 1323 2105 1390 2166; x_wconf 86' lang='lat' dir='ltr'>effi·</span> 
     </span>
     <span class='ocr_line' id='line_1_9' title="bbox 124 2203 1390 2288; baseline 0.003 -24"><span class='ocrx_word' id='word_1_68' title='bbox 124 2203 215 2265; x_wconf 83' lang='lat' dir='ltr'>denda</span> <span class='ocrx_word' id='word_1_69' title='bbox 243 2223 317 2285; x_wconf 92' lang='lat' dir='ltr'>pura</span> <span class='ocrx_word' id='word_1_70' title='bbox 344 2205 393 2267; x_wconf 88' lang='lat' dir='ltr'>illa</span> <span class='ocrx_word' id='word_1_71' title='bbox 421 2213 451 2268; x_wconf 92' lang='lat' dir='ltr'>et</span> <span class='ocrx_word' id='word_1_72' title='bbox 477 2205 600 2269; x_wconf 86' lang='lat' dir='ltr'>illustris</span> <span class='ocrx_word' id='word_1_73' title='bbox 627 2206 766 2282; x_wconf 79' lang='lat' dir='ltr'>brevitas,</span> <span class='ocrx_word' id='word_1_74' title='bbox 795 2225 882 2288; x_wconf 91' lang='lat' dir='ltr'>quam</span> <span class='ocrx_word' id='word_1_75' title='bbox 905 2207 1007 2270; x_wconf 85' lang='lat' dir='ltr'>Cicero</span> <span class='ocrx_word' id='word_1_76' title='bbox 1037 2207 1224 2270; x_wconf 83' lang='lat' dir='ltr'>commendat</span> <span class='ocrx_word' id='word_1_77' title='bbox 1246 2205 1390 2268; x_wconf 90' lang='lat' dir='ltr'>historiae</span> 
     </span>
     <span class='ocr_line' id='line_1_10' title="bbox 122 2302 1390 2389; baseline 0.001 -23"><span class='ocrx_word' id='word_1_78' title='bbox 122 2306 320 2386; x_wconf 74' lang='lat' dir='ltr'>scipionibus,</span> <span class='ocrx_word' id='word_1_79' title='bbox 342 2326 380 2368; x_wconf 88' lang='lat' dir='ltr'>nc</span> <span class='ocrx_word' id='word_1_80' title='bbox 403 2302 553 2378; x_wconf 76' lang='lat' dir='ltr'>excrescat</span> <span class='ocrx_word' id='word_1_81' title='bbox 573 2306 605 2368; x_wconf 96' lang='lat' dir='ltr'>in</span> <span class='ocrx_word' id='word_1_82' title='bbox 626 2306 777 2388; x_wconf 76' lang='lat' dir='ltr'>ingentem</span> <span class='ocrx_word' id='word_1_83' title='bbox 797 2309 917 2384; x_wconf 92' lang='lat' dir='ltr'>molem,</span> <span class='ocrx_word' id='word_1_84' title='bbox 939 2308 1021 2389; x_wconf 88' lang='lat' dir='ltr'>quod</span> <span class='ocrx_word' id='word_1_85' title='bbox 1042 2309 1106 2372; x_wconf 87' lang='lat' dir='ltr'>suis</span> <span class='ocrx_word' id='word_1_86' title='bbox 1128 2307 1237 2370; x_wconf 85' lang='lat' dir='ltr'>finibus</span> <span class='ocrx_word' id='word_1_87' title='bbox 1259 2307 1390 2368; x_wconf 87' lang='lat' dir='ltr'>circum·</span> 
     </span>
     <span class='ocr_line' id='line_1_11' title="bbox 123 2406 1388 2484; baseline 0 -16"><span class='ocrx_word' id='word_1_88' title='bbox 123 2406 304 2469; x_wconf 81' lang='lat' dir='ltr'>scribendum</span> <span class='ocrx_word' id='word_1_89' title='bbox 327 2417 383 2470; x_wconf 86' lang='lat' dir='ltr'>est.</span> <span class='ocrx_word' id='word_1_90' title='bbox 427 2409 538 2470; x_wconf 89' lang='lat' dir='ltr'>Tamen</span> <span class='ocrx_word' id='word_1_91' title='bbox 560 2409 721 2471; x_wconf 86' lang='lat' dir='ltr'>cavendum</span> <span class='ocrx_word' id='word_1_92' title='bbox 743 2417 800 2484; x_wconf 89' lang='lat' dir='ltr'>est,</span> <span class='ocrx_word' id='word_1_93' title='bbox 821 2427 870 2484; x_wconf 91' lang='lat' dir='ltr'>ne,</span> <span class='ocrx_word' id='word_1_94' title='bbox 898 2410 969 2472; x_wconf 93' lang='lat' dir='ltr'>dum</span> <span class='ocrx_word' id='word_1_95' title='bbox 991 2411 1097 2472; x_wconf 86' lang='lat' dir='ltr'>breves</span> <span class='ocrx_word' id='word_1_96' title='bbox 1118 2428 1186 2472; x_wconf 89' lang='lat' dir='ltr'>esse</span> <span class='ocrx_word' id='word_1_97' title='bbox 1206 2407 1388 2480; x_wconf 74' lang='lat' dir='ltr'>laboramuS,</span> 
     </span>
     <span class='ocr_line' id='line_1_12' title="bbox 122 2507 1388 2591; baseline 0.001 -24"><span class='ocrx_word' id='word_1_98' title='bbox 122 2507 217 2570; x_wconf 81' lang='lat' dir='ltr'>bantus</span> <span class='ocrx_word' id='word_1_99' title='bbox 246 2508 367 2571; x_wconf 91' lang='lat' dir='ltr'>obscuri</span> <span class='ocrx_word' id='word_1_100' title='bbox 395 2509 440 2571; x_wconf 86' lang='lat' dir='ltr'>vel</span> <span class='ocrx_word' id='word_1_101' title='bbox 464 2509 644 2582; x_wconf 87' lang='lat' dir='ltr'>omittamus,</span> <span class='ocrx_word' id='word_1_102' title='bbox 673 2528 749 2590; x_wconf 88' lang='lat' dir='ltr'>quae</span> <span class='ocrx_word' id='word_1_103' title='bbox 771 2510 807 2572; x_wconf 96' lang='lat' dir='ltr'>ad</span> <span class='ocrx_word' id='word_1_104' title='bbox 829 2509 1055 2591; x_wconf 87' lang='lat' dir='ltr'>perspiciendos</span> <span class='ocrx_word' id='word_1_105' title='bbox 1077 2519 1165 2590; x_wconf 87' lang='lat' dir='ltr'>atque</span> <span class='ocrx_word' id='word_1_106' title='bbox 1186 2507 1388 2571; x_wconf 87' lang='lat' dir='ltr'>aestimandos</span> 
     </span>
     <span class='ocr_line' id='line_1_13' title="bbox 122 2607 827 2690; baseline 0.004 -21"><span class='ocrx_word' id='word_1_107' title='bbox 122 2607 293 2671; x_wconf 86' lang='lat' dir='ltr'>Graecorum</span> <span class='ocrx_word' id='word_1_108' title='bbox 316 2612 392 2672; x_wconf 90' lang='lat' dir='ltr'>ritus</span> <span class='ocrx_word' id='word_1_109' title='bbox 415 2612 535 2690; x_wconf 80' lang='lat' dir='ltr'>cognitu</span> <span class='ocrx_word' id='word_1_110' title='bbox 556 2610 725 2672; x_wconf 87' lang='lat' dir='ltr'>necessaria</span> <span class='ocrx_word' id='word_1_111' title='bbox 747 2619 827 2673; x_wconf 87' lang='lat' dir='ltr'>sunt.</span> 
     </span>
    </p>

    <p class='ocr_par' dir='ltr' id='par_1_5' title="bbox 94 2709 1434 2994">
     <span class='ocr_line' id='line_1_14' title="bbox 94 2709 1388 2793; baseline -0.003 -21"><span class='ocrx_word' id='word_1_112' title='bbox 94 2741 96 2745; x_wconf 88' lang='lat'><em>·</em></span> <span class='ocrx_word' id='word_1_113' title='bbox 199 2710 287 2782; x_wconf 85' lang='lat' dir='ltr'>Quod</span> <span class='ocrx_word' id='word_1_114' title='bbox 321 2713 357 2773; x_wconf 91' lang='lat' dir='ltr'>ad</span> <span class='ocrx_word' id='word_1_115' title='bbox 385 2711 595 2785; x_wconf 82' lang='lat' dir='ltr'>Ecclesiae,</span> <span class='ocrx_word' id='word_1_116' title='bbox 624 2730 748 2791; x_wconf 82' lang='lat' dir='ltr'>quarum</span> <span class='ocrx_word' id='word_1_117' title='bbox 771 2712 876 2792; x_wconf 82' lang='lat' dir='ltr'>ingens</span> <span class='ocrx_word' id='word_1_118' title='bbox 899 2709 978 2793; x_wconf 94' lang='lat' dir='ltr'>apud</span> <span class='ocrx_word' id='word_1_119' title='bbox 1000 2710 1129 2775; x_wconf 88' lang='lat' dir='ltr'>Graecos</span> <span class='ocrx_word' id='word_1_120' title='bbox 1151 2711 1236 2791; x_wconf 86' lang='lat' dir='ltr'>copia</span> <span class='ocrx_word' id='word_1_121' title='bbox 1258 2729 1291 2771; x_wconf 91' lang='lat' dir='ltr'>se</span> <span class='ocrx_word' id='word_1_122' title='bbox 1313 2726 1388 2770; x_wconf 91' lang='lat' dir='ltr'>con-</span> 
     </span>
     <span class='ocr_line' id='line_1_15' title="bbox 122 2808 1434 2893; baseline -0.002 -21"><span class='ocrx_word' id='word_1_123' title='bbox 122 2811 295 2890; x_wconf 85' lang='lat' dir='ltr'>spiciendam</span> <span class='ocrx_word' id='word_1_124' title='bbox 317 2811 449 2893; x_wconf 85' lang='lat' dir='ltr'>praebet,</span> <span class='ocrx_word' id='word_1_125' title='bbox 473 2812 551 2872; x_wconf 92' lang='lat' dir='ltr'>haud</span> <span class='ocrx_word' id='word_1_126' title='bbox 572 2829 725 2874; x_wconf 87' lang='lat' dir='ltr'>moramur</span> <span class='ocrx_word' id='word_1_127' title='bbox 745 2811 776 2874; x_wconf 93' lang='lat' dir='ltr'>iu</span> <span class='ocrx_word' id='word_1_128' title='bbox 799 2813 964 2876; x_wconf 91' lang='lat' dir='ltr'>enarranda</span> <span class='ocrx_word' id='word_1_129' title='bbox 984 2813 1199 2876; x_wconf 87' lang='lat' dir='ltr'>architecturae</span> <span class='ocrx_word' id='word_1_130' title='bbox 1221 2828 1322 2873; x_wconf 88' lang='lat' dir='ltr'>sacrae</span> <span class='ocrx_word' id='word_1_131' title='bbox 1340 2808 1388 2870; x_wconf 93' lang='lat' dir='ltr'>hi·</span> <span class='ocrx_word' id='word_1_132' title='bbox 1431 2825 1434 2831; x_wconf 89' lang='lat'>·</span> 
     </span>
     <span class='ocr_line' id='line_1_16' title="bbox 121 2909 1388 2994; baseline -0.002 -21"><span class='ocrx_word' id='word_1_133' title='bbox 121 2915 216 2988; x_wconf 86' lang='lat' dir='ltr'>storia,</span> <span class='ocrx_word' id='word_1_134' title='bbox 225 2914 246 2991; x_wconf 83' lang='lat'>¹)</span> <span class='ocrx_word' id='word_1_135' title='bbox 276 2914 330 2975; x_wconf 88' lang='lat' dir='ltr'>sed</span> <span class='ocrx_word' id='word_1_136' title='bbox 357 2913 566 2994; x_wconf 77' lang='lat' dir='ltr'>progredimur</span> <span class='ocrx_word' id='word_1_137' title='bbox 592 2913 628 2975; x_wconf 91' lang='lat' dir='ltr'>ad</span> <span class='ocrx_word' id='word_1_138' title='bbox 657 2913 798 2976; x_wconf 81' lang='lat' dir='ltr'>ecciesiae</span> <span class='ocrx_word' id='word_1_139' title='bbox 820 2913 974 2976; x_wconf 89' lang='lat' dir='ltr'>cuiusdam</span> <span class='ocrx_word' id='word_1_140' title='bbox 997 2913 1135 2984; x_wconf 82' lang='lat' dir='ltr'>Graecae,</span> <span class='ocrx_word' id='word_1_141' title='bbox 1167 2920 1199 2974; x_wconf 91' lang='lat' dir='ltr'>ut</span> <span class='ocrx_word' id='word_1_142' title='bbox 1220 2913 1262 2973; x_wconf 89' lang='lat' dir='ltr'>ita</span> <span class='ocrx_word' id='word_1_143' title='bbox 1283 2909 1388 2982; x_wconf 89' lang='lat' dir='ltr'>dicam,</span> 
     </span>
    </p>
   </div>
   <div class='ocr_carea' id='block_1_5' title="bbox 123 3036 421 3049">
    <p class='ocr_par' dir='ltr' id='par_1_6' title="bbox 123 3036 421 3049">
     <span class='ocr_line' id='line_1_17' title="bbox 123 3036 421 3049; baseline 0.007 -2"><span class='ocrx_word' id='word_1_144' title='bbox 123 3036 421 3049; x_wconf 67' lang='lat'>———-——-—</span> 
     </span>
    </p>
   </div>
   <div class='ocr_carea' id='block_1_6' title="bbox 122 3095 1394 4512">
    <p class='ocr_par' dir='ltr' id='par_1_7' title="bbox 122 3095 1394 4512">
     <span class='ocr_line' id='line_1_18' title="bbox 200 3095 1389 3165; baseline -0.003 -17"><span class='ocrx_word' id='word_1_145' title='bbox 200 3101 224 3158; x_wconf 86' lang='lat' dir='ltr'>i)</span> <span class='ocrx_word' id='word_1_146' title='bbox 243 3100 302 3148; x_wconf 84' lang='lat' dir='ltr'>Leo</span> <span class='ocrx_word' id='word_1_147' title='bbox 319 3098 464 3148; x_wconf 81' lang='lat' dir='ltr'>hiiatius</span> <span class='ocrx_word' id='word_1_148' title='bbox 482 3098 513 3149; x_wconf 93' lang='lat' dir='ltr'>de</span> <span class='ocrx_word' id='word_1_149' title='bbox 530 3099 698 3149; x_wconf 72' lang='lat' dir='ltr'>detentionum</span> <span class='ocrx_word' id='word_1_150' title='bbox 717 3100 863 3149; x_wconf 84' lang='lat' dir='ltr'>Graecorum</span> <span class='ocrx_word' id='word_1_151' title='bbox 883 3098 991 3165; x_wconf 83' lang='lat' dir='ltr'>Templis</span> <span class='ocrx_word' id='word_1_152' title='bbox 1009 3099 1145 3149; x_wconf 85' lang='lat' dir='ltr'>Dissertett.</span> <span class='ocrx_word' id='word_1_153' title='bbox 1163 3096 1194 3147; x_wconf 89' lang='lat'>11.</span> <span class='ocrx_word' id='word_1_154' title='bbox 1227 3096 1257 3146; x_wconf 78' lang='lat' dir='ltr'>Et</span> <span class='ocrx_word' id='word_1_155' title='bbox 1274 3095 1389 3146; x_wconf 83' lang='lat' dir='ltr'>vetustio-</span> 
     </span>
     <span class='ocr_line' id='line_1_19' title="bbox 122 3169 1389 3250; baseline -0.004 -19"><span class='ocrx_word' id='word_1_156' title='bbox 122 3196 156 3231; x_wconf 90' lang='lat' dir='ltr'>res</span> <span class='ocrx_word' id='word_1_157' title='bbox 178 3193 201 3232; x_wconf 87' lang='lat' dir='ltr'>et</span> <span class='ocrx_word' id='word_1_158' title='bbox 222 3183 371 3232; x_wconf 84' lang='lat' dir='ltr'>recentiores</span> <span class='ocrx_word' id='word_1_159' title='bbox 394 3182 510 3233; x_wconf 84' lang='lat' dir='ltr'>eeclesiae</span> <span class='ocrx_word' id='word_1_160' title='bbox 535 3183 565 3233; x_wconf 91' lang='lat' dir='ltr'>ed</span> <span class='ocrx_word' id='word_1_161' title='bbox 596 3184 701 3247; x_wconf 81' lang='lat' dir='ltr'>quinqua</span> <span class='ocrx_word' id='word_1_162' title='bbox 727 3198 822 3234; x_wconf 85' lang='lat' dir='ltr'>summe</span> <span class='ocrx_word' id='word_1_163' title='bbox 847 3183 941 3234; x_wconf 85' lang='lat' dir='ltr'>reducit</span> <span class='ocrx_word' id='word_1_164' title='bbox 958 3198 1045 3246; x_wconf 82' lang='lat' dir='ltr'>genera</span> <span class='ocrx_word' id='word_1_165' title='bbox 1071 3183 1093 3232; x_wconf 94' lang='lat' dir='ltr'>l.</span> <span class='ocrx_word' id='word_1_166' title='bbox 1111 3169 1266 3250; x_wconf 71' lang='lat' dir='ltr'>rpovtdcrroi</span> <span class='ocrx_word' id='word_1_167' title='bbox 1285 3191 1347 3243; x_wconf 84' lang='lat' dir='ltr'>quse</span> <span class='ocrx_word' id='word_1_168' title='bbox 1365 3178 1389 3227; x_wconf 89' lang='lat' dir='ltr'>in</span> 
     </span>
     <span class='ocr_line' id='line_1_20' title="bbox 123 3256 1389 3331; baseline -0.003 -16"><span class='ocrx_word' id='word_1_169' title='bbox 123 3281 230 3330; x_wconf 86' lang='lat' dir='ltr'>supremo</span> <span class='ocrx_word' id='word_1_170' title='bbox 251 3267 345 3328; x_wconf 75' lang='lat' dir='ltr'>fastigio</span> <span class='ocrx_word' id='word_1_171' title='bbox 365 3267 389 3316; x_wconf 91' lang='lat' dir='ltr'>iu</span> <span class='ocrx_word' id='word_1_172' title='bbox 407 3280 490 3316; x_wconf 87' lang='lat' dir='ltr'>arcum</span> <span class='ocrx_word' id='word_1_173' title='bbox 508 3264 636 3317; x_wconf 81' lang='lat' dir='ltr'>rotundatu</span> <span class='ocrx_word' id='word_1_174' title='bbox 654 3266 744 3317; x_wconf 87' lang='lat' dir='ltr'>ambitu</span> <span class='ocrx_word' id='word_1_175' title='bbox 762 3267 917 3318; x_wconf 86' lang='lat' dir='ltr'>decrescente</span> <span class='ocrx_word' id='word_1_176' title='bbox 935 3275 1072 3318; x_wconf 82' lang='lat' dir='ltr'>arceantur.</span> <span class='ocrx_word' id='word_1_177' title='bbox 1107 3266 1130 3318; x_wconf 80' lang='lat'>2.</span> <span class='ocrx_word' id='word_1_178' title='bbox 1155 3256 1308 3331; x_wconf 75' lang='grc' dir='ltr'><strong><em>καμαρωτό</em></strong></span> <span class='ocrx_word' id='word_1_179' title='bbox 1327 3274 1389 3326; x_wconf 89' lang='lat' dir='ltr'>quae</span> 
     </span>
     <span class='ocr_line' id='line_1_21' title="bbox 124 3350 1389 3415; baseline -0.003 -18"><span class='ocrx_word' id='word_1_180' title='bbox 124 3350 144 3398; x_wconf 91' lang='lat' dir='ltr'>iu</span> <span class='ocrx_word' id='word_1_181' title='bbox 159 3352 275 3400; x_wconf 89' lang='lat' dir='ltr'>ioruieem</span> <span class='ocrx_word' id='word_1_182' title='bbox 302 3351 416 3402; x_wconf 86' lang='lat' dir='ltr'>desinunt</span> <span class='ocrx_word' id='word_1_183' title='bbox 439 3360 463 3401; x_wconf 88' lang='lat' dir='ltr'>et</span> <span class='ocrx_word' id='word_1_184' title='bbox 481 3359 578 3401; x_wconf 87' lang='lat' dir='ltr'>arcuato</span> <span class='ocrx_word' id='word_1_185' title='bbox 597 3366 672 3415; x_wconf 91' lang='lat' dir='ltr'>opere</span> <span class='ocrx_word' id='word_1_186' title='bbox 690 3365 718 3400; x_wconf 90' lang='lat' dir='ltr'>ec</span> <span class='ocrx_word' id='word_1_187' title='bbox 734 3357 798 3400; x_wconf 88' lang='lat' dir='ltr'>tecto</span> <span class='ocrx_word' id='word_1_188' title='bbox 816 3351 924 3401; x_wconf 81' lang='lat' dir='ltr'>condere</span> <span class='ocrx_word' id='word_1_189' title='bbox 941 3350 972 3400; x_wconf 85' lang='lat' dir='ltr'>ed</span> <span class='ocrx_word' id='word_1_190' title='bbox 990 3351 1092 3402; x_wconf 74' lang='lat' dir='ltr'>{ormam</span> <span class='ocrx_word' id='word_1_191' title='bbox 1111 3350 1239 3402; x_wconf 83' lang='lat' dir='ltr'>testudinis</span> <span class='ocrx_word' id='word_1_192' title='bbox 1257 3355 1389 3407; x_wconf 76' lang='lat' dir='ltr'>contegun-</span> 
     </span>
     <span class='ocr_line' id='line_1_22' title="bbox 125 3423 1389 3499; baseline -0.003 -18"><span class='ocrx_word' id='word_1_193' title='bbox 125 3439 164 3482; x_wconf 85' lang='lat' dir='ltr'>tur.</span> <span class='ocrx_word' id='word_1_194' title='bbox 197 3433 221 3484; x_wconf 81' lang='lat'>3.</span> <span class='ocrx_word' id='word_1_195' title='bbox 240 3430 404 3497; x_wconf 76' lang='grc' dir='ltr'><strong>σταυροειδῆ</strong></span> <span class='ocrx_word' id='word_1_196' title='bbox 421 3450 442 3484; x_wconf 90' lang='lat' dir='ltr'>s.</span> <span class='ocrx_word' id='word_1_197' title='bbox 462 3423 605 3497; x_wconf 76' lang='lat' dir='ltr'>occupandi</span> <span class='ocrx_word' id='word_1_198' title='bbox 623 3450 685 3499; x_wconf 89' lang='lat' dir='ltr'>quac</span> <span class='ocrx_word' id='word_1_199' title='bbox 704 3435 782 3484; x_wconf 89' lang='lat' dir='ltr'>crucis</span> <span class='ocrx_word' id='word_1_200' title='bbox 799 3435 903 3485; x_wconf 78' lang='lat' dir='ltr'>turmam</span> <span class='ocrx_word' id='word_1_201' title='bbox 921 3434 1030 3487; x_wconf 78' lang='lat' dir='ltr'>referunt</span> <span class='ocrx_word' id='word_1_202' title='bbox 1047 3444 1071 3486; x_wconf 90' lang='lat' dir='ltr'>et</span> <span class='ocrx_word' id='word_1_203' title='bbox 1088 3437 1192 3487; x_wconf 80' lang='lat' dir='ltr'>extensis</span> <span class='ocrx_word' id='word_1_204' title='bbox 1210 3428 1389 3495; x_wconf 84' lang='lat' dir='ltr'>utrinquebre·</span> 
     </span>
     <span class='ocr_line' id='line_1_23' title="bbox 125 3512 1389 3584; baseline -0.003 -20"><span class='ocrx_word' id='word_1_205' title='bbox 125 3516 176 3567; x_wconf 86' lang='lat' dir='ltr'>chiis</span> <span class='ocrx_word' id='word_1_206' title='bbox 199 3518 318 3580; x_wconf 81' lang='lat' dir='ltr'>ecciesiae</span> <span class='ocrx_word' id='word_1_207' title='bbox 341 3527 434 3582; x_wconf 89' lang='lat' dir='ltr'>partem</span> <span class='ocrx_word' id='word_1_208' title='bbox 462 3520 485 3569; x_wconf 89' lang='lat' dir='ltr'>iu</span> <span class='ocrx_word' id='word_1_209' title='bbox 510 3534 556 3583; x_wconf 87' lang='lat' dir='ltr'>qua</span> <span class='ocrx_word' id='word_1_210' title='bbox 579 3517 655 3568; x_wconf 84' lang='lat' dir='ltr'>attare</span> <span class='ocrx_word' id='word_1_211' title='bbox 678 3517 820 3580; x_wconf 81' lang='lat' dir='ltr'>collocetur,</span> <span class='ocrx_word' id='word_1_212' title='bbox 845 3519 875 3568; x_wconf 85' lang='lat' dir='ltr'>ab</span> <span class='ocrx_word' id='word_1_213' title='bbox 893 3533 921 3568; x_wconf 85' lang='lat' dir='ltr'>ee</span> <span class='ocrx_word' id='word_1_214' title='bbox 939 3533 1001 3584; x_wconf 83' lang='lat' dir='ltr'>quae</span> <span class='ocrx_word' id='word_1_215' title='bbox 1017 3519 1085 3572; x_wconf 89' lang='lat' dir='ltr'>ducit</span> <span class='ocrx_word' id='word_1_216' title='bbox 1100 3519 1130 3569; x_wconf 86' lang='lat' dir='ltr'>ed</span> <span class='ocrx_word' id='word_1_217' title='bbox 1148 3518 1209 3567; x_wconf 88' lang='lat' dir='ltr'>ostia</span> <span class='ocrx_word' id='word_1_218' title='bbox 1227 3512 1389 3565; x_wconf 83' lang='lat' dir='ltr'>subdividunt.</span> 
     </span>
     <span class='ocr_line' id='line_1_24' title="bbox 126 3594 1389 3669; baseline -0.004 -20"><span class='ocrx_word' id='word_1_219' title='bbox 126 3594 277 3669; x_wconf 75' lang='lat' dir='ltr'>hdpoprxci</span> <span class='ocrx_word' id='word_1_220' title='bbox 305 3618 366 3667; x_wconf 88' lang='lat' dir='ltr'>quae</span> <span class='ocrx_word' id='word_1_221' title='bbox 383 3604 462 3654; x_wconf 77' lang='lat' dir='ltr'>terme</span> <span class='ocrx_word' id='word_1_222' title='bbox 480 3604 606 3668; x_wconf 85' lang='lat' dir='ltr'>quadratu,</span> <span class='ocrx_word' id='word_1_223' title='bbox 631 3603 745 3652; x_wconf 83' lang='lat' dir='ltr'>lateribus</span> <span class='ocrx_word' id='word_1_224' title='bbox 761 3602 862 3666; x_wconf 89' lang='lat' dir='ltr'>peribus</span> <span class='ocrx_word' id='word_1_225' title='bbox 879 3603 916 3653; x_wconf 86' lang='lat' dir='ltr'>rel</span> <span class='ocrx_word' id='word_1_226' title='bbox 934 3602 1066 3666; x_wconf 77' lang='lat' dir='ltr'>impetibus</span> <span class='ocrx_word' id='word_1_227' title='bbox 1083 3601 1221 3652; x_wconf 86' lang='lat' dir='ltr'>substructa</span> <span class='ocrx_word' id='word_1_228' title='bbox 1238 3605 1303 3658; x_wconf 88' lang='lat' dir='ltr'>suut,</span> <span class='ocrx_word' id='word_1_229' title='bbox 1327 3609 1389 3660; x_wconf 89' lang='lat' dir='ltr'>quo·</span> 
     </span>
     <span class='ocr_line' id='line_1_25' title="bbox 126 3681 1388 3750; baseline -0.002 -19"><span class='ocrx_word' id='word_1_230' title='bbox 126 3697 170 3734; x_wconf 88' lang='lat' dir='ltr'>rum</span> <span class='ocrx_word' id='word_1_231' title='bbox 186 3687 209 3736; x_wconf 94' lang='lat' dir='ltr'>iu</span> <span class='ocrx_word' id='word_1_232' title='bbox 227 3686 332 3737; x_wconf 87' lang='lat' dir='ltr'>cuimine</span> <span class='ocrx_word' id='word_1_233' title='bbox 356 3702 461 3749; x_wconf 83' lang='lat' dir='ltr'>asseres,</span> <span class='ocrx_word' id='word_1_234' title='bbox 488 3703 531 3738; x_wconf 87' lang='lat' dir='ltr'>seu</span> <span class='ocrx_word' id='word_1_235' title='bbox 550 3687 632 3738; x_wconf 87' lang='lat' dir='ltr'>trebes</span> <span class='ocrx_word' id='word_1_236' title='bbox 650 3686 779 3736; x_wconf 80' lang='lat' dir='ltr'>cantheriis</span> <span class='ocrx_word' id='word_1_237' title='bbox 797 3686 957 3750; x_wconf 72' lang='lat' dir='ltr'>colligantur3</span> <span class='ocrx_word' id='word_1_238' title='bbox 983 3685 1044 3735; x_wconf 90' lang='lat' dir='ltr'>edeu</span> <span class='ocrx_word' id='word_1_239' title='bbox 1061 3690 1088 3734; x_wconf 90' lang='lat' dir='ltr'>ut</span> <span class='ocrx_word' id='word_1_240' title='bbox 1104 3684 1188 3749; x_wconf 88' lang='lat' dir='ltr'>tempii</span> <span class='ocrx_word' id='word_1_241' title='bbox 1206 3681 1311 3747; x_wconf 86' lang='lat' dir='ltr'>parietes</span> <span class='ocrx_word' id='word_1_242' title='bbox 1328 3693 1388 3745; x_wconf 90' lang='lat' dir='ltr'>pro·</span> 
     </span>
     <span class='ocr_line' id='line_1_26' title="bbox 128 3765 1389 3836; baseline -0.002 -20"><span class='ocrx_word' id='word_1_243' title='bbox 128 3768 212 3821; x_wconf 85' lang='lat' dir='ltr'>iecturis</span> <span class='ocrx_word' id='word_1_244' title='bbox 235 3786 343 3822; x_wconf 88' lang='lat' dir='ltr'>asserum</span> <span class='ocrx_word' id='word_1_245' title='bbox 368 3780 486 3835; x_wconf 73' lang='lat' dir='ltr'>tegentur.</span> <span class='ocrx_word' id='word_1_246' title='bbox 522 3772 546 3822; x_wconf 84' lang='lat'>5.</span> <span class='ocrx_word' id='word_1_247' title='bbox 565 3771 643 3832; x_wconf 77' lang='lat' dir='ltr'>Mixto,</span> <span class='ocrx_word' id='word_1_248' title='bbox 668 3785 729 3836; x_wconf 85' lang='lat' dir='ltr'>quae</span> <span class='ocrx_word' id='word_1_249' title='bbox 753 3768 791 3819; x_wconf 90' lang='lat' dir='ltr'>bie</span> <span class='ocrx_word' id='word_1_250' title='bbox 808 3769 937 3832; x_wconf 74' lang='lat' dir='ltr'>generibus</span> <span class='ocrx_word' id='word_1_251' title='bbox 951 3769 1065 3819; x_wconf 81' lang='lat' dir='ltr'>immixtis</span> <span class='ocrx_word' id='word_1_252' title='bbox 1083 3769 1257 3819; x_wconf 83' lang='lat' dir='ltr'>conflabantur.</span> <span class='ocrx_word' id='word_1_253' title='bbox 1292 3765 1389 3828; x_wconf 84' lang='lat' dir='ltr'>Nuper-</span> 
     </span>
     <span class='ocr_line' id='line_1_27' title="bbox 128 3846 1389 3921; baseline -0.002 -22"><span class='ocrx_word' id='word_1_254' title='bbox 128 3852 178 3903; x_wconf 85' lang='lat' dir='ltr'>rine</span> <span class='ocrx_word' id='word_1_255' title='bbox 199 3856 297 3921; x_wconf 89' lang='lat' dir='ltr'>optime,</span> <span class='ocrx_word' id='word_1_256' title='bbox 323 3865 349 3905; x_wconf 92' lang='lat' dir='ltr'>ut</span> <span class='ocrx_word' id='word_1_257' title='bbox 370 3857 442 3918; x_wconf 84' lang='lat' dir='ltr'>solet,</span> <span class='ocrx_word' id='word_1_258' title='bbox 460 3855 592 3907; x_wconf 84' lang='lat' dir='ltr'>Nealius</span> <span class='ocrx_word' id='word_1_259' title='bbox 616 3855 647 3905; x_wconf 90' lang='lat' dir='ltr'>de</span> <span class='ocrx_word' id='word_1_260' title='bbox 670 3854 780 3905; x_wconf 88' lang='lat' dir='ltr'>eeclesiis</span> <span class='ocrx_word' id='word_1_261' title='bbox 798 3855 944 3905; x_wconf 85' lang='lat' dir='ltr'>Graecorum</span> <span class='ocrx_word' id='word_1_262' title='bbox 967 3852 1096 3918; x_wconf 86' lang='lat' dir='ltr'>disputarit</span> <span class='ocrx_word' id='word_1_263' title='bbox 1114 3853 1210 3914; x_wconf 70' lang='lat' dir='ltr'>biistory</span> <span class='ocrx_word' id='word_1_264' title='bbox 1232 3857 1278 3900; x_wconf 83' lang='lat' dir='ltr'>etc.</span> <span class='ocrx_word' id='word_1_265' title='bbox 1304 3847 1356 3898; x_wconf 75' lang='lat' dir='ltr'>Vol.</span> <span class='ocrx_word' id='word_1_266' title='bbox 1370 3846 1389 3897; x_wconf 92' lang='lat'>1.</span> 
     </span>
     <span class='ocr_line' id='line_1_28' title="bbox 129 3933 1390 4004; baseline -0.003 -18"><span class='ocrx_word' id='word_1_267' title='bbox 129 3937 284 3997; x_wconf 74' lang='lat' dir='ltr'>uteo-305</span> <span class='ocrx_word' id='word_1_268' title='bbox 301 3939 362 4000; x_wconf 83' lang='lat' dir='ltr'>(The</span> <span class='ocrx_word' id='word_1_269' title='bbox 379 3940 546 4004; x_wconf 72' lang='lat' dir='ltr'>Ecclesioiogp</span> <span class='ocrx_word' id='word_1_270' title='bbox 563 3941 590 3990; x_wconf 82' lang='lat' dir='ltr'>oi</span> <span class='ocrx_word' id='word_1_271' title='bbox 607 3940 646 3991; x_wconf 90' lang='lat' dir='ltr'>tbe</span> <span class='ocrx_word' id='word_1_272' title='bbox 665 3938 726 4002; x_wconf 62' lang='lat' dir='ltr'>fletu</span> <span class='ocrx_word' id='word_1_273' title='bbox 742 3938 843 3990; x_wconf 74' lang='lat' dir='ltr'>bostem</span> <span class='ocrx_word' id='word_1_274' title='bbox 854 3935 969 3999; x_wconf 82' lang='lat' dir='ltr'>Choreb).</span> <span class='ocrx_word' id='word_1_275' title='bbox 1004 3936 1133 4000; x_wconf 73' lang='lat' dir='ltr'>Distinguit</span> <span class='ocrx_word' id='word_1_276' title='bbox 1149 3937 1197 3986; x_wconf 90' lang='lat' dir='ltr'>duo</span> <span class='ocrx_word' id='word_1_277' title='bbox 1215 3933 1390 3986; x_wconf 80' lang='lat' dir='ltr'>architecturae</span> 
     </span>
     <span class='ocr_line' id='line_1_29' title="bbox 130 4018 1390 4089; baseline -0.001 -21"><span class='ocrx_word' id='word_1_278' title='bbox 130 4031 200 4074; x_wconf 86' lang='lat' dir='ltr'>sacrae</span> <span class='ocrx_word' id='word_1_279' title='bbox 216 4038 306 4086; x_wconf 72' lang='lat' dir='ltr'>genera</span> <span class='ocrx_word' id='word_1_280' title='bbox 323 4026 462 4088; x_wconf 88' lang='lat' dir='ltr'>praecipue,</span> <span class='ocrx_word' id='word_1_281' title='bbox 480 4025 633 4089; x_wconf 72' lang='lat' dir='ltr'>Byzantiuum</span> <span class='ocrx_word' id='word_1_282' title='bbox 652 4031 724 4088; x_wconf 84' lang='lat' dir='ltr'>atque</span> <span class='ocrx_word' id='word_1_283' title='bbox 740 4023 878 4074; x_wconf 75' lang='lat' dir='ltr'>Armenium</span> <span class='ocrx_word' id='word_1_284' title='bbox 896 4029 920 4074; x_wconf 87' lang='lat' dir='ltr'>et</span> <span class='ocrx_word' id='word_1_285' title='bbox 937 4027 1040 4086; x_wconf 86' lang='lat' dir='ltr'>quatuor</span> <span class='ocrx_word' id='word_1_286' title='bbox 1056 4020 1199 4085; x_wconf 73' lang='lat' dir='ltr'>byzuntinae</span> <span class='ocrx_word' id='word_1_287' title='bbox 1215 4018 1390 4071; x_wconf 84' lang='lat' dir='ltr'>architecturae</span> 
     </span>
     <span class='ocr_line' id='line_1_30' title="bbox 131 4099 1389 4172; baseline -0.001 -20"><span class='ocrx_word' id='word_1_288' title='bbox 131 4105 238 4164; x_wconf 84' lang='lat' dir='ltr'>periodos.</span> <span class='ocrx_word' id='word_1_289' title='bbox 273 4142 291 4170; x_wconf 90' lang='lat'>„</span> <span class='ocrx_word' id='word_1_290' title='bbox 300 4108 322 4157; x_wconf 89' lang='lat'>1.</span> <span class='ocrx_word' id='word_1_291' title='bbox 339 4109 413 4159; x_wconf 81' lang='lat' dir='ltr'>From</span> <span class='ocrx_word' id='word_1_292' title='bbox 432 4110 472 4160; x_wconf 90' lang='lat' dir='ltr'>the</span> <span class='ocrx_word' id='word_1_293' title='bbox 488 4109 631 4159; x_wconf 74' lang='lat' dir='ltr'>foundation</span> <span class='ocrx_word' id='word_1_294' title='bbox 649 4107 677 4157; x_wconf 82' lang='lat' dir='ltr'>oi</span> <span class='ocrx_word' id='word_1_295' title='bbox 693 4106 892 4172; x_wconf 88' lang='lat' dir='ltr'>Constantinopie</span> <span class='ocrx_word' id='word_1_296' title='bbox 915 4113 940 4155; x_wconf 92' lang='lat' dir='ltr'>to</span> <span class='ocrx_word' id='word_1_297' title='bbox 963 4103 1004 4154; x_wconf 86' lang='lat' dir='ltr'>tbs</span> <span class='ocrx_word' id='word_1_298' title='bbox 1021 4106 1128 4156; x_wconf 86' lang='lat' dir='ltr'>erectiou</span> <span class='ocrx_word' id='word_1_299' title='bbox 1145 4105 1173 4156; x_wconf 82' lang='lat' dir='ltr'>oi</span> <span class='ocrx_word' id='word_1_300' title='bbox 1187 4103 1214 4155; x_wconf 88' lang='lat' dir='ltr'>S.</span> <span class='ocrx_word' id='word_1_301' title='bbox 1231 4102 1322 4168; x_wconf 82' lang='lat' dir='ltr'>Sophia</span> <span class='ocrx_word' id='word_1_302' title='bbox 1339 4099 1389 4152; x_wconf 80' lang='lat'>33⁰</span> 
     </span>
     <span class='ocr_line' id='line_1_31' title="bbox 133 4184 1393 4256; baseline -0.001 -19"><span class='ocrx_word' id='word_1_303' title='bbox 133 4188 209 4241; x_wconf 79' lang='lat' dir='ltr'>—53t</span> <span class='ocrx_word' id='word_1_304' title='bbox 242 4191 266 4242; x_wconf 76' lang='lat'>2.</span> <span class='ocrx_word' id='word_1_305' title='bbox 291 4192 363 4243; x_wconf 78' lang='lat' dir='ltr'>From</span> <span class='ocrx_word' id='word_1_306' title='bbox 389 4193 430 4242; x_wconf 87' lang='lat' dir='ltr'>the</span> <span class='ocrx_word' id='word_1_307' title='bbox 453 4192 559 4242; x_wconf 87' lang='lat' dir='ltr'>erection</span> <span class='ocrx_word' id='word_1_308' title='bbox 583 4191 610 4240; x_wconf 81' lang='lat' dir='ltr'>ot</span> <span class='ocrx_word' id='word_1_309' title='bbox 626 4192 651 4241; x_wconf 89' lang='lat' dir='ltr'>S.</span> <span class='ocrx_word' id='word_1_310' title='bbox 669 4191 760 4256; x_wconf 89' lang='lat' dir='ltr'>Sophia</span> <span class='ocrx_word' id='word_1_311' title='bbox 784 4199 809 4242; x_wconf 95' lang='lat' dir='ltr'>to</span> <span class='ocrx_word' id='word_1_312' title='bbox 832 4192 873 4243; x_wconf 86' lang='lat' dir='ltr'>the</span> <span class='ocrx_word' id='word_1_313' title='bbox 891 4198 1099 4242; x_wconf 84' lang='lat' dir='ltr'>commencement</span> <span class='ocrx_word' id='word_1_314' title='bbox 1122 4191 1150 4241; x_wconf 82' lang='lat' dir='ltr'>oi</span> <span class='ocrx_word' id='word_1_315' title='bbox 1165 4189 1205 4241; x_wconf 86' lang='lat' dir='ltr'>tbe</span> <span class='ocrx_word' id='word_1_316' title='bbox 1223 4184 1347 4239; x_wconf 88' lang='lat' dir='ltr'>eetbedrai</span> <span class='ocrx_word' id='word_1_317' title='bbox 1364 4185 1393 4236; x_wconf 82' lang='lat' dir='ltr'>ot</span> 
     </span>
     <span class='ocr_line' id='line_1_32' title="bbox 135 4266 1394 4327; baseline 0 -7"><span class='ocrx_word' id='word_1_318' title='bbox 135 4266 200 4323; x_wconf 79' lang='lat' dir='ltr'>tuuis</span> <span class='ocrx_word' id='word_1_319' title='bbox 216 4274 376 4326; x_wconf 76' lang='lat' dir='ltr'>eat-1003.</span> <span class='ocrx_word' id='word_1_320' title='bbox 412 4276 435 4326; x_wconf 83' lang='lat'>3.</span> <span class='ocrx_word' id='word_1_321' title='bbox 454 4277 525 4326; x_wconf 79' lang='lat' dir='ltr'>From</span> <span class='ocrx_word' id='word_1_322' title='bbox 544 4276 583 4325; x_wconf 87' lang='lat' dir='ltr'>the</span> <span class='ocrx_word' id='word_1_323' title='bbox 602 4282 810 4327; x_wconf 87' lang='lat' dir='ltr'>cummeucement</span> <span class='ocrx_word' id='word_1_324' title='bbox 826 4275 854 4326; x_wconf 81' lang='lat' dir='ltr'>oi</span> <span class='ocrx_word' id='word_1_325' title='bbox 869 4275 909 4326; x_wconf 90' lang='lat' dir='ltr'>the</span> <span class='ocrx_word' id='word_1_326' title='bbox 926 4274 1048 4327; x_wconf 86' lang='lat' dir='ltr'>cathedral</span> <span class='ocrx_word' id='word_1_327' title='bbox 1067 4275 1094 4327; x_wconf 85' lang='lat' dir='ltr'>oi</span> <span class='ocrx_word' id='word_1_328' title='bbox 1104 4276 1186 4326; x_wconf 83' lang='lat' dir='ltr'>Cutaia</span> <span class='ocrx_word' id='word_1_329' title='bbox 1204 4279 1228 4323; x_wconf 94' lang='lat' dir='ltr'>to</span> <span class='ocrx_word' id='word_1_330' title='bbox 1245 4272 1287 4323; x_wconf 90' lang='lat' dir='ltr'>the</span> <span class='ocrx_word' id='word_1_331' title='bbox 1303 4268 1347 4320; x_wconf 81' lang='lat' dir='ltr'>isli</span> <span class='ocrx_word' id='word_1_332' title='bbox 1365 4269 1394 4320; x_wconf 84' lang='lat' dir='ltr'>oi</span> 
     </span>
     <span class='ocr_line' id='line_1_33' title="bbox 134 4349 1390 4425; baseline -0.004 -15"><span class='ocrx_word' id='word_1_333' title='bbox 134 4349 315 4425; x_wconf 70' lang='lat' dir='ltr'>C(testantiuople</span> <span class='ocrx_word' id='word_1_334' title='bbox 328 4358 502 4411; x_wconf 78' lang='lat' dir='ltr'>tuoe-1453.</span> <span class='ocrx_word' id='word_1_335' title='bbox 520 4359 546 4409; x_wconf 79' lang='lat' dir='ltr'>d.</span> <span class='ocrx_word' id='word_1_336' title='bbox 560 4360 632 4409; x_wconf 84' lang='lat' dir='ltr'>From</span> <span class='ocrx_word' id='word_1_337' title='bbox 650 4358 691 4409; x_wconf 92' lang='lat' dir='ltr'>tbe</span> <span class='ocrx_word' id='word_1_338' title='bbox 708 4360 751 4411; x_wconf 86' lang='lat' dir='ltr'>tell</span> <span class='ocrx_word' id='word_1_339' title='bbox 769 4361 796 4411; x_wconf 85' lang='lat' dir='ltr'>oi</span> <span class='ocrx_word' id='word_1_340' title='bbox 804 4358 1036 4424; x_wconf 75' lang='lat' dir='ltr'>Constantinopieto</span> <span class='ocrx_word' id='word_1_341' title='bbox 1047 4357 1086 4406; x_wconf 88' lang='lat' dir='ltr'>tbe</span> <span class='ocrx_word' id='word_1_342' title='bbox 1104 4365 1203 4421; x_wconf 87' lang='lat' dir='ltr'>present</span> <span class='ocrx_word' id='word_1_343' title='bbox 1221 4357 1278 4408; x_wconf 89' lang='lat' dir='ltr'>time</span> <span class='ocrx_word' id='word_1_344' title='bbox 1291 4354 1390 4406; x_wconf 78' lang='lat'>145³-</span> 
     </span>
     <span class='ocr_line' id='line_1_34' title="bbox 137 4431 1391 4512; baseline 0 -17"><span class='ocrx_word' id='word_1_345' title='bbox 137 4431 210 4493; x_wconf 61' lang='lat' dir='ltr'>¹⁸49t¹</span> <span class='ocrx_word' id='word_1_346' title='bbox 242 4443 302 4498; x_wconf 78' lang='lat' dir='ltr'>hit</span> <span class='ocrx_word' id='word_1_347' title='bbox 321 4445 370 4497; x_wconf 84' lang='lat' dir='ltr'>ber</span> <span class='ocrx_word' id='word_1_348' title='bbox 387 4444 531 4496; x_wconf 81' lang='lat' dir='ltr'>christliche</span> <span class='ocrx_word' id='word_1_349' title='bbox 550 4442 643 4496; x_wconf 81' lang='lat' dir='ltr'>cuitus.</span> <span class='ocrx_word' id='word_1_350' title='bbox 660 4444 704 4495; x_wconf 79' lang='lat' dir='ltr'>Ed.</span> <span class='ocrx_word' id='word_1_351' title='bbox 715 4442 740 4495; x_wconf 83' lang='grc'>2.</span> <span class='ocrx_word' id='word_1_352' title='bbox 758 4460 783 4509; x_wconf 91' lang='lat' dir='ltr'>p.</span> <span class='ocrx_word' id='word_1_353' title='bbox 793 4442 827 4495; x_wconf 78' lang='grc'>46</span> <span class='ocrx_word' id='word_1_354' title='bbox 835 4456 889 4512; x_wconf 78' lang='lat' dir='ltr'>etp:</span> <span class='ocrx_word' id='word_1_355' title='bbox 906 4441 1002 4509; x_wconf 86' lang='lat' dir='ltr'>„Weuu</span> <span class='ocrx_word' id='word_1_356' title='bbox 1018 4441 1065 4493; x_wconf 86' lang='lat' dir='ltr'>ecit</span> <span class='ocrx_word' id='word_1_357' title='bbox 1083 4441 1224 4495; x_wconf 79' lang='lat' dir='ltr'>coustantio</span> <span class='ocrx_word' id='word_1_358' title='bbox 1241 4439 1391 4504; x_wconf 75' lang='lat' dir='ltr'>distempei</span> 
     </span>
    </p>
   </div>
   <div class='ocr_carea' id='block_1_7' title="bbox 0 0 1526 4912">
    <p class='ocr_par' dir='ltr' id='par_1_8' title="bbox 0 0 1526 4912">
     <span class='ocr_line' id='line_1_35' title="bbox 0 0 1526 4912; baseline 0 0"><span class='ocrx_word' id='word_1_359' title='bbox 0 0 1526 4912; x_wconf 95' lang='lat' dir='ltr'> </span> 
     </span>
    </p>
   </div>
  </div>
 </body>
</html>
