3044 4912
665 233 741 313 535

145 520 199 597 Ἡ
225 516 379 618 μόνη
338 517 452 647 αμνή
482 518 546 595 καὶ
533 411 1025 619 άχθόόόόόιόνπαρθενοςή
1054 520 1147 596 θεὸν
1172 518 1343 621 ἅσπόρισς
1381 490 1384 495 .

105 622 305 723 ήσασα,π
279 621 457 722 πρέσβεσι
482 628 551 697 τοῦ
578 624 752 718 σωθῆναι
777 621 847 720 τὴν
871 620 999 720 ψυχήν
1024 623 1155 700 αὐτοῦ.

616 766 824 902 Ὁῖιρεύς.

145 873 362 974 Ἕλεησον
339 902 439 971 ημας
463 904 484 948 ο
513 872 600 957 Θεὸς
624 875 721 950 κατά
744 874 789 950 τὸ
813 875 910 978 μέγα
935 872 1032 962 ἔλεός
1058 901 1144 952 σου·
1176 872 1344 971 δεόμεθά

105 1008 155 1070 ια,
181 976 390 1054 ἐπάκουσον
413 974 478 1052 καὶ
502 975 662 1072 ἐλέησον.

145 1099 224 1172 Ἔτι
256 1092 478 1190 διόμεθα“
456 1092 548 1187 νπὲρ
575 1089 822 1179 ἀναπαύσεως
845 1102 910 1193 τῆς
933 1103 1057 1194 ψυχῆς
1080 1103 1149 1173 τοῦ
1173 1124 1344 1194 κεκοιμη-
1386 1078 1393 1097 ’

105 1200 188 1276 ἔνου
213 1194 351 1274 δούλου
376 1205 444 1270 τοῦ
473 1200 579 1284 Θεοῦ,
604 1194 728 1285 τοῦδε,
753 1196 817 1270 καὶ
840 1196 942 1327 ὑπὲρ
959 1205 1029 1273 τοῦ
1049 1200 1344 1325 συγχωρηθῆναι

105 1302 176 1399 ’νεῷ
202 1307 280 1374 πᾶν
303 1297 547 1426 πλημμέλημα
574 1294 745 1374 ἑκούσιόν
767 1327 808 1372 τε
832 1299 896 1374 καλ
922 1297 1119 1390 ἀκούσιον,
1154 1298 1323 1384 όπωςκυ

105 1433 149 1487 ος
174 1432 195 1476 ο
180 1400 302 1484 θεὸς
327 1397 417 1496 τάξῃ
443 1400 512 1495 τὴν
536 1399 664 1496 ψυχήν
690 1399 820 1529 ριδτοῦ,
847 1403 944 1477 ἔνθα
964 1431 997 1476 οι
988 1401 1192 1477 ‘dimoc'
1172 1398 1345 1478 αναπαύ·
1465 1470 1487 1497 ρ

105 1533 189 1578 ται.
246 1501 300 1578 Τὰ
327 1503 404 1598 ε’λὲη
428 1508 497 1575 τοῦ
526 1507 632 1590 θεοῦ,
660 1500 729 1600 τήν
753 1502 950 1598 βασιλείαν
974 1510 1054 1599 τῶν
1079 1503 1255 1601 οὐρανῶν
1279 1503 1343 1578 καὶ

105 1629 209 1702 ρεσιν
241 1612 317 1678 τῶν
350 1605 487 1678 ἑαυτοῦ
519 1601 716 1698 ἁμαρτιῶν
747 1604 849 1699 παρὰ
881 1611 1036 1704 Χριστῷ
1070 1614 1124 1704 τῷ
1158 1603 1343 1707 ἀθανάτῳ

105 1711 219 1782 τσιλεῖ
241 1705 304 1780 καὶ
333 1703 457 1802 Θεῷ*
435 1711 545 1801 ημῶν
570 1700 824 1801 αἰτησαίμεθα.

465 1895 540 1965 Τοῦ
572 1887 716 1988 Κυρίου
751 1887 961 1986 δεηθῶμεν.

149 2024 195 2103 0
223 2024 309 2109 θεὸς
335 2032 414 2100 τῶν
438 2021 664 2119 πνευμάτων
695 2022 760 2099 καὶ
798 2020 918 2121 πάσης
943 2022 1146 2121 σαρκδς,“
1128 2024 1242 2101 στὸν
1266 2022 1344 2099 θά-

105 2154 190 2201 ιτον
221 2122 494 2222 καταπατήσας,
527 2125 595 2201 τὸν
620 2125 662 2201 δὲ
688 2123 870 2223 διάβολον
894 2123 1130 2256 καταργήσας
1155 2154 1218 2200 και
1207 2126 1344 2257 ζωήν

105 2225 282 2326 ρκόσμῳ
307 2255 377 2302 σου
403 2225 678 2325 δωρησάμενος,
715 2227 839 2317 αὐτὸς,
866 2225 992 2326 Κύριε,
1027 2225 1315 2357 ἀνάπαρσον
1273 2256 1344 2326 την

105 2329 200 2455 υχήν
231 2336 299 2405 τοῦ
330 2330 596 2425 κεκωμημένου
629 2328 768 2405 δούλου
793 2353 876 2419 σου,
909 2328 1033 2418 τοῦδε,
1068 2333 1109 2405 ἐν
1132 2327 1237 2428 τόπῳ
1262 2356 1344 2426 ψω-

105 2460 195 2529 ινῳ,
228 2434 270 2506 ἐν
302 2427 403 2528 τόπῳ
426 2439 656 2528 χλοερῷ,ν
614 2432 656 2506 ἐν
680 2429 783 2528 τόπῳ
810 2429 1041 2561 άνριψύξεως,
1075 2433 1173 2508 ἔνθα
1200 2430 1344 2529 ἀπέδρα

105 2534 204 2629 δύνη,
238 2530 333 2628 λύπη
365 2533 428 2606 καὶ
461 2530 676 2662 στεναγμός.
728 2532 877 2608 Πᾶν’
855 2531 1057 2630 αμάρτημα
1082 2533 1126 2608 τὸ
1151 2534 1240 2631 παρ’
1272 2532 1345 2609 οὐ·

105 2643 141 2711 ιῦ
177 2634 410 2731 πραχθὲν,
395 2663 436 2710 εν
468 2631 567 2736 λόγῳ
599 2633 668 2731 ἢ
655 2661 752 2736 ερψρι
785 2633 996 2764 ἢδιανοίρι,
1032 2635 1083 2721 τός
1108 2635 1133 2711 5
1158 2635 1260 2719 σθὸς
1281 2632 1345 2711 καὶ

105 2733 344 2835 ιλάνθρωπος
360 2735 447 2820 Θεὸς
472 2733 729 2865 συγχώρησον,
757 2736 880 2813 ότι
840 2766 909 2813 ουκ
934 2739 1035 2815 ἔστιν
1060 2662 1323 2836 άνιύρωπος,“
1304 2736 1345 2821 ὃς

105 2837 220 2937 ήσεται
244 2838 307 2914 καὶ
334 2840 403 2935 οὐχ
429 2837 643 2966 ἁμαρτήσει.
695 2838 760 2914 Σὺ
783 2837 857 2941 γάρ
883 2835 998 2935 μόνος
1022 2837 1169 2925 ἐκτὸς
1147 2838 1344 2966 αμαρτίας,

120 2939 339 3069 δικαιοσύνη
365 2966 433 3017 σου
459 2937 677 3035 δικαιοσύνη
702 2944 753 3023 ελς
777 2940 844 3017 τόν
871 2947 992 3015 αἰῶνα
1016 2940 1080 3015 καὶ
1106 2939 1126 3014 5
1150 2938 1258 3040 λόγος
1273 2964 1344 3019 σου

105 3037 244 3169 λήθεια.
286 3041 369 3118 Ότι
403 3042 451 3119 σὺ
483 3042 558 3118 εἱ“
539 3073 563 3140 η
589 3039 806 3131 ἀνάστασις,
839 3039 862 3136 ή
890 3041 964 3137 ζωὴ
996 3042 1061 3115 καὶ
1084 3072 1108 3136 η
1095 3039 1345 3125 ἀνάπαυσις

105 3152 141 3220 >5
175 3143 441 3273 κεκοιμημένον
474 3142 613 3219 δούλου
639 3166 721 3230 σου,
746 3141 870 3230 τοῦδε,
896 3141 1080 3235 ΧριστεΗ
1062 3172 1082 3217 ο
1112 3139 1244 3227 θεδς“
1223 3150 1342 3238 ημῶν.

105 3246 149 3321 αὶ
169 3245 229 3320 σοὶ
246 3245 315 3342 τήν
341 3242 501 3330 δόξαν’
482 3251 760 3341 αναπέμπομεν,
789 3243 861 3372 ρὺν
885 3271 939 3340 τῳ
924 3239 1112 3343 ἇνάρχρι
1131 3267 1201 3318 σου
1218 3243 1343 3339 πατρὶ,

105 3346 137 3420 ιιὶ
168 3354 223 3445 τῷ
224 3350 442 3476 παναμίψ,
474 3347 537 3420 καὶ
569 3346 710 3476 ρἰγαθιῦ
742 3344 806 3420 καὶ
840 3343 1008 3443 ζωοποιιρ
1043 3372 1112 3421 σου
1147 3340 1343 3445 πνεύματι,

105 3456 149 3528 ῦν
173 3447 236 3524 καὶ
262 3448 331 3538 ἀεὶ,
360 3449 424 3523 καὶ
449 3452 500 3532 ελς
523 3447 609 3531 τοὺς
629 3453 777 3537 αἰῶνας
801 3455 880 3522 τῶν
906 3445 1067 3524 αλιόνων.
1113 3445 1243 3544 Ἀμήν.

123 3565 270 3652 Δόξα.
323 3568 397 3641 Καὶ
420 3574 504 3642 νῦν.
555 3565 630 3639 Καὶ
656 3562 844 3650 ἀπόλυσις.

578 3735 608 3799 λι.
651 3737 842 3802 Ecclesia.

159 3869 230 3937 Καὶ
251 3865 282 3936 εἰ
302 3867 363 3952 μὲν
384 3863 503 3952 ἕτοιμά
524 3862 656 3935 ἐστιν”
635 3890 770 3934 απαντα
789 3866 832 3935 τὰ
852 3872 913 3935 ιοῦ
934 3861 1076 3946 ἐξοδίοο,
1099 3858 1229 3949 εύλογεῖ
1242 3853 1346 3944 οόθις
1379 3934 1383 3942 ,

122 3968 238 4059 ἱερεύς.
280 3968 350 4037 Καὶ
378 3964 438 4055 άρχ
440 3965 552 4054 όμιθα
580 3965 723 4055 ψάλλειν
743 3966 782 4036 τὸ
811 3951 958 4092 57503‘
941 3982 961 4027 ο
990 3951 1089 4039 θεὸς,
1120 3961 1207 4050 μετὰ
1234 3960 1344 4088 φόβρυ

105 4073 132 4142 οἱ
158 4071 270 4162 πάσης
296 4067 512 4150 κατανύξεως.
554 4061 676 4136 Κοί”
654 4093 791 4156 αραντες
810 4069 850 4137 τὸ
872 4065 1033 4151 λείψανον
1055 4062 1327 4188 άπερχήμεθα’
1296 4090 1345 4145 εις

105 4186 132 4242 ἰν
152 4173 242 4253 ναόν,
269 4170 572 4260 προπορευομένων
593 4177 658 4237 τῶν
680 4167 794 4256 ἱερέων
814 4171 899 4255 μετὰ
921 4164 1107 4253 λαμπάδων
1121 4166 1178 4235 καὶ
1192 4190 1252 4233 του
1237 4166 1345 4232 δια·

105 4300 172 4344 ινοο
197 4274 281 4361 μετὰ
308 4276 489 4358 θομιατοῢ.
524 4270 629 4340 Ὅταν
652 4270 689 4338 55
710 4268 856 4339 ἔλθωσιν
878 4269 912 4338 ἐν
930 4274 1013 4381 ναῷ,
1042 4268 1081 4335 τὸ
1102 4268 1163 4353 μὲν
1184 4262 1346 4357 λείψανον

105 4374 325 4491 σρτόθεταιέ
294 4379 412 4490 ντῷ
432 4370 586 4465 νάρθηκι.
629 4365 744 4439 Καὶ”
722 4393 892 4459 αρχονται·
925 4355 1155 4431 ὃκαῖθίκων
1187 4357 1229 4430 όν
1251 4352 1345 4457 βοη-

105 4463 166 4565 τάρι
190 4471 259 4538 τοῦ
282 4460 456 4563 ὑψίστου
501 4475 573 4547 Καὶ
591 4474 677 4563 μετὰ
697 4480 807 4556 τοῦτο,
826 4471 1030 4564 γεγωνοτέρᾳ
1051 4475 1157 4563 φωνῇ.
