<?xml version="1.0" encoding="UTF-8"?>
<!DOCTYPE html PUBLIC "-//W3C//DTD XHTML 1.0 Transitional//EN"
    "http://www.w3.org/TR/xhtml1/DTD/xhtml1-transitional.dtd">
<html xmlns="http://www.w3.org/1999/xhtml" xml:lang="en" lang="en">
 <head>
  <title>
</title>
<meta http-equiv="Content-Type" content="text/html;charset=utf-8" />
  <meta name='ocr-system' content='tesseract 3.04.00' />
  <meta name='ocr-capabilities' content='ocr_page ocr_carea ocr_par ocr_line ocrx_word'/>
</head>
<body>
  <div class='ocr_page' id='page_1' title='image "./codexliturgicus05danigoog_0198.png"; bbox 0 0 3044 4912; ppageno 0'>
   <div class='ocr_carea' id='block_1_1' title="bbox 734 180 805 306">
    <p class='ocr_par' dir='ltr' id='par_1_1' title="bbox 734 180 805 306">
     <span class='ocr_line' id='line_1_1' title="bbox 734 180 805 306; baseline 0.014 -1"><span class='ocrx_word' id='word_1_1' title='bbox 734 180 805 306; x_wconf 77' lang='lat' dir='ltr'>iar</span> 
     </span>
    </p>
   </div>
   <div class='ocr_carea' id='block_1_2' title="bbox 94 380 1408 621">
    <p class='ocr_par' dir='ltr' id='par_1_2' title="bbox 94 380 1408 621">
     <span class='ocr_line' id='line_1_2' title="bbox 95 380 1408 516; baseline 0.013 -33"><span class='ocrx_word' id='word_1_2' title='bbox 95 442 103 459; x_wconf 85' lang='lat'>·</span> <span class='ocrx_word' id='word_1_3' title='bbox 149 411 253 484; x_wconf 79' lang='lat' dir='ltr'>trihus</span> <span class='ocrx_word' id='word_1_4' title='bbox 279 423 400 506; x_wconf 87' lang='lat' dir='ltr'>terrae,</span> <span class='ocrx_word' id='word_1_5' title='bbox 429 425 463 487; x_wconf 90' lang='lat' dir='ltr'>et</span> <span class='ocrx_word' id='word_1_6' title='bbox 489 415 614 512; x_wconf 89' lang='lat' dir='ltr'>dissipa</span> <span class='ocrx_word' id='word_1_7' title='bbox 641 429 761 511; x_wconf 84' lang='lat' dir='ltr'>gentes</span> <span class='ocrx_word' id='word_1_8' title='bbox 786 443 870 516; x_wconf 91' lang='lat' dir='ltr'>quae</span> <span class='ocrx_word' id='word_1_9' title='bbox 887 418 974 493; x_wconf 83' lang='lat' dir='ltr'>bella</span> <span class='ocrx_word' id='word_1_10' title='bbox 990 422 1122 495; x_wconf 84' lang='lat' dir='ltr'>volunt:</span> <span class='ocrx_word' id='word_1_11' title='bbox 1150 435 1187 497; x_wconf 93' lang='lat' dir='ltr'>ut</span> <span class='ocrx_word' id='word_1_12' title='bbox 1205 380 1408 500; x_wconf 85' lang='lat' dir='ltr'>habitatione</span> 
     </span>
     <span class='ocr_line' id='line_1_3' title="bbox 94 514 1407 621; baseline 0.014 -37"><span class='ocrx_word' id='word_1_13' title='bbox 94 543 98 583; x_wconf 94' lang='grc'>.·</span> <span class='ocrx_word' id='word_1_14' title='bbox 148 514 303 610; x_wconf 80' lang='lat' dir='ltr'>tranqmlle</span> <span class='ocrx_word' id='word_1_15' title='bbox 339 527 374 587; x_wconf 93' lang='lat' dir='ltr'>et</span> <span class='ocrx_word' id='word_1_16' title='bbox 404 517 541 612; x_wconf 86' lang='lat' dir='ltr'>pacifica</span> <span class='ocrx_word' id='word_1_17' title='bbox 574 519 735 612; x_wconf 80' lang='lat' dir='ltr'>fruamur,</span> <span class='ocrx_word' id='word_1_18' title='bbox 770 521 804 592; x_wconf 91' lang='lat' dir='ltr'>in</span> <span class='ocrx_word' id='word_1_19' title='bbox 839 523 929 594; x_wconf 86' lang='lat' dir='ltr'>omni</span> <span class='ocrx_word' id='word_1_20' title='bbox 965 524 1193 621; x_wconf 76' lang='lat' dir='ltr'><strong>temperantia,</strong></span> <span class='ocrx_word' id='word_1_21' title='bbox 1229 539 1263 600; x_wconf 90' lang='lat' dir='ltr'>et</span> <span class='ocrx_word' id='word_1_22' title='bbox 1287 531 1407 602; x_wconf 87' lang='lat' dir='ltr'>timore</span> 
     </span>
    </p>
   </div>
   <div class='ocr_carea' id='block_1_3' title="bbox 93 615 1408 823">
    <p class='ocr_par' dir='ltr' id='par_1_3' title="bbox 93 615 1408 823">
     <span class='ocr_line' id='line_1_4' title="bbox 145 615 1408 722; baseline 0.013 -36"><span class='ocrx_word' id='word_1_23' title='bbox 145 615 203 686; x_wconf 85' lang='lat' dir='ltr'>liei.</span> <span class='ocrx_word' id='word_1_24' title='bbox 252 616 356 688; x_wconf 87' lang='lat' dir='ltr'>Parce</span> <span class='ocrx_word' id='word_1_25' title='bbox 384 617 513 692; x_wconf 89' lang='lat' dir='ltr'>delictis</span> <span class='ocrx_word' id='word_1_26' title='bbox 540 630 575 691; x_wconf 89' lang='lat' dir='ltr'>et</span> <span class='ocrx_word' id='word_1_27' title='bbox 599 624 744 716; x_wconf 82' lang='lat' dir='ltr'>peccetis</span> <span class='ocrx_word' id='word_1_28' title='bbox 770 622 1003 696; x_wconf 81' lang='lat' dir='ltr'>detunctorum</span> <span class='ocrx_word' id='word_1_29' title='bbox 1034 630 1260 722; x_wconf 88' lang='lat' dir='ltr'>pergratiam</span> <span class='ocrx_word' id='word_1_30' title='bbox 1287 642 1320 702; x_wconf 93' lang='lat' dir='ltr'>et</span> <span class='ocrx_word' id='word_1_31' title='bbox 1346 632 1408 704; x_wconf 90' lang='lat' dir='ltr'>mi·</span> 
     </span>
     <span class='ocr_line' id='line_1_5' title="bbox 93 718 649 823; baseline 0.009 -34"><span class='ocrx_word' id='word_1_32' title='bbox 93 816 95 823; x_wconf 28' lang='grc' dir='ltr'>Ι</span> <span class='ocrx_word' id='word_1_33' title='bbox 144 718 313 791; x_wconf 82' lang='lat' dir='ltr'>curationes</span> <span class='ocrx_word' id='word_1_34' title='bbox 343 730 417 792; x_wconf 85' lang='lat' dir='ltr'>luas</span> <span class='ocrx_word' id='word_1_35' title='bbox 444 721 479 791; x_wconf 93' lang='lat' dir='ltr'>iu</span> <span class='ocrx_word' id='word_1_36' title='bbox 507 721 649 794; x_wconf 82' lang='lat' dir='ltr'>saecula.</span> 
     </span>
    </p>
   </div>
   <div class='ocr_carea' id='block_1_4' title="bbox 123 819 1471 1835">
    <p class='ocr_par' dir='ltr' id='par_1_4' title="bbox 130 819 1471 1428">
     <span class='ocr_line' id='line_1_6' title="bbox 203 819 1405 919; baseline 0.015 -29"><span class='ocrx_word' id='word_1_37' title='bbox 203 819 248 891; x_wconf 79' lang='lat' dir='ltr'>ni</span> <span class='ocrx_word' id='word_1_38' title='bbox 282 821 328 892; x_wconf 84' lang='lat' dir='ltr'>acl</span> <span class='ocrx_word' id='word_1_39' title='bbox 360 821 438 893; x_wconf 85' lang='lat' dir='ltr'>illue</span> <span class='ocrx_word' id='word_1_40' title='bbox 473 823 531 919; x_wconf 82' lang='lat' dir='ltr'>qni</span> <span class='ocrx_word' id='word_1_41' title='bbox 565 833 643 895; x_wconf 84' lang='lat' dir='ltr'>scot</span> <span class='ocrx_word' id='word_1_42' title='bbox 678 824 771 896; x_wconf 86' lang='lat' dir='ltr'>circe</span> <span class='ocrx_word' id='word_1_43' title='bbox 795 824 906 897; x_wconf 85' lang='lat' dir='ltr'>ultore</span> <span class='ocrx_word' id='word_1_44' title='bbox 932 827 1025 899; x_wconf 83' lang='lat' dir='ltr'>dicit.</span> <span class='ocrx_word' id='word_1_45' title='bbox 1078 829 1226 903; x_wconf 86' lang='lat' dir='ltr'>Benedic</span> <span class='ocrx_word' id='word_1_46' title='bbox 1252 832 1405 908; x_wconf 84' lang='lat' dir='ltr'><strong>Domine.</strong></span> 
     </span>
     <span class='ocr_line' id='line_1_7' title="bbox 138 921 1471 1032; baseline 0.013 -40"><span class='ocrx_word' id='word_1_47' title='bbox 138 921 275 994; x_wconf 62' lang='lat' dir='ltr'>haedis</span> <span class='ocrx_word' id='word_1_48' title='bbox 300 922 453 995; x_wconf 87' lang='lat' dir='ltr'><strong>Domine.</strong></span> <span class='ocrx_word' id='word_1_49' title='bbox 492 923 700 1021; x_wconf 82' lang='lat' dir='ltr'>imponitque</span> <span class='ocrx_word' id='word_1_50' title='bbox 725 926 906 1013; x_wconf 81' lang='lat' dir='ltr'>incensum,</span> <span class='ocrx_word' id='word_1_51' title='bbox 933 954 998 1025; x_wconf 84' lang='lat' dir='ltr'>que</span> <span class='ocrx_word' id='word_1_52' title='bbox 1023 948 1061 1002; x_wconf 82' lang='lat' dir='ltr'>ae</span> <span class='ocrx_word' id='word_1_53' title='bbox 1086 932 1196 1027; x_wconf 80' lang='lat' dir='ltr'>ipsum</span> <span class='ocrx_word' id='word_1_54' title='bbox 1216 937 1406 1032; x_wconf 76' lang='lat' dir='ltr'>persuadit,</span> <span class='ocrx_word' id='word_1_55' title='bbox 1469 1022 1471 1027; x_wconf 38' lang='lat'><strong><em>‚</em></strong></span> 
     </span>
     <span class='ocr_line' id='line_1_8' title="bbox 137 1024 1406 1122; baseline 0.013 -27"><span class='ocrx_word' id='word_1_56' title='bbox 137 1034 164 1095; x_wconf 87' lang='lat' dir='ltr'>et</span> <span class='ocrx_word' id='word_1_57' title='bbox 192 1024 286 1095; x_wconf 73' lang='lat' dir='ltr'>dicit</span> <span class='ocrx_word' id='word_1_58' title='bbox 340 1024 483 1097; x_wconf 84' lang='lat' dir='ltr'>Suevem</span> <span class='ocrx_word' id='word_1_59' title='bbox 517 1024 571 1098; x_wconf 87' lang='lat' dir='ltr'>fac</span> <span class='ocrx_word' id='word_1_60' title='bbox 595 1026 738 1099; x_wconf 87' lang='lat' dir='ltr'>Domine</span> <span class='ocrx_word' id='word_1_61' title='bbox 765 1028 856 1101; x_wconf 87' lang='lat' dir='ltr'>Dens</span> <span class='ocrx_word' id='word_1_62' title='bbox 890 1041 1016 1122; x_wconf 86' lang='lat' dir='ltr'>noster,</span> <span class='ocrx_word' id='word_1_63' title='bbox 1051 1033 1188 1106; x_wconf 89' lang='lat' dir='ltr'>odorem</span> <span class='ocrx_word' id='word_1_64' title='bbox 1223 1035 1406 1111; x_wconf 89' lang='lat' dir='ltr'>ineundum</span> 
     </span>
     <span class='ocr_line' id='line_1_9' title="bbox 135 1126 1406 1233; baseline 0.011 -37"><span class='ocrx_word' id='word_1_65' title='bbox 135 1126 313 1198; x_wconf 89' lang='lat' dir='ltr'>animarum</span> <span class='ocrx_word' id='word_1_66' title='bbox 346 1138 549 1218; x_wconf 89' lang='lat' dir='ltr'>nostrerum,</span> <span class='ocrx_word' id='word_1_67' title='bbox 584 1151 644 1224; x_wconf 90' lang='lat' dir='ltr'>per</span> <span class='ocrx_word' id='word_1_68' title='bbox 669 1129 864 1202; x_wconf 82' lang='lat' dir='ltr'>suavitatem</span> <span class='ocrx_word' id='word_1_69' title='bbox 892 1132 1038 1204; x_wconf 89' lang='lat' dir='ltr'>caritatis</span> <span class='ocrx_word' id='word_1_70' title='bbox 1065 1144 1153 1226; x_wconf 89' lang='lat' dir='ltr'>tuae,</span> <span class='ocrx_word' id='word_1_71' title='bbox 1186 1146 1221 1206; x_wconf 90' lang='lat' dir='ltr'>et</span> <span class='ocrx_word' id='word_1_72' title='bbox 1246 1161 1306 1233; x_wconf 90' lang='lat' dir='ltr'>per</span> <span class='ocrx_word' id='word_1_73' title='bbox 1332 1162 1406 1211; x_wconf 87' lang='lat' dir='ltr'>eam</span> 
     </span>
     <span class='ocr_line' id='line_1_10' title="bbox 132 1227 1406 1333; baseline 0.011 -35"><span class='ocrx_word' id='word_1_74' title='bbox 132 1227 248 1299; x_wconf 90' lang='lat' dir='ltr'>munda</span> <span class='ocrx_word' id='word_1_75' title='bbox 283 1251 337 1300; x_wconf 90' lang='lat' dir='ltr'>me</span> <span class='ocrx_word' id='word_1_76' title='bbox 372 1252 390 1300; x_wconf 90' lang='lat' dir='ltr'>a</span> <span class='ocrx_word' id='word_1_77' title='bbox 424 1229 563 1301; x_wconf 83' lang='lat' dir='ltr'>nreeulis</span> <span class='ocrx_word' id='word_1_78' title='bbox 597 1235 736 1326; x_wconf 86' lang='lat' dir='ltr'>peceati,</span> <span class='ocrx_word' id='word_1_79' title='bbox 770 1243 803 1303; x_wconf 87' lang='lat' dir='ltr'>et</span> <span class='ocrx_word' id='word_1_80' title='bbox 829 1255 928 1327; x_wconf 87' lang='lat' dir='ltr'>parce</span> <span class='ocrx_word' id='word_1_81' title='bbox 954 1233 1037 1306; x_wconf 92' lang='lat' dir='ltr'>mihi</span> <span class='ocrx_word' id='word_1_82' title='bbox 1066 1236 1185 1309; x_wconf 88' lang='lat' dir='ltr'>delicta</span> <span class='ocrx_word' id='word_1_83' title='bbox 1211 1249 1246 1309; x_wconf 91' lang='lat' dir='ltr'>et</span> <span class='ocrx_word' id='word_1_84' title='bbox 1270 1250 1406 1333; x_wconf 82' lang='lat' dir='ltr'>peecata</span> 
     </span>
     <span class='ocr_line' id='line_1_11' title="bbox 130 1331 921 1428; baseline 0.008 -28"><span class='ocrx_word' id='word_1_85' title='bbox 130 1352 210 1421; x_wconf 89' lang='lat' dir='ltr'>area,</span> <span class='ocrx_word' id='word_1_86' title='bbox 238 1341 305 1402; x_wconf 89' lang='lat' dir='ltr'>tarn</span> <span class='ocrx_word' id='word_1_87' title='bbox 332 1354 417 1427; x_wconf 80' lang='lat' dir='ltr'>qnae</span> <span class='ocrx_word' id='word_1_88' title='bbox 444 1331 526 1423; x_wconf 89' lang='lat' dir='ltr'>scio,</span> <span class='ocrx_word' id='word_1_89' title='bbox 554 1355 653 1427; x_wconf 86' lang='lat' dir='ltr'>quem</span> <span class='ocrx_word' id='word_1_90' title='bbox 679 1356 764 1428; x_wconf 90' lang='lat' dir='ltr'>quae</span> <span class='ocrx_word' id='word_1_91' title='bbox 791 1334 921 1426; x_wconf 88' lang='lat' dir='ltr'>ignoro.</span> 
     </span>
    </p>

    <p class='ocr_par' dir='ltr' id='par_1_5' title="bbox 123 1430 1404 1835">
     <span class='ocr_line' id='line_1_12' title="bbox 200 1430 1404 1538; baseline 0.009 -35"><span class='ocrx_word' id='word_1_92' title='bbox 200 1430 329 1503; x_wconf 80' lang='lat' dir='ltr'>Iterum</span> <span class='ocrx_word' id='word_1_93' title='bbox 363 1432 485 1528; x_wconf 83' lang='lat' dir='ltr'>accipit</span> <span class='ocrx_word' id='word_1_94' title='bbox 511 1433 682 1505; x_wconf 81' lang='lat' dir='ltr'>incensam</span> <span class='ocrx_word' id='word_1_95' title='bbox 709 1434 867 1507; x_wconf 83' lang='lat' dir='ltr'>ambabus</span> <span class='ocrx_word' id='word_1_96' title='bbox 893 1437 1056 1523; x_wconf 82' lang='lat' dir='ltr'>munibus,</span> <span class='ocrx_word' id='word_1_97' title='bbox 1093 1446 1125 1510; x_wconf 87' lang='lat' dir='ltr'>et</span> <span class='ocrx_word' id='word_1_98' title='bbox 1151 1439 1302 1513; x_wconf 79' lang='lat' dir='ltr'>incensat</span> <span class='ocrx_word' id='word_1_99' title='bbox 1328 1467 1404 1538; x_wconf 75' lang='lat' dir='ltr'>mg-</span> 
     </span>
     <span class='ocr_line' id='line_1_13' title="bbox 128 1533 1404 1636; baseline 0.01 -34"><span class='ocrx_word' id='word_1_100' title='bbox 128 1533 250 1605; x_wconf 84' lang='lat' dir='ltr'>rterr&#39;u:</span> <span class='ocrx_word' id='word_1_101' title='bbox 285 1556 363 1604; x_wconf 77' lang='lat' dir='ltr'>mon</span> <span class='ocrx_word' id='word_1_102' title='bbox 396 1533 488 1605; x_wconf 81' lang='lat' dir='ltr'>dicit.</span> <span class='ocrx_word' id='word_1_103' title='bbox 541 1534 723 1608; x_wconf 83' lang='lat' dir='ltr'><strong>Accessum</strong></span> <span class='ocrx_word' id='word_1_104' title='bbox 759 1535 815 1609; x_wconf 88' lang='lat' dir='ltr'>dat</span> <span class='ocrx_word' id='word_1_105' title='bbox 848 1535 946 1611; x_wconf 90' lang='lat' dir='ltr'>nohis</span> <span class='ocrx_word' id='word_1_106' title='bbox 974 1538 1148 1613; x_wconf 88' lang='lat' dir='ltr'>elementia</span> <span class='ocrx_word' id='word_1_107' title='bbox 1177 1543 1301 1636; x_wconf 86' lang='lat' dir='ltr'>gratiae</span> <span class='ocrx_word' id='word_1_108' title='bbox 1328 1554 1404 1615; x_wconf 87' lang='lat' dir='ltr'>tuae</span> 
     </span>
     <span class='ocr_line' id='line_1_14' title="bbox 124 1631 1403 1737; baseline 0.01 -32"><span class='ocrx_word' id='word_1_109' title='bbox 124 1631 267 1707; x_wconf 82' lang='lat' dir='ltr'>Domine</span> <span class='ocrx_word' id='word_1_110' title='bbox 294 1646 328 1706; x_wconf 93' lang='lat' dir='ltr'>et</span> <span class='ocrx_word' id='word_1_111' title='bbox 354 1634 445 1708; x_wconf 87' lang='lat' dir='ltr'>Deus</span> <span class='ocrx_word' id='word_1_112' title='bbox 471 1647 598 1728; x_wconf 89' lang='lat' dir='ltr'>noster,</span> <span class='ocrx_word' id='word_1_113' title='bbox 626 1637 667 1708; x_wconf 87' lang='lat' dir='ltr'>ad</span> <span class='ocrx_word' id='word_1_114' title='bbox 694 1637 850 1732; x_wconf 80' lang='lat' dir='ltr'>mysteria</span> <span class='ocrx_word' id='word_1_115' title='bbox 876 1639 961 1711; x_wconf 86' lang='lat' dir='ltr'>haec</span> <span class='ocrx_word' id='word_1_116' title='bbox 987 1643 1167 1736; x_wconf 84' lang='lat' dir='ltr'>praeclara,</span> <span class='ocrx_word' id='word_1_117' title='bbox 1195 1654 1320 1737; x_wconf 84' lang='lat' dir='ltr'>sancte,</span> <span class='ocrx_word' id='word_1_118' title='bbox 1357 1647 1403 1717; x_wconf 88' lang='lat' dir='ltr'>vi·</span> 
     </span>
     <span class='ocr_line' id='line_1_15' title="bbox 123 1734 960 1835; baseline 0.011 -30"><span class='ocrx_word' id='word_1_119' title='bbox 123 1734 288 1808; x_wconf 82' lang='lat' dir='ltr'>rificuntia</span> <span class='ocrx_word' id='word_1_120' title='bbox 316 1747 349 1807; x_wconf 92' lang='lat' dir='ltr'>et</span> <span class='ocrx_word' id='word_1_121' title='bbox 376 1736 484 1808; x_wconf 86' lang='lat' dir='ltr'>divina</span> <span class='ocrx_word' id='word_1_122' title='bbox 511 1737 659 1834; x_wconf 87' lang='lat' dir='ltr'>quamvis</span> <span class='ocrx_word' id='word_1_123' title='bbox 687 1739 817 1835; x_wconf 86' lang='lat' dir='ltr'>indigni</span> <span class='ocrx_word' id='word_1_124' title='bbox 845 1739 960 1814; x_wconf 76' lang='lat' dir='ltr'>simus·</span> 
     </span>
    </p>
   </div>
   <div class='ocr_carea' id='block_1_5' title="bbox 123 2041 1455 4555">
    <p class='ocr_par' dir='ltr' id='par_1_6' title="bbox 123 2041 1405 2529">
     <span class='ocr_line' id='line_1_16' title="bbox 125 2041 1404 2110; baseline 0.005 -18"><span class='ocrx_word' id='word_1_125' title='bbox 125 2041 171 2093; x_wconf 86' lang='lat' dir='ltr'>bac</span> <span class='ocrx_word' id='word_1_126' title='bbox 194 2056 268 2105; x_wconf 86' lang='lat' dir='ltr'>pane,</span> <span class='ocrx_word' id='word_1_127' title='bbox 291 2051 316 2092; x_wconf 89' lang='lat' dir='ltr'>et</span> <span class='ocrx_word' id='word_1_128' title='bbox 340 2042 449 2092; x_wconf 88' lang='lat' dir='ltr'>biberitis</span> <span class='ocrx_word' id='word_1_129' title='bbox 473 2057 501 2092; x_wconf 82' lang='lat' dir='ltr'>ea</span> <span class='ocrx_word' id='word_1_130' title='bbox 526 2043 573 2093; x_wconf 89' lang='lat' dir='ltr'>hoc</span> <span class='ocrx_word' id='word_1_131' title='bbox 597 2043 680 2102; x_wconf 89' lang='lat' dir='ltr'>calice,</span> <span class='ocrx_word' id='word_1_132' title='bbox 708 2052 810 2093; x_wconf 88' lang='lat' dir='ltr'>mortem</span> <span class='ocrx_word' id='word_1_133' title='bbox 835 2058 913 2094; x_wconf 82' lang='lat' dir='ltr'>meatu</span> <span class='ocrx_word' id='word_1_134' title='bbox 940 2045 1116 2095; x_wconf 68' lang='lat' dir='ltr'>annunciabitis</span> <span class='ocrx_word' id='word_1_135' title='bbox 1134 2061 1211 2110; x_wconf 88' lang='lat' dir='ltr'>usque</span> <span class='ocrx_word' id='word_1_136' title='bbox 1230 2046 1259 2096; x_wconf 89' lang='lat' dir='ltr'>ad</span> <span class='ocrx_word' id='word_1_137' title='bbox 1277 2048 1404 2100; x_wconf 84' lang='lat' dir='ltr'>adventurn</span> 
     </span>
     <span class='ocr_line' id='line_1_17' title="bbox 124 2125 1405 2192; baseline 0.008 -17"><span class='ocrx_word' id='word_1_138' title='bbox 124 2139 213 2175; x_wconf 79' lang='lat' dir='ltr'>meatu.</span> <span class='ocrx_word' id='word_1_139' title='bbox 247 2125 332 2190; x_wconf 90' lang='lat' dir='ltr'>ltaque</span> <span class='ocrx_word' id='word_1_140' title='bbox 357 2128 503 2191; x_wconf 72' lang='lat' dir='ltr'>quicumque</span> <span class='ocrx_word' id='word_1_141' title='bbox 527 2142 580 2177; x_wconf 90' lang='lat' dir='ltr'>cum</span> <span class='ocrx_word' id='word_1_142' title='bbox 605 2127 652 2176; x_wconf 83' lang='lat' dir='ltr'>ute</span> <span class='ocrx_word' id='word_1_143' title='bbox 670 2142 723 2176; x_wconf 89' lang='lat' dir='ltr'>vera</span> <span class='ocrx_word' id='word_1_144' title='bbox 742 2126 840 2177; x_wconf 88' lang='lat' dir='ltr'>accedet</span> <span class='ocrx_word' id='word_1_145' title='bbox 857 2136 881 2177; x_wconf 88' lang='lat' dir='ltr'>et</span> <span class='ocrx_word' id='word_1_146' title='bbox 898 2128 1051 2192; x_wconf 69' lang='lat' dir='ltr'>participabit</span> <span class='ocrx_word' id='word_1_147' title='bbox 1068 2143 1096 2177; x_wconf 82' lang='lat' dir='ltr'>ea</span> <span class='ocrx_word' id='word_1_148' title='bbox 1115 2129 1172 2190; x_wconf 84' lang='lat' dir='ltr'>illis,</span> <span class='ocrx_word' id='word_1_149' title='bbox 1196 2131 1245 2179; x_wconf 89' lang='lat' dir='ltr'>sint</span> <span class='ocrx_word' id='word_1_150' title='bbox 1263 2132 1284 2180; x_wconf 88' lang='lat' dir='ltr'>ei</span> <span class='ocrx_word' id='word_1_151' title='bbox 1303 2132 1405 2185; x_wconf 85' lang='lat' dir='ltr'>Domine</span> 
     </span>
     <span class='ocr_line' id='line_1_18' title="bbox 123 2209 1403 2276; baseline 0.007 -18"><span class='ocrx_word' id='word_1_152' title='bbox 123 2209 148 2258; x_wconf 90' lang='lat' dir='ltr'>iu</span> <span class='ocrx_word' id='word_1_153' title='bbox 170 2210 265 2259; x_wconf 87' lang='lat' dir='ltr'>reniam</span> <span class='ocrx_word' id='word_1_154' title='bbox 289 2210 444 2272; x_wconf 89' lang='lat' dir='ltr'>delictorum,</span> <span class='ocrx_word' id='word_1_155' title='bbox 469 2219 493 2261; x_wconf 89' lang='lat' dir='ltr'>et</span> <span class='ocrx_word' id='word_1_156' title='bbox 515 2213 684 2263; x_wconf 88' lang='lat' dir='ltr'>remissionem</span> <span class='ocrx_word' id='word_1_157' title='bbox 709 2219 879 2276; x_wconf 85' lang='lat' dir='ltr'>peccatorum,</span> <span class='ocrx_word' id='word_1_158' title='bbox 904 2226 1021 2276; x_wconf 87' lang='lat' dir='ltr'>spemque</span> <span class='ocrx_word' id='word_1_159' title='bbox 1047 2226 1156 2275; x_wconf 88' lang='lat' dir='ltr'>magnam</span> <span class='ocrx_word' id='word_1_160' title='bbox 1181 2217 1366 2266; x_wconf 89' lang='lat' dir='ltr'>resurrectionis</span> <span class='ocrx_word' id='word_1_161' title='bbox 1389 2234 1403 2268; x_wconf 93' lang='lat' dir='ltr'>a</span> 
     </span>
     <span class='ocr_line' id='line_1_19' title="bbox 123 2294 1404 2362; baseline 0.007 -20"><span class='ocrx_word' id='word_1_162' title='bbox 123 2295 234 2353; x_wconf 56' lang='lat' dir='ltr'>nanae,</span> <span class='ocrx_word' id='word_1_163' title='bbox 254 2301 277 2344; x_wconf 90' lang='lat' dir='ltr'>et</span> <span class='ocrx_word' id='word_1_164' title='bbox 294 2295 324 2343; x_wconf 93' lang='lat' dir='ltr'>ad</span> <span class='ocrx_word' id='word_1_165' title='bbox 343 2297 412 2345; x_wconf 86' lang='lat' dir='ltr'>vitam</span> <span class='ocrx_word' id='word_1_166' title='bbox 432 2310 515 2346; x_wconf 90' lang='lat' dir='ltr'>noram</span> <span class='ocrx_word' id='word_1_167' title='bbox 535 2297 558 2346; x_wconf 91' lang='lat' dir='ltr'>in</span> <span class='ocrx_word' id='word_1_168' title='bbox 577 2310 652 2358; x_wconf 90' lang='lat' dir='ltr'>regnu</span> <span class='ocrx_word' id='word_1_169' title='bbox 671 2294 802 2346; x_wconf 89' lang='lat' dir='ltr'>coelorum.</span> <span class='ocrx_word' id='word_1_170' title='bbox 839 2295 929 2346; x_wconf 86' lang='lat' dir='ltr'>Canon.</span> <span class='ocrx_word' id='word_1_171' title='bbox 955 2296 985 2345; x_wconf 83' lang='lat' dir='ltr'>Et</span> <span class='ocrx_word' id='word_1_172' title='bbox 1003 2296 1107 2356; x_wconf 87' lang='lat' dir='ltr'>laudem,</span> <span class='ocrx_word' id='word_1_173' title='bbox 1127 2297 1253 2359; x_wconf 87' lang='lat' dir='ltr'>honorem,</span> <span class='ocrx_word' id='word_1_174' title='bbox 1272 2301 1404 2362; x_wconf 87' lang='lat' dir='ltr'>gratiarnm</span> 
     </span>
     <span class='ocr_line' id='line_1_20' title="bbox 123 2370 1404 2454; baseline 0.006 -27"><span class='ocrx_word' id='word_1_175' title='bbox 123 2379 252 2439; x_wconf 77' lang='lat' dir='ltr'>aetianam,</span> <span class='ocrx_word' id='word_1_176' title='bbox 270 2386 295 2428; x_wconf 90' lang='lat' dir='ltr'>et</span> <span class='ocrx_word' id='word_1_177' title='bbox 311 2370 477 2429; x_wconf 81' lang='lat' dir='ltr'>adorationem</span> <span class='ocrx_word' id='word_1_178' title='bbox 496 2381 631 2431; x_wconf 87' lang='lat' dir='ltr'>relerenrus</span> <span class='ocrx_word' id='word_1_179' title='bbox 649 2382 691 2430; x_wconf 89' lang='lat' dir='ltr'>tihi</span> <span class='ocrx_word' id='word_1_180' title='bbox 711 2381 780 2430; x_wconf 84' lang='lat' dir='ltr'>Pater</span> <span class='ocrx_word' id='word_1_181' title='bbox 798 2380 948 2440; x_wconf 85' lang='lat' dir='ltr'>abscondite,</span> <span class='ocrx_word' id='word_1_182' title='bbox 965 2388 990 2430; x_wconf 90' lang='lat' dir='ltr'>et</span> <span class='ocrx_word' id='word_1_183' title='bbox 1006 2381 1057 2431; x_wconf 85' lang='lat' dir='ltr'>lilio</span> <span class='ocrx_word' id='word_1_184' title='bbox 1075 2390 1126 2441; x_wconf 93' lang='lat' dir='ltr'>tuo,</span> <span class='ocrx_word' id='word_1_185' title='bbox 1148 2382 1213 2447; x_wconf 90' lang='lat' dir='ltr'>proli</span> <span class='ocrx_word' id='word_1_186' title='bbox 1231 2384 1361 2454; x_wconf 76' lang='lat' dir='ltr'>gloriosae,</span> <span class='ocrx_word' id='word_1_187' title='bbox 1380 2392 1404 2435; x_wconf 90' lang='lat' dir='ltr'>et</span> 
     </span>
     <span class='ocr_line' id='line_1_21' title="bbox 125 2462 1275 2529; baseline 0.004 -17"><span class='ocrx_word' id='word_1_188' title='bbox 125 2462 224 2527; x_wconf 72' lang='lat' dir='ltr'>Spiritu</span> <span class='ocrx_word' id='word_1_189' title='bbox 242 2471 285 2513; x_wconf 90' lang='lat' dir='ltr'>tuo</span> <span class='ocrx_word' id='word_1_190' title='bbox 304 2463 354 2513; x_wconf 92' lang='lat' dir='ltr'>riva</span> <span class='ocrx_word' id='word_1_191' title='bbox 373 2472 397 2512; x_wconf 92' lang='lat' dir='ltr'>et</span> <span class='ocrx_word' id='word_1_192' title='bbox 415 2473 507 2515; x_wconf 87' lang='lat' dir='ltr'>sanctu.</span> <span class='ocrx_word' id='word_1_193' title='bbox 526 2474 550 2515; x_wconf 88' lang='lat' dir='ltr'>et</span> <span class='ocrx_word' id='word_1_194' title='bbox 565 2465 700 2525; x_wconf 76' lang='lat' dir='ltr'>vivificanti,</span> <span class='ocrx_word' id='word_1_195' title='bbox 719 2479 783 2515; x_wconf 90' lang='lat' dir='ltr'>nune</span> <span class='ocrx_word' id='word_1_196' title='bbox 799 2472 823 2513; x_wconf 85' lang='lat' dir='ltr'>et</span> <span class='ocrx_word' id='word_1_197' title='bbox 839 2479 937 2529; x_wconf 90' lang='lat' dir='ltr'>semper</span> <span class='ocrx_word' id='word_1_198' title='bbox 956 2465 980 2515; x_wconf 92' lang='lat' dir='ltr'>in</span> <span class='ocrx_word' id='word_1_199' title='bbox 998 2466 1095 2516; x_wconf 85' lang='lat' dir='ltr'>saecula</span> <span class='ocrx_word' id='word_1_200' title='bbox 1113 2467 1275 2518; x_wconf 87' lang='lat' dir='ltr'>saeculorum.</span> 
     </span>
    </p>

    <p class='ocr_par' dir='ltr' id='par_1_7' title="bbox 126 2547 1455 4555">
     <span class='ocr_line' id='line_1_22' title="bbox 209 2547 1403 2614; baseline 0.005 -17"><span class='ocrx_word' id='word_1_201' title='bbox 209 2549 236 2598; x_wconf 94' lang='lat' dir='ltr'>ln</span> <span class='ocrx_word' id='word_1_202' title='bbox 255 2548 327 2598; x_wconf 89' lang='lat' dir='ltr'>llissa</span> <span class='ocrx_word' id='word_1_203' title='bbox 346 2547 543 2599; x_wconf 84' lang='lat' dir='ltr'>llataharica</span> <span class='ocrx_word' id='word_1_204' title='bbox 568 2551 645 2599; x_wconf 84' lang='lat' dir='ltr'>torma</span> <span class='ocrx_word' id='word_1_205' title='bbox 669 2549 795 2598; x_wconf 83' lang='lat' dir='ltr'>verborum</span> <span class='ocrx_word' id='word_1_206' title='bbox 815 2549 904 2599; x_wconf 77' lang='lat' dir='ltr'>Christi</span> <span class='ocrx_word' id='word_1_207' title='bbox 922 2549 1064 2614; x_wconf 89' lang='lat' dir='ltr'>interpolata</span> <span class='ocrx_word' id='word_1_208' title='bbox 1084 2559 1129 2611; x_wconf 91' lang='lat' dir='ltr'>est,</span> <span class='ocrx_word' id='word_1_209' title='bbox 1154 2560 1180 2601; x_wconf 89' lang='lat' dir='ltr'>nt</span> <span class='ocrx_word' id='word_1_210' title='bbox 1197 2552 1294 2601; x_wconf 80' lang='lat' dir='ltr'>Latinae</span> <span class='ocrx_word' id='word_1_211' title='bbox 1311 2554 1403 2603; x_wconf 87' lang='lat' dir='ltr'>substi-</span> 
     </span>
     <span class='ocr_line' id='line_1_23' title="bbox 126 2633 1403 2700; baseline 0.004 -19"><span class='ocrx_word' id='word_1_212' title='bbox 126 2640 232 2682; x_wconf 88' lang='lat' dir='ltr'>tueretur</span> <span class='ocrx_word' id='word_1_213' title='bbox 256 2635 318 2682; x_wconf 84' lang='lat' dir='ltr'>iuxta</span> <span class='ocrx_word' id='word_1_214' title='bbox 342 2634 477 2696; x_wconf 82' lang='lat' dir='ltr'>exemplum</span> <span class='ocrx_word' id='word_1_215' title='bbox 498 2634 601 2684; x_wconf 85' lang='lat' dir='ltr'>llissalis</span> <span class='ocrx_word' id='word_1_216' title='bbox 620 2633 741 2683; x_wconf 89' lang='lat' dir='ltr'>Chaldaici</span> <span class='ocrx_word' id='word_1_217' title='bbox 761 2635 850 2682; x_wconf 86' lang='lat' dir='ltr'>llomas</span> <span class='ocrx_word' id='word_1_218' title='bbox 868 2633 931 2682; x_wconf 92' lang='lat' dir='ltr'>editi.</span> <span class='ocrx_word' id='word_1_219' title='bbox 968 2635 1027 2683; x_wconf 90' lang='lat' dir='ltr'>item</span> <span class='ocrx_word' id='word_1_220' title='bbox 1045 2636 1169 2700; x_wconf 87' lang='lat' dir='ltr'>praecepit</span> <span class='ocrx_word' id='word_1_221' title='bbox 1186 2636 1306 2685; x_wconf 86' lang='lat' dir='ltr'>hlenesins</span> <span class='ocrx_word' id='word_1_222' title='bbox 1324 2636 1403 2687; x_wconf 83' lang='lat' dir='ltr'>eleva-</span> 
     </span>
     <span class='ocr_line' id='line_1_24' title="bbox 132 2718 1402 2787; baseline 0.006 -24"><span class='ocrx_word' id='word_1_223' title='bbox 132 2718 218 2766; x_wconf 89' lang='lat' dir='ltr'>tionem</span> <span class='ocrx_word' id='word_1_224' title='bbox 243 2719 266 2766; x_wconf 91' lang='lat' dir='ltr'>in</span> <span class='ocrx_word' id='word_1_225' title='bbox 292 2719 482 2768; x_wconf 88' lang='lat' dir='ltr'>consecratione.</span> <span class='ocrx_word' id='word_1_226' title='bbox 519 2719 554 2768; x_wconf 88' lang='lat' dir='ltr'>Cl.</span> <span class='ocrx_word' id='word_1_227' title='bbox 573 2718 787 2767; x_wconf 89' lang='lat' dir='ltr'>llenaldutius</span> <span class='ocrx_word' id='word_1_228' title='bbox 811 2718 827 2766; x_wconf 92' lang='lat' dir='ltr'>l.</span> <span class='ocrx_word' id='word_1_229' title='bbox 844 2733 863 2768; x_wconf 87' lang='lat' dir='ltr'>c.</span> <span class='ocrx_word' id='word_1_230' title='bbox 883 2734 907 2783; x_wconf 87' lang='lat' dir='ltr'>p.</span> <span class='ocrx_word' id='word_1_231' title='bbox 919 2718 969 2768; x_wconf 83' lang='grc'>602</span> <span class='ocrx_word' id='word_1_232' title='bbox 979 2733 1031 2782; x_wconf 86' lang='lat' dir='ltr'>sq:</span> <span class='ocrx_word' id='word_1_233' title='bbox 1057 2720 1149 2783; x_wconf 81' lang='lat' dir='ltr'>Nempe</span> <span class='ocrx_word' id='word_1_234' title='bbox 1173 2721 1337 2770; x_wconf 80' lang='lat' dir='ltr'>existimavere</span> <span class='ocrx_word' id='word_1_235' title='bbox 1361 2721 1402 2787; x_wconf 91' lang='lat' dir='ltr'>qni</span> 
     </span>
     <span class='ocr_line' id='line_1_25' title="bbox 130 2801 1402 2868; baseline 0.006 -20"><span class='ocrx_word' id='word_1_236' title='bbox 130 2801 261 2850; x_wconf 83' lang='lat' dir='ltr'>recensioni</span> <span class='ocrx_word' id='word_1_237' title='bbox 279 2804 444 2866; x_wconf 79' lang='lat' dir='ltr'>praefuerunt,</span> <span class='ocrx_word' id='word_1_238' title='bbox 467 2802 558 2852; x_wconf 89' lang='lat' dir='ltr'>nullam</span> <span class='ocrx_word' id='word_1_239' title='bbox 578 2804 601 2851; x_wconf 92' lang='lat' dir='ltr'>in</span> <span class='ocrx_word' id='word_1_240' title='bbox 620 2803 665 2852; x_wconf 88' lang='lat' dir='ltr'>hac</span> <span class='ocrx_word' id='word_1_241' title='bbox 683 2803 787 2865; x_wconf 87' lang='lat' dir='ltr'>Litargia</span> <span class='ocrx_word' id='word_1_242' title='bbox 804 2805 970 2865; x_wconf 69' lang='lat' dir='ltr'>mysteriorum</span> <span class='ocrx_word' id='word_1_243' title='bbox 989 2804 1145 2853; x_wconf 86' lang='lat' dir='ltr'>cierationem</span> <span class='ocrx_word' id='word_1_244' title='bbox 1164 2806 1225 2866; x_wconf 89' lang='lat' dir='ltr'>lieri,</span> <span class='ocrx_word' id='word_1_245' title='bbox 1249 2806 1305 2868; x_wconf 91' lang='lat' dir='ltr'>quia</span> <span class='ocrx_word' id='word_1_246' title='bbox 1322 2807 1402 2855; x_wconf 87' lang='lat' dir='ltr'>statim</span> 
     </span>
     <span class='ocr_line' id='line_1_26' title="bbox 131 2884 1402 2952; baseline 0.006 -21"><span class='ocrx_word' id='word_1_247' title='bbox 131 2884 252 2934; x_wconf 84' lang='lat' dir='ltr'>verborum</span> <span class='ocrx_word' id='word_1_248' title='bbox 271 2886 361 2936; x_wconf 78' lang='lat' dir='ltr'>Christi</span> <span class='ocrx_word' id='word_1_249' title='bbox 386 2889 606 2951; x_wconf 86' lang='lat' dir='ltr'>pronuntiationem</span> <span class='ocrx_word' id='word_1_250' title='bbox 631 2901 677 2936; x_wconf 92' lang='lat' dir='ltr'>non</span> <span class='ocrx_word' id='word_1_251' title='bbox 703 2888 862 2950; x_wconf 85' lang='lat' dir='ltr'>sequebatur:</span> <span class='ocrx_word' id='word_1_252' title='bbox 888 2902 966 2952; x_wconf 89' lang='lat' dir='ltr'>neque</span> <span class='ocrx_word' id='word_1_253' title='bbox 990 2888 1086 2937; x_wconf 88' lang='lat' dir='ltr'>adorari</span> <span class='ocrx_word' id='word_1_254' title='bbox 1104 2889 1158 2952; x_wconf 92' lang='lat' dir='ltr'>quia</span> <span class='ocrx_word' id='word_1_255' title='bbox 1178 2903 1225 2938; x_wconf 88' lang='lat' dir='ltr'>nan</span> <span class='ocrx_word' id='word_1_256' title='bbox 1244 2889 1402 2940; x_wconf 79' lang='lat' dir='ltr'>elevarentur.</span> 
     </span>
     <span class='ocr_line' id='line_1_27' title="bbox 134 2967 1403 3034; baseline 0.006 -18"><span class='ocrx_word' id='word_1_257' title='bbox 134 2967 158 3017; x_wconf 91' lang='lat' dir='ltr'>la</span> <span class='ocrx_word' id='word_1_258' title='bbox 180 2969 299 3034; x_wconf 84' lang='lat' dir='ltr'>duplicent</span> <span class='ocrx_word' id='word_1_259' title='bbox 324 2971 417 3021; x_wconf 88' lang='lat' dir='ltr'>scilicet</span> <span class='ocrx_word' id='word_1_260' title='bbox 442 2986 549 3021; x_wconf 87' lang='lat' dir='ltr'>errorem</span> <span class='ocrx_word' id='word_1_261' title='bbox 568 2971 631 3034; x_wconf 88' lang='lat' dir='ltr'>lapsi</span> <span class='ocrx_word' id='word_1_262' title='bbox 649 2980 713 3028; x_wconf 89' lang='lat' dir='ltr'>sunt,</span> <span class='ocrx_word' id='word_1_263' title='bbox 733 2986 759 3020; x_wconf 82' lang='lat' dir='ltr'>ea</span> <span class='ocrx_word' id='word_1_264' title='bbox 778 2972 927 3033; x_wconf 80' lang='lat' dir='ltr'>ignoratione</span> <span class='ocrx_word' id='word_1_265' title='bbox 945 2973 1032 3020; x_wconf 88' lang='lat' dir='ltr'>rituum</span> <span class='ocrx_word' id='word_1_266' title='bbox 1053 2971 1225 3021; x_wconf 82' lang='lat' dir='ltr'>Orientalium:</span> <span class='ocrx_word' id='word_1_267' title='bbox 1250 2974 1403 3024; x_wconf 84' lang='lat' dir='ltr'>excusatione</span> 
     </span>
     <span class='ocr_line' id='line_1_28' title="bbox 135 3055 1401 3119; baseline 0.005 -19"><span class='ocrx_word' id='word_1_268' title='bbox 135 3060 207 3102; x_wconf 79' lang='lat' dir='ltr'>umen</span> <span class='ocrx_word' id='word_1_269' title='bbox 230 3056 303 3117; x_wconf 85' lang='lat' dir='ltr'>digni,</span> <span class='ocrx_word' id='word_1_270' title='bbox 328 3055 393 3119; x_wconf 90' lang='lat' dir='ltr'>quod</span> <span class='ocrx_word' id='word_1_271' title='bbox 419 3056 508 3105; x_wconf 90' lang='lat' dir='ltr'>maltos</span> <span class='ocrx_word' id='word_1_272' title='bbox 533 3070 682 3118; x_wconf 86' lang='lat' dir='ltr'>magnosque</span> <span class='ocrx_word' id='word_1_273' title='bbox 700 3055 837 3117; x_wconf 77' lang='lat' dir='ltr'>&#39;theologos</span> <span class='ocrx_word' id='word_1_274' title='bbox 862 3055 945 3104; x_wconf 88' lang='lat' dir='ltr'>eadem</span> <span class='ocrx_word' id='word_1_275' title='bbox 969 3056 1051 3119; x_wconf 88' lang='lat' dir='ltr'>opinio</span> <span class='ocrx_word' id='word_1_276' title='bbox 1071 3055 1207 3119; x_wconf 88' lang='lat' dir='ltr'>implicarit.</span> <span class='ocrx_word' id='word_1_277' title='bbox 1244 3057 1401 3106; x_wconf 86' lang='lat' dir='ltr'>Orientalium</span> 
     </span>
     <span class='ocr_line' id='line_1_29' title="bbox 137 3135 1403 3203; baseline 0.005 -18"><span class='ocrx_word' id='word_1_278' title='bbox 137 3135 253 3202; x_wconf 76' lang='lat' dir='ltr'>disciplina</span> <span class='ocrx_word' id='word_1_279' title='bbox 271 3147 316 3199; x_wconf 90' lang='lat' dir='ltr'>eat,</span> <span class='ocrx_word' id='word_1_280' title='bbox 336 3140 429 3189; x_wconf 84' lang='lat' dir='ltr'>elevare</span> <span class='ocrx_word' id='word_1_281' title='bbox 447 3148 470 3189; x_wconf 88' lang='lat' dir='ltr'>et</span> <span class='ocrx_word' id='word_1_282' title='bbox 488 3140 638 3189; x_wconf 81' lang='lat' dir='ltr'>adstantibus</span> <span class='ocrx_word' id='word_1_283' title='bbox 656 3141 785 3189; x_wconf 90' lang='lat' dir='ltr'>ostendere</span> <span class='ocrx_word' id='word_1_284' title='bbox 802 3154 870 3189; x_wconf 91' lang='lat' dir='ltr'>sacra</span> <span class='ocrx_word' id='word_1_285' title='bbox 890 3139 1010 3202; x_wconf 72' lang='lat' dir='ltr'>mysteria,</span> <span class='ocrx_word' id='word_1_286' title='bbox 1033 3138 1106 3203; x_wconf 89' lang='lat' dir='ltr'>panta</span> <span class='ocrx_word' id='word_1_287' title='bbox 1125 3147 1180 3189; x_wconf 90' lang='lat' dir='ltr'>ante</span> <span class='ocrx_word' id='word_1_288' title='bbox 1198 3143 1403 3203; x_wconf 88' lang='lat' dir='ltr'>communionem,</span> 
     </span>
     <span class='ocr_line' id='line_1_30' title="bbox 138 3213 1455 3290; baseline 0.003 -20"><span class='ocrx_word' id='word_1_289' title='bbox 138 3235 183 3271; x_wconf 81' lang='lat' dir='ltr'>cunr</span> <span class='ocrx_word' id='word_1_290' title='bbox 207 3224 349 3274; x_wconf 88' lang='lat' dir='ltr'>inclamatur</span> <span class='ocrx_word' id='word_1_291' title='bbox 366 3225 453 3274; x_wconf 90' lang='lat' dir='ltr'>Sancta</span> <span class='ocrx_word' id='word_1_292' title='bbox 477 3226 575 3274; x_wconf 87' lang='lat' dir='ltr'>sanctis.</span> <span class='ocrx_word' id='word_1_293' title='bbox 611 3226 679 3274; x_wconf 84' lang='lat' dir='ltr'>Tunc</span> <span class='ocrx_word' id='word_1_294' title='bbox 703 3234 781 3273; x_wconf 88' lang='lat' dir='ltr'>autem</span> <span class='ocrx_word' id='word_1_295' title='bbox 807 3225 857 3273; x_wconf 88' lang='lat' dir='ltr'>iteri</span> <span class='ocrx_word' id='word_1_296' title='bbox 877 3239 947 3288; x_wconf 87' lang='lat' dir='ltr'>qnam</span> <span class='ocrx_word' id='word_1_297' title='bbox 968 3225 1051 3274; x_wconf 86' lang='lat' dir='ltr'>Graeci</span> <span class='ocrx_word' id='word_1_298' title='bbox 1070 3213 1263 3288; x_wconf 76' lang='lat' dir='ltr'>vocant‘Ayluv</span> <span class='ocrx_word' id='word_1_299' title='bbox 1280 3217 1403 3290; x_wconf 68' lang='grc' dir='ltr'>ὕψωσαν,</span> <span class='ocrx_word' id='word_1_300' title='bbox 1424 3213 1427 3219; x_wconf 68' lang='grc'><strong>’</strong></span> <span class='ocrx_word' id='word_1_301' title='bbox 1452 3236 1455 3241; x_wconf 89' lang='grc'><strong>’</strong></span> 
     </span>
     <span class='ocr_line' id='line_1_31' title="bbox 140 3308 1402 3373; baseline 0.006 -21"><span class='ocrx_word' id='word_1_302' title='bbox 140 3319 180 3356; x_wconf 87' lang='lat' dir='ltr'>sne</span> <span class='ocrx_word' id='word_1_303' title='bbox 201 3309 366 3369; x_wconf 78' lang='lat' dir='ltr'>cierationem,</span> <span class='ocrx_word' id='word_1_304' title='bbox 390 3311 495 3373; x_wconf 85' lang='lat' dir='ltr'>probant</span> <span class='ocrx_word' id='word_1_305' title='bbox 513 3310 596 3359; x_wconf 87' lang='lat' dir='ltr'>Graeci</span> <span class='ocrx_word' id='word_1_306' title='bbox 615 3323 700 3358; x_wconf 88' lang='lat' dir='ltr'>omnes</span> <span class='ocrx_word' id='word_1_307' title='bbox 719 3309 814 3358; x_wconf 89' lang='lat' dir='ltr'>codices</span> <span class='ocrx_word' id='word_1_308' title='bbox 830 3309 957 3370; x_wconf 71' lang='lat' dir='ltr'>liturgici:</span> <span class='ocrx_word' id='word_1_309' title='bbox 982 3308 1126 3372; x_wconf 71' lang='lat' dir='ltr'>Aegyptiaci,</span> <span class='ocrx_word' id='word_1_310' title='bbox 1151 3317 1175 3357; x_wconf 91' lang='lat' dir='ltr'>et</span> <span class='ocrx_word' id='word_1_311' title='bbox 1192 3317 1289 3359; x_wconf 88' lang='lat' dir='ltr'>autores</span> <span class='ocrx_word' id='word_1_312' title='bbox 1307 3311 1402 3360; x_wconf 88' lang='lat' dir='ltr'>ilitnum</span> 
     </span>
     <span class='ocr_line' id='line_1_32' title="bbox 140 3393 1403 3459; baseline 0.003 -19"><span class='ocrx_word' id='word_1_313' title='bbox 140 3393 267 3450; x_wconf 78' lang='lat' dir='ltr'>nausstni.</span> <span class='ocrx_word' id='word_1_314' title='bbox 304 3395 387 3457; x_wconf 88' lang='lat' dir='ltr'>ltaque</span> <span class='ocrx_word' id='word_1_315' title='bbox 405 3408 458 3443; x_wconf 89' lang='lat' dir='ltr'>enm</span> <span class='ocrx_word' id='word_1_316' title='bbox 477 3394 623 3458; x_wconf 84' lang='lat' dir='ltr'>descriptam</span> <span class='ocrx_word' id='word_1_317' title='bbox 642 3395 773 3442; x_wconf 84' lang='lat' dir='ltr'>babeamus</span> <span class='ocrx_word' id='word_1_318' title='bbox 792 3406 819 3440; x_wconf 82' lang='lat' dir='ltr'>ex</span> <span class='ocrx_word' id='word_1_319' title='bbox 838 3393 887 3442; x_wconf 90' lang='lat' dir='ltr'>illis</span> <span class='ocrx_word' id='word_1_320' title='bbox 905 3393 1091 3453; x_wconf 83' lang='lat' dir='ltr'>caeremoniam,</span> <span class='ocrx_word' id='word_1_321' title='bbox 1109 3394 1242 3443; x_wconf 88' lang='lat' dir='ltr'>secundum</span> <span class='ocrx_word' id='word_1_322' title='bbox 1261 3396 1403 3459; x_wconf 91' lang='lat' dir='ltr'>quamdici·</span> 
     </span>
     <span class='ocr_line' id='line_1_33' title="bbox 141 3472 1402 3544; baseline 0.004 -23"><span class='ocrx_word' id='word_1_323' title='bbox 141 3480 172 3522; x_wconf 90' lang='lat' dir='ltr'>tur</span> <span class='ocrx_word' id='word_1_324' title='bbox 186 3475 242 3527; x_wconf 89' lang='lat' dir='ltr'>haee</span> <span class='ocrx_word' id='word_1_325' title='bbox 259 3478 429 3541; x_wconf 85' lang='lat' dir='ltr'>proclamatio,</span> <span class='ocrx_word' id='word_1_326' title='bbox 447 3493 580 3544; x_wconf 88' lang='lat' dir='ltr'>omnesque</span> <span class='ocrx_word' id='word_1_327' title='bbox 598 3493 650 3528; x_wconf 89' lang='lat' dir='ltr'>eam</span> <span class='ocrx_word' id='word_1_328' title='bbox 669 3479 721 3528; x_wconf 88' lang='lat' dir='ltr'>iteri</span> <span class='ocrx_word' id='word_1_329' title='bbox 739 3472 881 3538; x_wconf 78' lang='lat' dir='ltr'>significent,</span> <span class='ocrx_word' id='word_1_330' title='bbox 899 3492 953 3526; x_wconf 87' lang='lat' dir='ltr'>cuna</span> <span class='ocrx_word' id='word_1_331' title='bbox 971 3478 1101 3536; x_wconf 87' lang='lat' dir='ltr'>elevantur,</span> <span class='ocrx_word' id='word_1_332' title='bbox 1120 3485 1143 3527; x_wconf 88' lang='lat' dir='ltr'>et</span> <span class='ocrx_word' id='word_1_333' title='bbox 1161 3478 1321 3527; x_wconf 84' lang='lat' dir='ltr'>ostenduntur</span> <span class='ocrx_word' id='word_1_334' title='bbox 1333 3493 1402 3527; x_wconf 88' lang='lat' dir='ltr'>saera</span> 
     </span>
     <span class='ocr_line' id='line_1_34' title="bbox 140 3560 1401 3626; baseline 0.004 -20"><span class='ocrx_word' id='word_1_335' title='bbox 140 3563 247 3622; x_wconf 69' lang='lat' dir='ltr'>misteria,</span> <span class='ocrx_word' id='word_1_336' title='bbox 272 3562 362 3626; x_wconf 89' lang='lat' dir='ltr'>illaque</span> <span class='ocrx_word' id='word_1_337' title='bbox 385 3563 481 3612; x_wconf 87' lang='lat' dir='ltr'>tandem</span> <span class='ocrx_word' id='word_1_338' title='bbox 506 3565 538 3613; x_wconf 91' lang='lat' dir='ltr'>sit</span> <span class='ocrx_word' id='word_1_339' title='bbox 555 3564 669 3613; x_wconf 86' lang='lat' dir='ltr'>omnibus</span> <span class='ocrx_word' id='word_1_340' title='bbox 688 3561 849 3611; x_wconf 83' lang='lat' dir='ltr'>Orientalibus</span> <span class='ocrx_word' id='word_1_341' title='bbox 868 3562 1012 3622; x_wconf 89' lang='lat' dir='ltr'>communis,</span> <span class='ocrx_word' id='word_1_342' title='bbox 1037 3562 1076 3611; x_wconf 91' lang='lat' dir='ltr'>uhi</span> <span class='ocrx_word' id='word_1_343' title='bbox 1096 3563 1156 3611; x_wconf 91' lang='lat' dir='ltr'>ritus</span> <span class='ocrx_word' id='word_1_344' title='bbox 1173 3560 1335 3624; x_wconf 84' lang='lat' dir='ltr'>particulatim</span> <span class='ocrx_word' id='word_1_345' title='bbox 1353 3576 1401 3611; x_wconf 91' lang='lat' dir='ltr'>nun</span> 
     </span>
     <span class='ocr_line' id='line_1_35' title="bbox 140 3642 1402 3711; baseline 0.004 -21"><span class='ocrx_word' id='word_1_346' title='bbox 140 3642 265 3707; x_wconf 76' lang='lat' dir='ltr'>replicatur,</span> <span class='ocrx_word' id='word_1_347' title='bbox 290 3648 332 3696; x_wconf 88' lang='lat' dir='ltr'>sed</span> <span class='ocrx_word' id='word_1_348' title='bbox 357 3654 449 3697; x_wconf 84' lang='lat' dir='ltr'>tantum</span> <span class='ocrx_word' id='word_1_349' title='bbox 468 3654 565 3698; x_wconf 89' lang='lat' dir='ltr'>natatur</span> <span class='ocrx_word' id='word_1_350' title='bbox 582 3649 669 3697; x_wconf 88' lang='lat' dir='ltr'>Sancta</span> <span class='ocrx_word' id='word_1_351' title='bbox 687 3648 785 3703; x_wconf 88' lang='lat' dir='ltr'>sanctis,</span> <span class='ocrx_word' id='word_1_352' title='bbox 810 3645 877 3694; x_wconf 90' lang='lat' dir='ltr'>illum</span> <span class='ocrx_word' id='word_1_353' title='bbox 896 3646 936 3708; x_wconf 90' lang='lat' dir='ltr'>qai</span> <span class='ocrx_word' id='word_1_354' title='bbox 954 3646 1039 3695; x_wconf 90' lang='lat' dir='ltr'>iisdem</span> <span class='ocrx_word' id='word_1_355' title='bbox 1058 3645 1135 3694; x_wconf 89' lang='lat' dir='ltr'>rerbis</span> <span class='ocrx_word' id='word_1_356' title='bbox 1154 3647 1295 3695; x_wconf 87' lang='lat' dir='ltr'>coniunctus</span> <span class='ocrx_word' id='word_1_357' title='bbox 1314 3645 1402 3711; x_wconf 90' lang='lat' dir='ltr'>abique</span> 
     </span>
     <span class='ocr_line' id='line_1_36' title="bbox 140 3729 1402 3797; baseline 0.002 -21"><span class='ocrx_word' id='word_1_358' title='bbox 140 3735 177 3784; x_wconf 79' lang='lat' dir='ltr'>est,</span> <span class='ocrx_word' id='word_1_359' title='bbox 197 3731 331 3792; x_wconf 88' lang='lat' dir='ltr'>intelligere</span> <span class='ocrx_word' id='word_1_360' title='bbox 354 3746 486 3797; x_wconf 88' lang='lat' dir='ltr'>possumus</span> <span class='ocrx_word' id='word_1_361' title='bbox 510 3742 533 3782; x_wconf 89' lang='lat' dir='ltr'>et</span> <span class='ocrx_word' id='word_1_362' title='bbox 556 3731 681 3782; x_wconf 86' lang='lat' dir='ltr'>dehemus.</span> <span class='ocrx_word' id='word_1_363' title='bbox 717 3733 745 3780; x_wconf 80' lang='lat' dir='ltr'>ht</span> <span class='ocrx_word' id='word_1_364' title='bbox 762 3730 848 3779; x_wconf 88' lang='lat' dir='ltr'>Sancta</span> <span class='ocrx_word' id='word_1_365' title='bbox 866 3732 956 3780; x_wconf 90' lang='lat' dir='ltr'>sanctis</span> <span class='ocrx_word' id='word_1_366' title='bbox 975 3730 1062 3791; x_wconf 90' lang='lat' dir='ltr'>legitur</span> <span class='ocrx_word' id='word_1_367' title='bbox 1080 3730 1102 3778; x_wconf 92' lang='lat' dir='ltr'>iu</span> <span class='ocrx_word' id='word_1_368' title='bbox 1122 3730 1234 3778; x_wconf 89' lang='lat' dir='ltr'>omnihus</span> <span class='ocrx_word' id='word_1_369' title='bbox 1252 3729 1402 3780; x_wconf 82' lang='lat' dir='ltr'>Nestoriania</span> 
     </span>
     <span class='ocr_line' id='line_1_37' title="bbox 139 3808 1402 3881; baseline 0.003 -22"><span class='ocrx_word' id='word_1_370' title='bbox 139 3808 251 3875; x_wconf 79' lang='lat' dir='ltr'>liturgiis:</span> <span class='ocrx_word' id='word_1_371' title='bbox 270 3818 342 3878; x_wconf 87' lang='lat' dir='ltr'>igitur</span> <span class='ocrx_word' id='word_1_372' title='bbox 360 3816 423 3881; x_wconf 89' lang='lat' dir='ltr'>quod</span> <span class='ocrx_word' id='word_1_373' title='bbox 444 3817 572 3867; x_wconf 89' lang='lat' dir='ltr'>Christiani</span> <span class='ocrx_word' id='word_1_374' title='bbox 590 3832 676 3866; x_wconf 87' lang='lat' dir='ltr'>amnes</span> <span class='ocrx_word' id='word_1_375' title='bbox 693 3815 850 3866; x_wconf 78' lang='lat' dir='ltr'>observabant</span> <span class='ocrx_word' id='word_1_376' title='bbox 865 3829 893 3864; x_wconf 90' lang='lat' dir='ltr'>eo</span> <span class='ocrx_word' id='word_1_377' title='bbox 912 3815 976 3874; x_wconf 91' lang='lat' dir='ltr'>loco,</span> <span class='ocrx_word' id='word_1_378' title='bbox 994 3813 1109 3863; x_wconf 86' lang='lat' dir='ltr'>elevando</span> <span class='ocrx_word' id='word_1_379' title='bbox 1127 3815 1311 3874; x_wconf 86' lang='lat' dir='ltr'>Eucharistiam,</span> <span class='ocrx_word' id='word_1_380' title='bbox 1329 3814 1402 3863; x_wconf 80' lang='lat' dir='ltr'>alie·</span> 
     </span>
     <span class='ocr_line' id='line_1_38' title="bbox 139 3897 1401 3965; baseline 0.006 -23"><span class='ocrx_word' id='word_1_381' title='bbox 139 3898 239 3948; x_wconf 85' lang='lat' dir='ltr'>atarianis</span> <span class='ocrx_word' id='word_1_382' title='bbox 256 3915 354 3964; x_wconf 88' lang='lat' dir='ltr'>qnoque</span> <span class='ocrx_word' id='word_1_383' title='bbox 372 3901 550 3951; x_wconf 90' lang='lat' dir='ltr'>obaerrabatnr.</span> <span class='ocrx_word' id='word_1_384' title='bbox 576 3903 652 3961; x_wconf 82' lang='lat' dir='ltr'>Onam</span> <span class='ocrx_word' id='word_1_385' title='bbox 670 3916 744 3965; x_wconf 91' lang='lat' dir='ltr'>porro</span> <span class='ocrx_word' id='word_1_386' title='bbox 764 3900 841 3950; x_wconf 90' lang='lat' dir='ltr'>inanis</span> <span class='ocrx_word' id='word_1_387' title='bbox 858 3901 890 3948; x_wconf 91' lang='lat' dir='ltr'>sit</span> <span class='ocrx_word' id='word_1_388' title='bbox 908 3913 935 3948; x_wconf 82' lang='lat' dir='ltr'>ex</span> <span class='ocrx_word' id='word_1_389' title='bbox 953 3899 1047 3949; x_wconf 87' lang='lat' dir='ltr'>deiectu</span> <span class='ocrx_word' id='word_1_390' title='bbox 1066 3898 1206 3948; x_wconf 77' lang='lat' dir='ltr'>elevationis</span> <span class='ocrx_word' id='word_1_391' title='bbox 1224 3897 1254 3946; x_wconf 92' lang='lat' dir='ltr'>ad</span> <span class='ocrx_word' id='word_1_392' title='bbox 1272 3898 1401 3949; x_wconf 81' lang='lat' dir='ltr'>excluden-</span> 
     </span>
     <span class='ocr_line' id='line_1_39' title="bbox 140 3978 1402 4048; baseline 0.004 -20"><span class='ocrx_word' id='word_1_393' title='bbox 140 3978 184 4030; x_wconf 88' lang='lat' dir='ltr'>darn</span> <span class='ocrx_word' id='word_1_394' title='bbox 199 3985 363 4035; x_wconf 87' lang='lat' dir='ltr'>adorationem</span> <span class='ocrx_word' id='word_1_395' title='bbox 382 3987 542 4044; x_wconf 89' lang='lat' dir='ltr'>ratiocinatio,</span> <span class='ocrx_word' id='word_1_396' title='bbox 561 4000 588 4035; x_wconf 84' lang='lat' dir='ltr'>ex</span> <span class='ocrx_word' id='word_1_397' title='bbox 606 3986 737 4035; x_wconf 88' lang='lat' dir='ltr'>domestica</span> <span class='ocrx_word' id='word_1_398' title='bbox 757 3993 838 4034; x_wconf 71' lang='lat' dir='ltr'>narra</span> <span class='ocrx_word' id='word_1_399' title='bbox 857 3984 984 4048; x_wconf 87' lang='lat' dir='ltr'>disciplina</span> <span class='ocrx_word' id='word_1_400' title='bbox 1002 3983 1146 4032; x_wconf 85' lang='lat' dir='ltr'>ostenditur.</span> <span class='ocrx_word' id='word_1_401' title='bbox 1170 3983 1283 4032; x_wconf 84' lang='lat' dir='ltr'>Ferialll.</span> <span class='ocrx_word' id='word_1_402' title='bbox 1303 3985 1402 4033; x_wconf 85' lang='lat' dir='ltr'>maioris</span> 
     </span>
     <span class='ocr_line' id='line_1_40' title="bbox 140 4063 1401 4134; baseline 0.002 -18"><span class='ocrx_word' id='word_1_403' title='bbox 140 4063 304 4130; x_wconf 79' lang='lat' dir='ltr'>hebdomadae,</span> <span class='ocrx_word' id='word_1_404' title='bbox 322 4084 369 4134; x_wconf 88' lang='lat' dir='ltr'>qua</span> <span class='ocrx_word' id='word_1_405' title='bbox 388 4071 441 4119; x_wconf 85' lang='lat' dir='ltr'>sola</span> <span class='ocrx_word' id='word_1_406' title='bbox 459 4071 497 4120; x_wconf 90' lang='lat' dir='ltr'>die</span> <span class='ocrx_word' id='word_1_407' title='bbox 515 4071 652 4121; x_wconf 91' lang='lat' dir='ltr'>celebratur</span> <span class='ocrx_word' id='word_1_408' title='bbox 670 4072 692 4118; x_wconf 90' lang='lat' dir='ltr'>in</span> <span class='ocrx_word' id='word_1_409' title='bbox 712 4070 818 4119; x_wconf 80' lang='lat' dir='ltr'>Ecclesia</span> <span class='ocrx_word' id='word_1_410' title='bbox 838 4069 943 4118; x_wconf 88' lang='lat' dir='ltr'>itomaua</span> <span class='ocrx_word' id='word_1_411' title='bbox 961 4068 1033 4116; x_wconf 80' lang='lat' dir='ltr'>Missa</span> <span class='ocrx_word' id='word_1_412' title='bbox 1052 4068 1324 4126; x_wconf 84' lang='lat' dir='ltr'>Praesanctiircatovuna,</span> <span class='ocrx_word' id='word_1_413' title='bbox 1349 4070 1401 4118; x_wconf 91' lang='lat' dir='ltr'>ele·</span> 
     </span>
     <span class='ocr_line' id='line_1_41' title="bbox 140 4151 1402 4217; baseline 0.002 -18"><span class='ocrx_word' id='word_1_414' title='bbox 140 4151 190 4198; x_wconf 75' lang='lat' dir='ltr'>ratio</span> <span class='ocrx_word' id='word_1_415' title='bbox 206 4167 254 4202; x_wconf 90' lang='lat' dir='ltr'>nan</span> <span class='ocrx_word' id='word_1_416' title='bbox 272 4155 308 4214; x_wconf 89' lang='lat' dir='ltr'>lit,</span> <span class='ocrx_word' id='word_1_417' title='bbox 334 4163 360 4203; x_wconf 88' lang='lat' dir='ltr'>nt</span> <span class='ocrx_word' id='word_1_418' title='bbox 379 4155 402 4203; x_wconf 93' lang='lat' dir='ltr'>in</span> <span class='ocrx_word' id='word_1_419' title='bbox 421 4155 475 4204; x_wconf 88' lang='lat' dir='ltr'>aliia</span> <span class='ocrx_word' id='word_1_420' title='bbox 491 4156 544 4204; x_wconf 86' lang='lat' dir='ltr'>lieri</span> <span class='ocrx_word' id='word_1_421' title='bbox 563 4154 634 4213; x_wconf 84' lang='lat' dir='ltr'>solet,</span> <span class='ocrx_word' id='word_1_422' title='bbox 661 4155 705 4203; x_wconf 88' lang='lat' dir='ltr'>nisi</span> <span class='ocrx_word' id='word_1_423' title='bbox 725 4155 796 4217; x_wconf 88' lang='lat' dir='ltr'>paulo</span> <span class='ocrx_word' id='word_1_424' title='bbox 815 4163 870 4202; x_wconf 90' lang='lat' dir='ltr'>aute</span> <span class='ocrx_word' id='word_1_425' title='bbox 889 4153 1097 4203; x_wconf 86' lang='lat' dir='ltr'>communionem:</span> <span class='ocrx_word' id='word_1_426' title='bbox 1124 4166 1202 4216; x_wconf 87' lang='lat' dir='ltr'>neque</span> <span class='ocrx_word' id='word_1_427' title='bbox 1220 4153 1336 4202; x_wconf 91' lang='lat' dir='ltr'>attollitur</span> <span class='ocrx_word' id='word_1_428' title='bbox 1353 4153 1402 4201; x_wconf 85' lang='lat' dir='ltr'>Eu·</span> 
     </span>
     <span class='ocr_line' id='line_1_42' title="bbox 140 4232 1401 4303; baseline -0.002 -17"><span class='ocrx_word' id='word_1_429' title='bbox 140 4232 247 4297; x_wconf 66' lang='lat' dir='ltr'>tiarietiu</span> <span class='ocrx_word' id='word_1_430' title='bbox 272 4248 299 4287; x_wconf 89' lang='lat' dir='ltr'>ut</span> <span class='ocrx_word' id='word_1_431' title='bbox 316 4239 341 4287; x_wconf 89' lang='lat' dir='ltr'>in</span> <span class='ocrx_word' id='word_1_432' title='bbox 360 4239 506 4303; x_wconf 88' lang='lat' dir='ltr'>quotidianis</span> <span class='ocrx_word' id='word_1_433' title='bbox 523 4239 616 4288; x_wconf 89' lang='lat' dir='ltr'>llissis:</span> <span class='ocrx_word' id='word_1_434' title='bbox 642 4247 665 4287; x_wconf 90' lang='lat' dir='ltr'>et</span> <span class='ocrx_word' id='word_1_435' title='bbox 683 4240 796 4288; x_wconf 87' lang='lat' dir='ltr'>adoratur</span> <span class='ocrx_word' id='word_1_436' title='bbox 814 4246 901 4287; x_wconf 84' lang='lat' dir='ltr'>tamea.</span> <span class='ocrx_word' id='word_1_437' title='bbox 938 4237 1123 4288; x_wconf 74' lang='lat' dir='ltr'>carthusienses</span> <span class='ocrx_word' id='word_1_438' title='bbox 1141 4253 1185 4286; x_wconf 90' lang='lat' dir='ltr'>suo</span> <span class='ocrx_word' id='word_1_439' title='bbox 1204 4237 1257 4285; x_wconf 86' lang='lat' dir='ltr'>Ritu</span> <span class='ocrx_word' id='word_1_440' title='bbox 1276 4251 1344 4285; x_wconf 90' lang='lat' dir='ltr'>sacra</span> <span class='ocrx_word' id='word_1_441' title='bbox 1363 4237 1401 4284; x_wconf 84' lang='lat' dir='ltr'>la·</span> 
     </span>
     <span class='ocr_line' id='line_1_43' title="bbox 140 4315 1402 4384; baseline 0.005 -21"><span class='ocrx_word' id='word_1_442' title='bbox 140 4315 225 4377; x_wconf 67' lang='lat' dir='ltr'>desta,</span> <span class='ocrx_word' id='word_1_443' title='bbox 243 4322 344 4373; x_wconf 87' lang='lat' dir='ltr'>calicem</span> <span class='ocrx_word' id='word_1_444' title='bbox 362 4325 399 4372; x_wconf 83' lang='lat' dir='ltr'>rix</span> <span class='ocrx_word' id='word_1_445' title='bbox 418 4322 522 4372; x_wconf 88' lang='lat' dir='ltr'>elevant:</span> <span class='ocrx_word' id='word_1_446' title='bbox 542 4325 643 4373; x_wconf 90' lang='lat' dir='ltr'>adorant</span> <span class='ocrx_word' id='word_1_447' title='bbox 660 4332 740 4372; x_wconf 86' lang='lat' dir='ltr'>tamen</span> <span class='ocrx_word' id='word_1_448' title='bbox 758 4324 898 4384; x_wconf 90' lang='lat' dir='ltr'>sangninem</span> <span class='ocrx_word' id='word_1_449' title='bbox 918 4322 1016 4372; x_wconf 82' lang='lat' dir='ltr'>Christi.</span> <span class='ocrx_word' id='word_1_450' title='bbox 1051 4322 1145 4370; x_wconf 79' lang='lat' dir='ltr'>Elerata</span> <span class='ocrx_word' id='word_1_451' title='bbox 1165 4331 1201 4370; x_wconf 87' lang='lat' dir='ltr'>eat</span> <span class='ocrx_word' id='word_1_452' title='bbox 1219 4322 1290 4382; x_wconf 88' lang='lat' dir='ltr'>igitur</span> <span class='ocrx_word' id='word_1_453' title='bbox 1308 4320 1402 4370; x_wconf 79' lang='lat' dir='ltr'>Eucha-</span> 
     </span>
     <span class='ocr_line' id='line_1_44' title="bbox 139 4402 1401 4472; baseline 0.003 -22"><span class='ocrx_word' id='word_1_454' title='bbox 139 4402 195 4452; x_wconf 87' lang='lat' dir='ltr'>ristia</span> <span class='ocrx_word' id='word_1_455' title='bbox 216 4408 240 4455; x_wconf 90' lang='lat' dir='ltr'>ia</span> <span class='ocrx_word' id='word_1_456' title='bbox 258 4408 363 4469; x_wconf 70' lang='lat' dir='ltr'>cirurgis</span> <span class='ocrx_word' id='word_1_457' title='bbox 382 4404 523 4456; x_wconf 77' lang='lat' dir='ltr'>Nestoriana</span> <span class='ocrx_word' id='word_1_458' title='bbox 550 4423 617 4457; x_wconf 89' lang='lat' dir='ltr'>more</span> <span class='ocrx_word' id='word_1_459' title='bbox 636 4408 751 4458; x_wconf 88' lang='lat' dir='ltr'>Orientali</span> <span class='ocrx_word' id='word_1_460' title='bbox 770 4407 842 4472; x_wconf 88' lang='lat' dir='ltr'>paulo</span> <span class='ocrx_word' id='word_1_461' title='bbox 861 4415 914 4456; x_wconf 90' lang='lat' dir='ltr'>ante</span> <span class='ocrx_word' id='word_1_462' title='bbox 934 4408 1137 4466; x_wconf 85' lang='lat' dir='ltr'>communionem,</span> <span class='ocrx_word' id='word_1_463' title='bbox 1162 4407 1203 4455; x_wconf 92' lang='lat' dir='ltr'>sed</span> <span class='ocrx_word' id='word_1_464' title='bbox 1223 4420 1271 4455; x_wconf 90' lang='lat' dir='ltr'>uun</span> <span class='ocrx_word' id='word_1_465' title='bbox 1289 4414 1318 4454; x_wconf 86' lang='lat' dir='ltr'>eo</span> <span class='ocrx_word' id='word_1_466' title='bbox 1337 4405 1401 4466; x_wconf 89' lang='lat' dir='ltr'>locu,</span> 
     </span>
     <span class='ocr_line' id='line_1_45' title="bbox 138 4491 628 4555; baseline 0.004 -15"><span class='ocrx_word' id='word_1_467' title='bbox 138 4497 179 4548; x_wconf 64' lang='lat' dir='ltr'>inu</span> <span class='ocrx_word' id='word_1_468' title='bbox 194 4494 329 4555; x_wconf 62' lang='lat' dir='ltr'>animatur</span> <span class='ocrx_word' id='word_1_469' title='bbox 345 4493 371 4542; x_wconf 91' lang='lat' dir='ltr'>in</span> <span class='ocrx_word' id='word_1_470' title='bbox 388 4491 460 4542; x_wconf 83' lang='lat' dir='ltr'>blissa</span> <span class='ocrx_word' id='word_1_471' title='bbox 478 4491 628 4543; x_wconf 87' lang='lat' dir='ltr'>llslabarica.</span> 
     </span>
    </p>
   </div>
   <div class='ocr_carea' id='block_1_6' title="bbox 0 0 1527 4912">
    <p class='ocr_par' dir='ltr' id='par_1_8' title="bbox 0 0 1527 4912">
     <span class='ocr_line' id='line_1_46' title="bbox 0 0 1527 4912; baseline 0 0"><span class='ocrx_word' id='word_1_472' title='bbox 0 0 1527 4912; x_wconf 95' lang='lat' dir='ltr'> </span> 
     </span>
    </p>
   </div>
  </div>
 </body>
</html>
