3044 4912
699 116 772 190 349

189 294 385 396 Κατηχηση
411 296 548 383 αύτούς
571 306 625 397 τῷ
651 294 749 401 λόγῳ
774 307 839 396 τῆς
864 296 1052 426 ἀληθείας.

183 397 473 497 Ἀποκαλύιγη
501 399 662 485 αὐτοῖς
685 400 736 474 τὸ
750 392 1371 531 εὐαγγέλλοντῆςδικαιοσύνης.

186 500 352 600 Ἑνιύση
388 502 559 585 αὐτοὺς
592 510 645 599 τῇ
681 500 792 604 ἁγία
837 504 981 578 αὐτοῦ
1027 505 1255 600 καθολικῇ
1295 504 1373 579 καὶ

83 605 390 701 ιἰποστολικῇ
416 602 632 702 ἐκκλησία
660 607 773 699 (elem.
794 607 828 680 3
846 608 894 694 4).

83 724 94 857 η
190 714 342 795 Σῶσον,
375 706 541 802 ἐλέησον,
578 706 798 805 ἀντιλαβοῦ,
830 705 894 780 καὶ
925 701 1157 803 διαφύλαξον
1190 702 1371 791 αύτούςὸ

126 807 197 893 θεὸς
219 817 265 904 τῇ
293 815 339 904 σῇ
361 804 497 936 χάριτι.

83 926 90 957 Τ
192 911 237 987 Οἱ
261 906 528 1006 κατηχούμενοι
552 908 620 990 τὰς
643 905 852 1006 κεφαλὰς
831 915 940 1002 υμῶν
971 914 1025 1006 τῷ
1052 905 1182 1006 Κυρίῳ
1213 906 1370 984 κλίνατε.

245 1039 333 1131 Εὐχή
355 1040 612 1171 κατηχουμὲνων,
634 1041 701 1129 πρὸ
723 1046 783 1110 τοῦ
805 1037 1009 1129 δηλωθῆναι
1029 1040 1068 1107 τὸ
1091 1037 1231 1131 ειλητὸν.

192 1143 349 1245 Κύριε
331 1175 351 1219 ο
374 1145 505 1229 θεὸς
485 1153 605 1275 ημῶν,
633 1144 652 1219 ὃ
679 1148 720 1220 ἐν
745 1143 903 1271 ὑψηλοῖς
924 1150 1121 1234 κατοικῶν,
1146 1143 1282 1220 καὶτὰ
1307 1174 1373 1220 τα-

127 1246 214 1323 τιινὰ
239 1246 447 1346 ἐφορων,
428 1277 448 1322 ο
473 1247 541 1343 τὴν
567 1245 754 1346 σωτηρίαν
778 1255 832 1343 τῷ
858 1245 954 1375 γένει
978 1253 1057 1322 τῶν
1082 1241 1301 1343 ἀνθρώπων
1317 1251 1374 1334 ἐξ·
1420 1310 1424 1319 .

83 1382 85 1387 ·
128 1348 322 1432 αποστείλας
353 1348 420 1423 τὸν
452 1357 635 1478 μονογενῆ
670 1371 738 1424 σου
771 1347 855 1423 υἱὸν
887 1347 951 1423 καὶ
986 1347 1098 1437 Θεὸν,
1133 1347 1201 1423 τὸν
1232 1344 1374 1478 Κύριον

127 1448 215 1545 ἡμῶν
239 1451 383 1581 Ιησοῦν
415 1450 595 1548 Χριστὸν,
632 1449 942 1548 ἐπίβλειμονέ
950 1449 1000 1523 πὶ
1033 1449 1140 1535 τοὺς
1175 1447 1375 1536 δούλους
1466 1508 1469 1521 .

83 1592 102 1635 ς..
129 1575 194 1626 σου
223 1551 310 1637 τοὺς
340 1552 649 1648 κατηχουμὲνους,
685 1549 773 1634 τοὺς
803 1548 1086 1636 ύποκεκλικύτας
1111 1576 1169 1627 σοι
1194 1552 1305 1628 τὸν“
1287 1583 1375 1629 εαυ-

83 1678 91 1777 η
128 1659 190 1729 τῶν
212 1653 363 1749 αὐχένα,
388 1653 452 1727 καὶ
476 1653 772 1736 καταξίωσον
797 1653 966 1737 αὐτοὺς
990 1655 1041 1730 ἐν
1065 1661 1210 1752 καιρῷ
1237 1654 1375 1730 εὐθέ-

83 1780 192 1850 τῳ,
222 1764 299 1852 της
323 1763 404 1829 τοῦ
430 1762 627 1853 λουτροῦ
652 1753 1031 1882 παλιγγενεσίας,
1065 1763 1141 1880 της
1167 1755 1375 1853 ἀφέσεως

83 1898 85 1903 -
130 1862 203 1931 τῶν
235 1856 524 1985 ἁμαρτιῶν,
536 1856 615 1930 καὶ
648 1865 731 1931 τοῦ
768 1852 1029 1953 ἐνδύματος
1063 1864 1142 1952 τῆς
1184 1856 1376 1956 ἀφθαρ-

83 1994 88 2037 .·
132 1953 229 2042 σίας
265 1960 440 2034 ἓνωσον
473 1957 643 2041 αὐτούς
673 1965 725 2053 τῇ
766 1956 876 2084 ἆγίρι
913 1984 994 2034 σου
1029 1961 1261 2055 καθολικῇ
1297 1957 1375 2033 καὶ

84 2060 87 2065 ’
132 2053 393 2155 ἂποστολικῇ
426 2058 666 2156 ἐκκλησίᾳ,
701 2057 779 2133 καὶ
812 2058 1268 2160 συγκαταρίθμησον
1293 2060 1376 2135 αύ-

131 2159 217 2245 τους
239 2192 291 2258 τη
317 2163 504 2257 ἐκλεκτῇ
532 2185 616 2235 σου
641 2158 814 2256 ποίμνη
843 2163 957 2257 (elem.
977 2162 1064 2236 3.4.
1098 2162 1213 2259 Chrys
1239 2187 1272 2262 p.
1292 2165 1364 2261 51).

633 2289 845 2384 Ἕκφύνησις.

83 2416 87 2489 ξ
187 2395 261 2474 Ἵνα
286 2396 350 2472 καί
376 2395 483 2470 αὐτοὶ
508 2396 580 2473 σὺν
604 2396 696 2494 ἡμῖν
721 2392 905 2487 δοξάζωσι
943 2394 986 2472 τὸ
1010 2394 1197 2524 πάντιμον
1221 2395 1286 2473 καὶ
1309 2427 1376 2496 με-

130 2501 186 2586 γὰλ
174 2498 332 2626 οπρεπὲς
365 2494 484 2594 ὄνομα
518 2522 599 2588 σου,
634 2506 701 2573 τοῦ
726 2497 877 2595 πατρὸς,
910 2497 1066 2574 καὶτοῦ
1091 2500 1189 2590 υἱοῦ,
1220 2498 1376 2575 καὶτοῦ

133 2588 220 2691 ἁγίου
233 2596 453 2694 πνεύματος,
470 2607 543 2675 νῦν
561 2600 624 2675 καὶ
641 2599 698 2674 ἀεὶ
715 2629 778 2675 και
767 2600 845 2685 είς
860 2599 948 2685 τοὺς
962 2606 1102 2685 αἰῶνας
1116 2609 1196 2679 τῶν
1213 2597 1375 2679 αλιύνων.

197 2717 263 2786 Καὶ
285 2714 481 2797 ἐξαπλοῖ
447 2740 485 2782 το
508 2713 675 2805 ελλητὸν“
657 2743 676 2784 ο
699 2713 814 2804 ἱερεύς.

596 2830 706 2902 Καὶ(
688 2860 707 2901 ο
730 2831 892 2912 διάκονος.

189 2935 290 3012 Ὅσοι
323 2933 589 3033 κατηχούμενοι
629 2936 845 3035 προελθετε,
880 2935 917 3013 σί
948 2932 1217 3034 κατηχούμενοι
1248 2937 1377 3066 προέλ-

132 3029 274 3126 θετε,’
254 3062 354 3113 οσοι
390 3035 733 3164 κατηχούμενοι
767 3037 1019 3134 προέλθετε
1057 3042 1116 3136 (cl.
1145 3043 1199 3136 5)·
1239 3036 1377 3167 μήτις

132 3139 205 3211 τῶν
210 3141 590 3270 κατηχουμὲνων
616 3143 675 3233 (cl.
694 3143 751 3214 11.
778 3141 842 3213 lac.
861 3142 937 3249 16)·
965 3139 1045 3215 ὅσοι
1075 3141 1211 3231 πιστοί,
1236 3171 1290 3216 ιτι
1313 3169 1376 3217 και

131 3226 218 3324 fust
205 3271 242 3316 εν
268 3240 393 3341 εἰρήνη
418 3249 486 3316 τοῦ
511 3240 654 3339 Κυρίου
680 3239 821 3337 διηθωγ
824 3269 888 3315 ιεν.

198 3394 300 3470 XXII
345 3404 432 3497 Εύχὴ
455 3413 584 3475 πιστῶν
605 3406 730 3498 πρώτη,
752 3406 836 3493 μετὰ
858 3405 1061 3497 ἆπλωθηναι
1081 3408 1119 3476 τὸ
1141 3404 1280 3498 είλητόν.

199 3511 499 3610 Εὐχαριστοῦμέν
532 3538 610 3601 σοι,
647 3509 759 3609 Κύριε
793 3510 813 3585 ὃ
850 3512 936 3595 Θεὸς
968 3520 1046 3587 τῶν
1078 3506 1291 3606 δυνάμεων,
1322 3517 1376 3607 τῷ

129 3611 381 3697 44τιιξιιύσαντι
412 3612 510 3709 ἡμᾶς
542 3621 775 3710 παραστῆναι
806 3612 870 3687 καὶ
901 3621 974 3688 νῦν
1005 3621 1059 3711 τῷ
1086 3612 1181 3714 ἁγίῳ
1208 3636 1276 3687 σου
1302 3614 1377 3687 θυ-

133 3767 422 3797 *m

199 3867 341 3934 enp.xx11.
376 3869 406 3920 λλ.
425 3871 453 3921 G.
470 3870 527 3920 λου.
545 3869 603 3920 637.
632 3864 859 3937 Εὖχαριστοῦμεν
876 3867 932 3918 κτλ.
950 3863 1104 3936 εὐχομένου
1122 3862 1151 3917 δὲ
1169 3864 1262 3934 λερέως
1280 3858 1294 3917 ὅ
1313 3856 1377 3917 διεί-

131 3946 196 4004 ³⁰V⁰c
210 3949 280 4017 λίγει
299 3945 332 4002 τοὶ
348 3949 470 4018 εἰρηνικὰ
488 3952 514 4003 ελ
530 3950 605 4003 ἔστιν
623 3951 674 4011 ἔξω
691 3950 740 4003 τοῦ
757 3949 840 4020 ἁγίου
855 3943 977 4021 βήματος
995 3949 1026 4002 ἐν
1043 3949 1080 4016 τηλ
1091 3941 1308 4015 συνὴύειιὸπηι·
1320 3940 1377 4001 Ἔτι

130 4022 169 4072 ²²1
187 4028 229 4088 ἔτι.
259 4029 291 4087 ‘O
309 4027 407 4105 χορός·
431 4033 516 4106 Κύριε
539 4034 652 4102 ἐλέησον
671 4040 746 4090 etsie
764 4039 886 4105 deinceps.
918 4029 1004 4102 Ὑπλρ
1021 4033 1067 4099 τῆς
1082 4028 1165 4103 ἁγίας
1180 4035 1266 4103 μονῆς
1281 4028 1379 4099 ταύτης

130 4108 175 4163 κτλ.
191 4110 255 4189 ὑπὲρ
272 4113 420 4190 εὐκρασίας
436 4117 526 4189 ἀέρων
542 4123 597 4174 κτλ.
615 4115 684 4188 ὑπὲρ
702 4112 852 4185 πλεόντων,
870 4114 1094 4187 ὁδοιπορούντων
1110 4120 1165 4172 κτλ.
1183 4112 1252 4188 ὑπὲρ
1270 4116 1361 4188 τοῦῥυ
1362 4145 1379 4156 -

133 4192 243 4258 ⁰va
231 4207 304 4273 ημᾶς
319 4205 375 4255 κτλ.
393 4201 548 4271 ἀντιλαβοῦ,
566 4205 657 4257 σωσον
674 4205 731 4256 ιιτλ.
765 4206 868 4274 Σοιμία.
903 4201 995 4254 Πάλιν
1011 4204 1058 4254 καλ
1076 4200 1206 4262 πολλάκις
1222 4203 1276 4255 κτλ.
1294 4197 1379 4270 εὖχο-

133 4276 205 4335 Myon
222 4285 253 4339 δὲ
276 4283 405 4357 ἱερέως*
392 4307 408 4341 ο
426 4282 554 4348 διάκονος
570 4291 643 4358 λέγει
660 4287 692 4340 ιὰ
709 4284 832 4360 εἰρηνικὰ
850 4287 901 4348 ἔξω
919 4287 968 4341 τοῦ
984 4283 1066 4356 ἁγίου
1082 4281 1213 4357 βήματος.
1244 4279 1379 4356 Ὃίερεύς

135 4350 261 4431 ἐ*βαίνοις’
254 4368 355 4431 ’ὅπως
370 4373 427 4425 κτλ.

260 4544 266 4573 λ
