3044 4912
672 256 720 333 73

79 535 91 565 κ
126 437 221 564 Χίί.
260 450 335 565 Καὶ
355 446 374 519 6
396 447 583 533 ἐπίσκοπος
603 449 753 524 ιλπύτω·
777 440 801 539 ἢ
827 438 953 542 εἰρήνη
977 449 1047 519 τοῦ
1072 445 1180 518 θεοῦ
1193 447 1248 542 εἴη
1264 472 1331 541 με·

45 567 97 613 τα
123 565 281 615 παντων
305 566 428 635 υμιιιν.

135 653 209 723 Καὶ
228 660 301 737 πᾶς
320 649 340 723 ὅ
362 653 445 737 λαὸς
464 653 601 744 λεγέτω·
641 641 704 717 καὶ
728 641 823 741 μετὰ
848 652 918 721 τοῦ
942 642 1154 745 πνεύματός
1178 668 1258 722 σου.
1267 648 1291 745 ¹)

123 754 224 840 ’[Κιιί
250 753 270 826 6
298 753 453 839 διάκονος
477 755 665 849 κηροσσίτω
689 755 810 828 πάλιν·
841 747 918 821 Ἔτι
948 745 1013 823 καί
1044 749 1098 823 ἔτι
1130 747 1332 846 διηθῶμθν

53 850 121 919 τοῦ
150 846 249 919 θεοῦ
280 843 346 920 διὰ
370 852 439 922 τοῦ
463 849 633 943 Χριστοῦ
660 847 778 923 αὐτοῦ
801 845 895 947 ῦπέρ
920 855 990 923 τοῦ
1021 846 1149 949 δυίρσυ
1174 878 1331 949 προςκο-

56 943 255 1042 μισθέντσς
285 944 405 1048 κυρίῳ
435 954 490 1046 τῷ
523 949 605 1046 θεῷ
631 946 732 1033 ὅπως
756 948 776 1024 6
803 948 953 1053 ἀγαθὸς
977 947 1068 1034 θεὸς
1091 950 1329 1049 προςιίἔξηται

58 1046 147 1121 αὐτὸ
177 1046 243 1123 διὰ
275 1056 341 1145 τῆς
371 1047 555 1145 μεσιτείας
585 1057 654 1126 τοῦ
678 1056 848 1150 Χριστοῦ
880 1049 999 1128 αὐτοῦ
1023 1055 1075 1136 εἰς
1098 1051 1143 1128 τὸ
1159 1050 1329 1153 Ιἐτισυροί-

58 1177 136 1223 νιον
161 1149 280 1224 αὐτοῦ
305 1146 578 1248 θυσιαστήριον
602 1156 654 1236 εἰς
678 1151 800 1249 ὀσμὴν
825 1150 995 1237 εὐωδίας.

123 1248 229 1349 Ὑπὲρ
270 1258 335 1349 τῆς
374 1251 565 1350 ἐκκλησίας
595 1250 733 1352 ταύτης
772 1253 837 1331 καὶ
878 1262 948 1331 τοῦ
979 1261 1082 1330 λαοῦ
1114 1253 1327 1352 δεηθῶμεν,

59 1349 144 1451 ῦπέρ
176 1353 298 1450 πάσης
328 1355 536 1451 ἐπισκοπῆς,
570 1355 709 1440 παντὸς
740 1355 1023 1456 πρεσβυτερίου,
1055 1351 1176 1454 ποίσης
1196 1363 1262 1455 τῆς
1286 1360 1329 1433 ἐν

60 1557 149 1624 μένον
164 1556 214 1608 καί
229 1551 401 1617 ἁπαξαπλῶς
416 1552 488 1626 ὐπλρ
505 1549 619 1611 πάντων
634 1560 766 1624 βοηθείας
783 1558 927 1631 δεομένων
943 1555 1069 1630 δεύμεθα
1084 1551 1187 1618 πάντες
1194 1554 1274 1630 ἡμεῖς
1281 1558 1330 1612 καί

61 1632 154 1705 ταύτην
177 1642 373 1711 προςφέρομεν
395 1637 446 1706 τήν
461 1644 574 1693 θυσίαν.
592 1671 626 1681 -
649 1645 666 1697 Ι.
677 1659 714 1697 αι
739 1636 797 1696 εἰτα
813 1635 1032 1714 μνημονεύομεν
1048 1643 1096 1695 καλ
1112 1645 1168 1696 τοίν
1183 1659 1328 1714 προκεκρι-

59 1726 193 1790 μημένων,
211 1727 323 1791 πρῶτον
340 1722 705 1796 πατριαρχιῖν,”προιμητιῖν,
722 1720 894 1794 ἀποστόλων,
911 1719 1070 1798 μαρτύρων,
1088 1723 1262 1788 δποιςόθεύς
1270 1731 1330 1789 ταῖς

59 1805 145 1874 εὐχαῖς
166 1804 260 1860 αὐταῖν
281 1809 330 1861 καλ
351 1811 510 1879 πρεσβείαις
530 1800 708 1880 πρύςδέξηται
729 1806 810 1881 ήμιῖν
832 1809 881 1876 τήν
906 1809 1008 1878 δέησιν.
1043 1803 1101 1864 είτα
1118 1811 1166 1864 καλ
1183 1807 1254 1883 ὐπέρ
1272 1814 1329 1867 νῦν

61 1894 319 1963 προκεκαιμημένοιν
340 1888 431 1961 ἁγίων
445 1895 575 1963 πατέρων
591 1893 640 1946 καλ
655 1887 818 1948 ἐπισκόπων
833 1894 882 1947 καλ
897 1892 1013 1948 πάντων
1029 1890 1125 1955 ὐπίιίς
1139 1896 1195 1949 τοῖν
1211 1895 1244 1949 ἐν
1259 1886 1328 1966 ἡμίν

59 1979 326 2047 τρακειιοιμημένιον,
349 1979 485 2047 μεγίστην
508 1974 606 2044 ὄνησιν
629 1971 803 2038 πιστεύοντες
826 1977 941 2032 ἐσεαθαι
963 1984 1023 2041 ταῖς
1044 1983 1150 2048 ψυχαῖς
1165 1975 1236 2052 ὐπλρ
1253 1968 1327 2048 ιύνή

60 2057 143 2127 ίίησις
158 2058 329 2131 ἀναφέρεται
346 2063 391 2128 τῆς
408 2059 490 2131 ἁγίας
505 2063 554 2114 καί
571 2055 794 2133 φρικωδεστάτης
807 2067 1110 2135 προκειμένηςθυσίας.
1135 2068 1327 2132 Chrysoun·

60 2161 120 2197 εισι
135 2148 225 2199 Hamil.
243 2148 277 2199 25
294 2150 319 2198 in
337 2148 434 2201 Μελίας
452 2139 467 2199 6
486 2142 576 2219 ἰερεύς
591 2141 662 2216 ὑπὲρ
681 2147 726 2212 τῆς
741 2147 912 2218 οἰκουμένης,
930 2142 1000 2217 ὐπέρ
1018 2147 1074 2200 ταῖν
1089 2150 1240 2218 προτέρων,
1255 2144 1327 2221 ὐπέρ

60 2227 110 2278 οὖν
125 2230 182 2296 νῦν,
199 2226 270 2299 ὐπὲρ
288 2231 344 2282 τοῖν
358 2233 553 2299 γεννηθέντων
569 2232 624 2282 τοῖν
641 2228 813 2301 ἔμπροσθεν,
836 2228 906 2299 ὐπέρ
925 2231 979 2283 ταῖν
995 2227 1066 2301 μετὰ
1083 2233 1167 2283 ταῦτα
1184 2229 1328 2302 ἐσομένων

59 2311 97 2370 εἰς
111 2309 181 2382 ἡμᾶς
194 2315 366 2385 εὐχαριστεῖν
377 2309 495 2368 κελεύει.
529 2319 600 2369 Hom.
618 2317 635 2368 2
653 2318 677 2368 in
696 2318 790 2369 2Cor.:
813 2310 883 2385 ῦπέρ
900 2309 1070 2381 ἐπισκόπων,
1086 2312 1157 2385 ὑπέρ
1174 2318 1328 2386 πρεσβυτέ-

57 2412 124 2465 ραν,
140 2392 206 2467 ῦπέρ
221 2400 369 2466 βασιλέων,
385 2395 457 2467 ὐπέρ
475 2400 530 2452 τοῖν
547 2393 731 2471 κρατούντων,
749 2395 819 2469 ὐπέρ
835 2395 886 2468 γῆς
902 2398 950 2451 καλ
966 2395 1116 2465 θαλάσσης,
1139 2394 1209 2470 ῦπέρ
1226 2396 1326 2468 ἀέρων,

57 2474 124 2549 ὐπέρ
146 2481 190 2549 τής
211 2485 376 2552 οἰκουμένης
392 2475 510 2549 ἁπάσης.
545 2488 634 2539 ἰίοιοίλ.
655 2487 686 2538 18
703 2488 728 2536 in
745 2487 796 2537 λοι
814 2487 890 2552 λρρ.;
911 2478 1014 2555 μικρόν
1032 2482 1114 2550 ἐστιν,
1138 2484 1202 2537 εἰπέ
1215 2503 1273 2554 μοι,
1295 2483 1326 2541 εὐ

61 2565 104 2616 καί
125 2565 157 2618 ἐν
179 2571 239 2626 ταῖς
261 2562 353 2635 ἁγίαις
377 2565 535 2638 ἀναφοραῖς
551 2567 596 2621 ἀεὶ
614 2565 642 2621 τύ
660 2565 750 2637 ὄνομα
768 2583 819 2621 σου
837 2572 942 2637 (patroni
960 2571 1086 2633 eeclesiae)
1105 2567 1256 2638 ἐγκεῖσθαι,
1278 2571 1327 2623 καλ

59 2644 117 2699 καθ’
139 2645 260 2717 ἑκάστην
284 2647 390 2722 ἡμέραν
413 2648 484 2720 ὑπέρ
503 2655 547 2719 τῆς
566 2646 661 2721 κιύμης
677 2650 761 2722 εὐχὰς
776 2657 906 2723 γίνεσθαι
923 2650 993 2720 πρὸς
1010 2647 1058 2704 τὸν
1075 2646 1144 2705 θεόν
1151 2674 1161 2717 ;
1186 2658 1275 2710 Hamil.
1292 2659 1324 2711 41

58 2736 80 2785 in
98 2738 188 2789 leon:
204 2734 321 2806 μνήμην
339 2733 496 2807 ποιούμεθα
515 2738 569 2790 τῶν
586 2735 768 2790 ἀπελθόντων
785 2736 834 2790 ἐπὶ
850 2737 905 2790 τιῖν
921 2739 1007 2789 θείων
1023 2740 1184 2808 μυστηρίων
1199 2733 1325 2810 καλύπέρ

57 2814 144 2872 αὐταῖν
165 2816 303 2890 πρόςιμεν
326 2816 455 2891 ὐεόμενοι
478 2823 526 2874 τοῦ
549 2814 643 2889 ι’ίμνου
664 2824 713 2874 τοῦ
735 2824 876 2892 κειμένου,
892 2826 943 2874 τοῦ
966 2816 1099 2889 λαβόντος
1120 2818 1169 2886 τήν
1185 2818 1326 2893 ἁμαρτίαν

57 2903 100 2954 τοῦ
114 2897 225 2974 κόσμου
241 2935 276 2945 -
292 2935 327 2945 -
343 2902 358 2958 6
376 2902 521 2976 παρεστιύς
537 2907 576 2973 κρῖ
591 2910 779 2974 θυσιαστηρίῳ
797 2906 852 2960 τοῖν
875 2907 999 2976 φρικτιῦν
1016 2909 1177 2975 μυστηρίων
1193 2909 1326 2977 τελουμέ-

54 3003 108 3039 νων
128 2990 183 3055 βοᾷ
205 2983 277 3059 ὐπέρ
301 2987 415 3043 πάντων
439 2991 492 3043 τοίν
516 2991 548 3044 ἐν
565 2994 677 3058 Χρίστφ
701 2993 911 3061 κεκοιμημένων
933 2991 981 3042 καί
1002 2991 1057 3041 τῶν
1074 2984 1122 3049 τοῖς
1137 2996 1237 3060 μνείας
1252 2988 1324 3063 ὐπέρ

53 3071 141 3123 αὐτοῖν
165 3071 374 3127 ἐπιτελούντων.
399 3105 430 3114 -
449 3103 482 3115 -
501 3072 547 3126 διὰ
573 3076 651 3128 τοῦτο
673 3076 841 3145 θαρροῦντες
863 3074 933 3142 υπέρ
957 3077 1002 3141 τῆς
1019 3075 1183 3143 οἰκουμένης
1199 3070 1325 3144 δεόμεθα

54 3149 118 3225 τότε,
135 3158 184 3208 καί
200 3154 272 3227 μετὰ
288 3156 447 3231 μαρτύρων,
464 3157 534 3229 μετὰ
552 3157 737 3229 ὐμολογητῶν,
754 3156 826 3230 μετὰ
843 3160 954 3231 ἱερέων·
973 3159 1020 3210 καί
1036 3155 1090 3229 γὰρ
1108 3154 1139 3210 ἐν
1149 3160 1229 3229 σῶμα
1239 3158 1326 3231 ἐσμεν

54 3234 173 3300 ἅπαντες
194 3237 249 3308 κᾷν
266 3242 444 3312 λαμπρότερα
461 3248 529 3315 μέλη
547 3247 648 3312 μελῶν.
685 3248 773 3298 Homil.
792 3247 824 3298 24
844 3250 866 3297 in
887 3249 978 3299 leon:
1004 3237 1040 3295 ἂν
1057 3240 1205 3316 εὐλογήσης
1221 3245 1253 3317 τῇ
1269 3247 1326 3297 τούν

53 3323 199 3396 βαρβάρων
222 3330 304 3399 ρωνή
322 3325 372 3381 οὐκ
390 3325 470 3387 εἰιλιύς
489 3333 514 3380 τί
529 3331 617 3397 λέγεις
632 3326 698 3383 αὐιλέ
715 3328 883 3401 ἑρμηνεῦσαι
901 3326 1065 3399 ιλύναμενος,
1085 3327 1116 3381 οὐ
1127 3324 1325 3381 ιλύναταιύπο-

55 3413 180 3478 ιιωνήσαι
198 3409 228 3464 τύ
236 3409 322 3484 Ἀμήν
340 3408 354 3465 6
372 3413 479 3473 λαϊκός·
498 3411 529 3465 οὐ
548 3409 601 3483 γὰρ
620 3410 729 3466 ἀκούων
746 3410 775 3467 τὸ
792 3416 832 3473 εἰς
849 3412 911 3471 τούς
927 3415 1030 3472 αἰῶνας
1047 3418 1101 3465 τοῖν
1118 3412 1237 3481 αἰιύνων,
1255 3408 1325 3486 ὅπερ

55 3495 108 3548 ἐστλ
124 3498 210 3563 τέλος,
229 3495 261 3549 οὐ
279 3498 353 3566 λέγει
370 3496 400 3551 τὸ
413 3493 510 3566 Ἀμήν.

135 3587 160 3646 1)
187 3586 441 3648 chrysostomus
459 3585 548 3637 Ησωίἰ.
567 3585 582 3635 3
601 3588 624 3635 in
644 3586 753 3637 Coloss.:
778 3581 810 3634 ἐν
827 3587 885 3642 ταῖς
902 3582 1056 3647 ἐκκλησίαις
1073 3580 1192 3652 εἰρήνην,
1216 3582 1249 3634 ἐν
1266 3585 1325 3641 ταῖς

55 3661 151 3733 εὐχαῖς,
170 3665 202 3718 ἐν
220 3670 279 3725 ταῖς
294 3668 389 3733 λιταῖς,
408 3666 439 3719 ἐν
456 3670 514 3727 ταῖς
531 3663 698 3738 προςρήσεσι
714 3669 762 3719 καὶ
779 3661 855 3727 ἅπαξ
873 3668 919 3719 καλ
938 3666 981 3726 ύλς
997 3669 1045 3718 καὶ
1063 3668 1120 3736 τρὶς
1136 3668 1184 3717 καὶ
1194 3659 1326 3725 πολλάκις

54 3747 136 3814 αὐτήν
159 3749 277 3803 δίδωσιν
301 3746 315 3803 6
334 3753 378 3816 τῆς
395 3751 538 3815 ἐκκλησίας
555 3749 702 3821 προεστώς,
721 3745 815 3817 εἰρήνη
832 3750 900 3820 ἡμῖν
918 3751 1061 3820 ἐπιλέγων.
1084 3780 1118 3788 -
1136 3746 1203 3802 ὅταν
1220 3751 1325 3822 εἰςέλθη

57 3829 130 3899 ὁτής
146 3834 294 3898 ἐκκλησίας
310 3836 450 3904 προεστώς
473 3833 576 3894 εὐθέως
592 3837 679 3904 λέγει·
703 3832 797 3906 εἰρήνη
816 3837 899 3887 πᾶσι·
924 3830 992 3888 ὅταν
1009 3829 1102 3905 ὁμιλῇ·
1128 3830 1221 3901 εἰρήνη
1240 3835 1326 3886 πᾶσιν

55 3921 105 3970 κτί.
140 3923 231 3974 Βοωίλ.
250 3925 280 3973 de
298 3924 384 3974 Sancta
402 3926 512 3983 Pentec‚:
538 3923 563 3973 εἰ
583 3917 623 3992 μή
645 3920 756 3989 πνεῦμα
779 3918 861 3988 ἅγιον
884 3907 918 3986 ήν
936 3919 977 3970 ἐν.
985 3922 1022 3984 τηῖ
1037 3920 1122 3983 κοινηῖ
1137 3914 1223 3985 τούτῳ
1241 3920 1326 3990 πατρί

55 4006 97 4055 καί
114 3999 284 4071 διδασκάλῳ,
310 4005 360 4058 οὐκ
377 3998 470 4079 ιῖνιδτι
489 4002 544 4075 πρὸ
560 3994 663 4074 μικροῦ
680 4001 764 4072 ἀνέβη
784 4004 831 4056 ἐπὶ
848 3999 878 4056 τὸ
895 4000 973 4074 ἱερὸν
988 4006 1063 4070 βῆμα
1080 4004 1157 4055 τοῦτο
1175 4006 1224 4054 καὶ
1239 4004 1325 4057 πᾶσιν

56 4084 118 4157 ύμῖν
133 4088 221 4142 ἐύωκε
240 4084 352 4161 εἰρήνην
369 4091 416 4141 καὶ
432 4090 644 4159 ἐπιφθέγξασθε
664 4091 738 4156 αὐτῷ
754 4091 832 4160 κοινή
848 4085 963 4146 πάντες·
990 4089 1038 4138 καὶ
1055 4088 1092 4153 τῷ
1109 4085 1249 4158 πνεύματί
1264 4103 1324 4141 σου.

56 4169 105 4224 Διά
122 4178 202 4226 τοῦτο
219 4173 269 4226 οὐκ
287 4169 465 4240 ἀναβαίνοντι
481 4170 573 4245 μόνον
591 4169 655 4227 οὐδὲ
673 4173 815 4243 εὐχομένη
834 4162 903 4242 ὐπὲρ
917 4167 996 4241 ὑμῶν
1006 4168 1106 4238 ταύτην
1115 4173 1324 4242 ἐπιιρθέγγεσθε

57 4254 99 4321 την
114 4259 196 4327 ρήσιν
221 4255 282 4309 cm>
304 4255 370 4311 ὁτιὶν
392 4258 470 4328 παρὰ
494 4257 544 4325 τήν
561 4257 640 4331 ἱερὰν
658 4257 758 4324 ταύτην
775 4255 871 4330 ε’·σιήκη
890 4253 1040 4329 τράπεζαν·
1060 4251 1127 4310 ὅταν
1144 4254 1192 4322 τήν
1207 4253 1342 4327 ηρικτήν·

57 4339 158 4409 ἐκείνην
182 4324 287 4395 θυσίαν
313 4340 464 4415 ιἰναιρέρειν
485 4346 581 4416 με’λλη.
608 4338 697 4396 Ἵσασι
714 4341 769 4414 γὰρ
795 4345 821 4396 οἱ
843 4344 1019 4414 μεμνημένοι
1043 4338 1071 4394 εὐ
1095 4336 1262 4411 λεγόμενον·
1291 4338 1322 4394 οὐ

57 4424 187 4499 πρότερον
210 4423 325 4480 ἅπτεται
342 4430 396 4481 τῶν
413 4431 605 4499 προκειμένων
622 4425 672 4486 ἕως
689 4421 725 4481 ιῖν
740 4426 884 4493 ἐπεύξηται
903 4426 952 4496 τήν
969 4425 1045 4499 παρὰ
1063 4431 1110 4480 τοῦ
1127 4432 1224 4498 κυρίου
1237 4420 1324 4496 χάριν

57 4510 98 4562 ταλ
113 4508 195 4586 ὑμεῖς
212 4510 421 4584 ἐπιρθέγξησθε
439 4511 526 4582 αὐτῷ·
544 4513 645 4585 καὶτῷ
663 4506 803 4583 πνεύματί
818 4528 880 4567 σου.
911 4566 917 4584 ,
