3044 4912
662 238 736 311 353

152 420 254 493 XXV
294 429 409 501 Καὶ(
391 459 410 500 ο
437 433 498 518 μὲν
527 430 632 523 ίερεὸς
659 431 848 525 άποτίθησι
874 436 913 503 τὸ
942 434 1035 524 ὸίγιον
1057 436 1218 527 ποτήριον
1241 439 1275 509 ἐν
1295 402 1336 531 τίη

105 528 148 625 γίρ
167 532 329 625 τραπέζη·
352 535 410 602 τὸν
432 533 513 603 δε”
491 560 586 621 αγιον
608 533 721 604 δίσκον
742 533 895 623 λαβδν’
875 536 944 605 απὸ
966 544 1025 626 τῆς
1038 564 1097 607 του
1083 539 1268 609 διακόνου
1281 566 1336 611 κε-

105 636 186 723 αλης,
209 631 398 725 ἆποτίθησι
417 636 475 705 καὶ
497 632 597 703 αύτὸν
618 644 657 727 τῇ
679 633 758 729 ὸγίρι
778 638 937 729 τραπέζῃ,
959 639 1077 725 λέγων·

144 736 409 864 Οεύσχηιιαιν
421 737 575 837 Ἰωσήφ·
606 740 678 813 ἀπὸ
704 750 772 815 τοῦ
799 737 909 826 ξύλου
935 742 1171 819 καθελών
1135 774 1177 818 το
1194 747 1337 844 ἄχραν-

105 838 135 916 ἷν
167 863 236 914 σου
270 849 391 937 σῶμα,
430 839 574 917 σινδόνι
606 846 761 940 καθαρᾷ
795 840 939 939 εἱλήσας
970 843 1032 917 καὶ
1065 843 1262 941 ἀραίιιασιν
1294 854 1335 925 ὸν

105 938 229 1038 ιήιιατι
256 950 375 1040 καινῷ
400 940 581 1039 κηδεύσας
608 942 777 1018 ἀπέθετο.
807 945 871 1020 Εν
894 941 1004 1071 τάτριρ
1023 955 1241 1041 σωματικῶς
1257 958 1333 1024 κτλ.

105 1056 127 1128 ς
152 1040 411 1141 ζιυνφορος,
383 1074 433 1127 ως
457 1043 740 1142 παραδείσου“
712 1042 931 1144 ωραιύτερος
957 1046 1073 1131 ὄντως
1097 1047 1160 1122 καὶ
1192 1049 1334 1124 παστά-

105 1174 132 1229 ις
154 1142 274 1240 πάσης
305 1147 412 1240 βασιλ
410 1175 498 1241 ,ικης
530 1145 787 1220 διναδέδεικται
819 1146 1088 1274 λαμπρότερος,
1122 1149 1334 1246 Χριστὸ,ὸ

105 1244 184 1347 ἔφος
210 1273 292 1335 σου,
317 1246 341 1343 6
367 1247 463 1348 πηγὴ
488 1256 598 1344 τῆς]
576 1246 685 1343 τ’μῶν
711 1246 959 1332 ἀναστάσεως.

149 1372 235 1447 Εἶτα
255 1378 298 1444 τὰ
318 1378 378 1463 μὲν
399 1374 641 1465 καλά”μματα
619 1406 702 1467 αρας
722 1376 791 1449 άπό
813 1406 849 1448 τε
870 1386 930 1448 τοῦ
951 1377 1042 1468 ἱεροῦ
1063 1378 1186 1465 δίσκου,
1207 1382 1337 1453 καὶτοῦ

105 1476 161 1547 ’ίου
184 1478 357 1568 ποτηρίου,
379 1478 515 1568 τίθησιν
537 1481 571 1548 ἐν
594 1478 642 1549 ἑνί
658 1481 753 1567 μέρει
767 1488 826 1570 τῆς
841 1478 936 1568 άγίας
949 1481 1114 1572 τραπέζης
1128 1482 1185 1549 τὸν
1201 1484 1238 1552 δὲ
1252 1480 1336 1574 άίρα

105 1581 136 1648 τὸ
157 1588 223 1647 τῶν
243 1588 303 1647 τοῦ
325 1578 481 1649 διακόνου
504 1575 602 1668 ύίμιον
623 1583 743 1667 λαβὼν,
767 1584 824 1651 καί
845 1580 1017 1670 θομιάσας
1038 1582 1194 1667 σκεπάζει
1217 1582 1259 1654 δι’
1277 1583 1337 1654 αύ-

105 1688 128 1749 6
146 1682 189 1749 τὰ
211 1680 300 1811 ἅγια,
323 1682 442 1770 λέγων·

144 1782 408 1881 Ὁεύσχήιιιυν
427 1783 580 1884 Ἰωσήφ·
606 1799 669 1880 ἕως
690 1805 759 1881 6⁰6,
789 1783 971 1881 κηδεύσας
996 1787 1166 1862 ἀπέθετο.
1190 1804 1336 1872 Kana.

105 1898 135 1967 ὸν
154 1901 211 1968 τὸν
231 1901 399 2013 θεμιατὸν
421 1900 456 1969 ἐκ
476 1908 541 1968 τῶν
561 1908 621 1969 τοῦ
643 1900 797 1969 διακόνου
816 1907 948 2015 χειρῶν,
965 1908 1077 2016 θυμιᾷ
1097 1903 1139 1969 τὸι
1161 1902 1240 2015 ὸίγια
1254 1905 1334 1992 τρίς,

105 2000 184 2089 ἔγωγ·
222 1986 311 2062 Τότε
345 1989 562 2063 ἀνοίσουσιν
594 1989 652 2063 ἐπὶ
684 1989 727 2064 τὸ
759 1986 1032 2084 θυσιαστήριδν
1066 2014 1134 2065 σου
1159 1989 1334 2087 ιιύσχους.

105 2103 139 2171 ἀἱ
163 2100 314 2183 άποδοὸς
340 2104 397 2171 τὸν
424 2105 602 2190 θομιατὸν,
630 2105 687 2173 καὶ
711 2102 860 2188 χαλάσας
886 2104 925 2172 τὸ
954 2102 1131 2194 φελιόνιον,
1159 2103 1271 2186 κλίνας
1295 2131 1332 2174 τε

105 2202 132 2291 6⁷
148 2206 294 2296 κεφαλὴν
316 2205 405 2294 λέγει
426 2207 513 2296 πρὸς
533 2207 591 2273 τὸν
614 2204 778 2273 διάκονον.

105 2454 201 2513 ιλύνατε
226 2458 275 2512 τὸν
291 2453 397 2528 Κύριον
420 2456 473 2513 σύν
497 2460 561 2530 ἐμοί
578 2463 625 2512 καλ
642 2454 803 2528 ὑιμιόσιομεν
820 2456 850 2512 τὸ
868 2456 959 2527 ὄνομα
978 2461 1062 2512 αὐτοῦ
1079 2459 1126 2513 ἐπὶ
1143 2456 1172 2512 τὸ
1190 2457 1257 2514 αὐτό
1275 2466 1332 2527 (lec.

105 2546 124 2606 ί).
153 2545 209 2595 Καὶ
226 2543 304 2597 αὐτοὶ
321 2542 530 2616 ἀποκρίνονται·
554 2542 584 2597 τὸ
609 2548 719 2615 πνεῦμα
737 2539 819 2611 ἅγιον
837 2537 1009 2596 ἐπελεύσεται
1026 2546 1082 2598 κτλ.
1116 2546 1174 2596 Καὶ
1191 2540 1334 2604 αότὸςλέ-

105 2642 128 2678 υ·
148 2626 230 2696 α’μὴν,
255 2625 338 2697 ἀμην,
360 2627 469 2698 γένοιτό
485 2647 536 2701 μοι
553 2630 621 2680 κατὰ
639 2625 668 2680 τὸ
686 2629 760 2698 ῥῆμα
776 2626 857 2696 ύμιύν
873 2631 920 2680 καλ
936 2632 1074 2699 μνησθείη
1093 2624 1205 2682 πάντων
1221 2624 1301 2699 ὑμῶν
1319 2625 1334 2684 6

105 2706 142 2771 εὸς
155 2712 185 2765 ἐν
203 2715 233 2782 τῇ
248 2716 374 2781 βασιλείᾳ
391 2715 446 2766 τῶν
463 2714 590 2784 οὐρανῶν
607 2709 734 2779 πάντοτε,
753 2712 804 2764 νῦν
821 2713 866 2765 καὶ
885 2711 936 2767 ιἰεί.
968 2708 997 2765 Ὁ
1014 2708 1156 2772 διάκονος·
1181 2710 1334 2783 πληρώσω-

105 2798 191 2849 cml.
210 2826 242 2836 -
267 2800 295 2850 M.
315 2804 342 2852 C.
367 2804 422 2852 Vcn.
440 2802 498 2853 687.
533 2803 655 2851 Sacerdos
674 2808 728 2851 τότε
748 2801 852 2851 Diaconc
878 2801 1020 2865 imponens:
1042 2796 1074 2850 ἐν
1096 2789 1190 2868 εέρὴνη
1213 2795 1334 2866 ἐπάρατε

105 2872 121 2939 ἰς
134 2886 229 2952 χεῖρας
251 2877 329 2949 ἡμῶν
353 2884 391 2940 είς
408 2879 440 2934 τὸ
458 2881 524 2950 άγια
542 2884 589 2933 καλ
606 2881 742 2949 εὐλογεῖτε
762 2877 808 2933 τὸν
826 2877 945 2951 Κύριον·
969 2876 1117 2949 εδλυγησαι
1134 2896 1165 2933 σε
1183 2876 1287 2951 Κύριος
1303 2882 1335 2936 ἐκ

105 2958 145 3015 τὸν
160 2964 175 3018 6
193 2960 309 3031 ποιήσας
326 2961 374 3018 τὸν
391 2962 512 3036 οὐρανὸν
528 2968 576 3017 καλ
593 2963 641 3032 τὴν
657 2968 718 3034 γῆν,
736 2959 862 3030 πάντοτε,
881 2967 932 3016 νῦν
949 2966 996 3017 καλ
1013 2960 1056 3015 ὸελ
1072 2966 1120 3015 καλ
1136 2968 1175 3025 είς
1191 2964 1254 3025 τοὸς
1265 2970 1333 3018 ann-

105 3066 123 3106 ις
139 3051 190 3101 τῶν
212 3042 331 3104 αέιύνων.
362 3046 393 3102 ‘0
415 3048 553 3108 διάκονος·
579 3043 662 3116 ἀμην,
697 3042 765 3101 Εἶτα
789 3048 838 3101 τὸν
860 3047 943 3117 ίίγιον
966 3048 1062 3099 δίσκον
1086 3046 1134 3099 ἐπλ
1151 3052 1335 3119 τηςκορυηῆς

105 3130 151 3186 ’τοῦ
166 3131 182 3187 ὸ
199 3128 330 3192 διάκονος
343 3130 414 3202 μετὰ
431 3135 580 3203 προςευχῆς
596 3126 732 3204 λαμβάνει
748 3135 804 3184 κτλ.
830 3161 860 3171 -
880 3134 927 3183 καλ
944 3127 1075 3191 πολλάκις
1091 3135 1169 3185 τοῦτο
1186 3138 1334 3203 (μνησθείη

105 3209 170 3285 ύριος
191 3215 206 3270 6
234 3216 303 3277 Θεὸς
325 3211 439 3270 πάντων
461 3216 541 3287 ὑμῶν
563 3220 628 3279 κτλ.)
653 3218 796 3285 λέγουσιν,
820 3214 871 3275 ἕως
893 3217 1025 3288 πληρωθῇ
1048 3212 1064 3282 6
1087 3211 1196 3287 μεγάλη
1219 3218 1333 3278 είςοδος.

105 3301 264 3373 ίςερχόμενσι
279 3302 309 3355 δὲ
328 3307 367 3362 είς
383 3299 413 3355 τὸ
430 3298 511 3371 ἅγιον
528 3304 602 3373 βῆμα
621 3303 730 3370 λίγυυσι
746 3290 812 3352 καθἸ
829 3296 954 3359 ἑαυτούς·
972 3298 1157 3369 εὐλογημένος
1173 3301 1204 3354 ἐν
1215 3297 1332 3374 ὀνόματι

105 3391 182 3457 υρίοο.
216 3381 284 3439 Εἶτα
309 3381 323 3440 ό
348 3380 477 3445 διάκονος
499 3381 583 3437 πάλιν
611 3384 680 3457 πρὸς
703 3382 751 3438 τὸν
772 3386 847 3453 ίερία
870 3382 919 3452 τὴν
935 3380 1060 3455 κεραίην
1077 3380 1229 3445 δποκλίνας
1245 3390 1333 3456 λέγει·

105 3468 207 3536 νήσθητί
221 3490 287 3541 μου,
305 3472 426 3524 δέσποτα
444 3469 515 3540 ἅγιε,
534 3472 571 3537 τῷ
588 3470 753 3541 ἁμαρτωλῷ.
786 3470 844 3521 Καὶ
862 3466 876 3522 6
894 3466 995 3539 ἱερεύς·
1013 3475 1151 3537 μνησθείη
1169 3486 1220 3523 σου
1231 3467 1335 3540 Κύριος

109 3554 171 3614 Θεὸς
186 3556 217 3607 ἐν
235 3560 266 3626 16
281 3558 405 3623 βασιλείᾳ
422 3560 479 3610 κτλ.
515 3561 571 3608 Post
590 3560 777 3609 incensationem
796 3558 858 3607 n6nis
882 3585 915 3593 -
933 3549 947 3606 6
965 3547 1094 3612 διάκονος
1109 3556 1200 3623 θυμιᾷ
1217 3549 1250 3605 τὰ
1266 3550 1333 3621 ἅγια

105 3638 127 3697 λς
141 3642 227 3708 λέγων
245 3635 344 3699 ούτιος·
362 3633 603 3709 ιἰγάθυνονίίύριε
621 3639 653 3691 ἐν
671 3640 702 3709 16
719 3636 831 3705 εὐδοκία
848 3654 900 3690 σου
917 3633 965 3702 τὴν
981 3634 1067 3688 Σιών.
1101 3630 1169 3687 Εἶτα
1188 3628 1334 3707 εὐχόμενοι

110 3737 115 3750 ·
137 3718 151 3775 ὸ
172 3722 239 3783 Θεὸς
261 3720 393 3790 ίλιίσθητί
411 3742 468 3794 μου
491 3725 547 3775 κτλ.
572 3725 734 3793 ἔμπροσθεν
756 3726 802 3789 τῆς
823 3720 906 3790 ἁγίας
921 3724 1052 3789 τραπέζης
1068 3722 1250 3791 προςκυνοῦσι
1268 3724 1333 3791 τρίς.

105 3802 225 3878 ιλόμίν
241 3806 331 3878 ίερεύς
346 3811 462 3874 ἵσταται,
480 3805 495 3861 6
513 3808 543 3860 δὲ
561 3803 689 3866 διάκονος
708 3802 754 3871 τὴν
772 3804 875 3874 αὸχίνιι
893 3806 987 3865 κλίνας
1003 3802 1073 3874 πρὸς
1089 3804 1137 3857 τὸν
1154 3805 1229 3873 ίερία
1245 3806 1333 3873 λέγει·

105 3892 142 3951 §aa
160 3890 229 3963 ὑπὲρ
247 3892 325 3961 ἐμοῦ,
343 3894 474 3947 δέσποτα.
498 3888 574 3945 ’0δέ
593 3889 681 3962 ίερεύς
696 3895 783 3959 λέγει·
802 3891 913 3958 πνεῦμα
930 3889 1011 3959 ἅγιον
1028 3891 1084 3941 κτλ.
1109 3884 1139 3941 Ὁ
1155 3890 1186 3941 δὲ
1204 3882 1334 3949 διάκονος

105 3994 153 4031 νει·
172 3975 201 4031 τὸ
217 3975 286 4029 αὐτὸ
303 3977 414 4045 πνεῦμα
431 3978 486 4028 κτλ.
504 3975 647 4047 μνήσθητί
660 3994 725 4045 μου,
743 3976 862 4029 δέσποτα
880 3974 952 4044 ι’ίγιε.
972 3968 1002 4026 Ὁ
1018 3970 1241 4043 δὲίερεύςλέγει·
1257 3990 1333 4043 μνη-

106 4066 147 4127 είη
164 4076 216 4115 σου
233 4063 290 4113 κτλ.
324 4062 381 4113 Καί
398 4061 591 4131 προςκυνήσας
607 4062 715 4130 ἔρχεται
732 4059 763 4112 ἐν
781 4062 817 4126 τη]
834 4055 948 4125 συνήθει
965 4054 1041 4126 τόπῳ
1059 4058 1162 4127 λίγαν·
1179 4052 1333 4130 πληρώσαι-

105 4148 191 4202 νκτλ.

151 4234 231 4285 Editio
250 4236 337 4285 Veneta
355 4237 478 4297 vetustior,
497 4250 509 4283 ο
529 4235 607 4285 Goare
625 4243 822 4295 οοιαιοετοοτοίε,
844 4241 925 4283 monet
943 4232 1106 4295 Sacernnen,
1130 4247 1160 4282 ne
1185 4234 1209 4283 in
1233 4232 1333 4283 circuitu

105 4329 180 4381 ροισι
196 4320 222 4371 λιι
241 4320 331 4383 templo
351 4320 456 4371 iacentes
474 4320 537 4385 pede
564 4327 651 4383 Ιοοριιῑ,
676 4320 719 4369 εει]
737 4329 791 4371 oret
807 4318 960 4369 solummedo
978 4332 1023 4384 ρτο
1041 4320 1078 4369 iis.
1113 4316 1155 4367 ns.
1178 4310 1210 4365 ἐν
1225 4303 1334 4382 μεγάλη

105 4400 161 4468 όδρι
185 4420 272 4471 preces
290 4405 367 4455 fundit
389 4421 434 4471 pro
459 4407 603 4470 imperatore
627 4413 651 4453 οι
674 4406 763 4456 familie
788 4404 849 4468 eius,
872 4418 917 4469 ρτο
935 4411 1017 4455 anneta
1034 4402 1136 4467 εςοοδο,
1158 4416 1204 4467 pre
1222 4399 1333 4453 omnibns

105 4490 209 4541 rinianis
224 4490 373 4541 orthodoxis.
