3044 4912
718 246 792 321 432

122 427 268 528 πάσης
303 433 444 530 ἀρχῆς
479 429 556 506 καὶ
591 428 830 519 ἐξουσίας,
867 428 920 504 τά
956 424 1273 524 πολυόμματα
1305 431 1375 503 Χε-
1418 437 1432 505 ε’

122 533 320 662 ρουβὶμ,
353 532 430 609 καὶ
442 532 748 661 ἑξαπτίρυγα
773 530 1016 630 Σεραφὶμ,
1047 529 1131 615 τάς
1155 531 1293 660 ὄψεις
1313 558 1377 605 κα·
1422 566 1432 608 :

123 630 359 711 λύπτοντα
377 664 454 709 και
442 633 719 731 βοῶντα
675 663 755 709 τον
772 633 945 728 ὕμνον,
966 628 1396 773 ἀλληλούϊαίλεελό).-
1426 666 1432 710 ;

205 748 244 818 Ὁ
272 748 425 830 διάκονος
450 755 562 840 θυμιᾷ
588 748 740 837 γόρωθεν
765 748 825 838 τήν
857 746 953 836 ἁγίαν
978 747 1163 837 τράπεζαν,
1196 749 1256 818 καί
1280 749 1324 817 τὰ
1341 743 1380 816 A
1429 800 1432 805 -

122 877 232 937 πτυγα
252 860 317 921 τῶν
337 877 374 920 τε
396 848 524 934 ζώντων
544 850 602 920 καὶ
621 850 863 941 κεκοιμημένων
885 841 931 917 ών
950 848 1119 935 βούλεται,
1139 847 1348 943 μνημονεύει
1430 878 1432 905 ²

472 1001 511 1071 ‘O
533 1000 604 1072 (λεε
592 1003 698 1093 ιερεάς
719 997 848 1089 είίχεται
868 1008 1043 1090 μυστικῶς.

211 1107 334 1184 ToA‘A‘
312 1105 441 1236 αγίου
439 1104 624 1236 Ἰωάννου
646 1117 714 1183 τοῦ
739 1104 932 1238 προφήτου
957 1102 1189 1204 προδρόμου,
1226 1105 1294 1180 καί
1317 1108 1384 1179 Βα-

123 1218 289 1299 πτιστοῦ,
315 1218 394 1285 τῶν
418 1208 539 1340 ἁγίων
563 1210 626 1285 καὶ
652 1209 908 1339 πανευφήαων
934 1207 1164 1296 ἀποστόλων,
1192 1215 1264 1282 τοῦ
1289 1206 1386 1309 ἁγίου

121 1320 191 1387 τοῦ
226 1305 441 1400 ἀεῖνος,οὗ
475 1310 538 1386 καὶ
572 1311 641 1408 τὴν
677 1310 829 1441 μνήμην
861 1316 1107 1406 ἐπιτελοῦμεν,
1143 1308 1209 1385 καὶ
1241 1306 1386 1385 πάντων

122 1421 200 1487 τῶν
236 1413 356 1541 ἁγίων
391 1438 472 1501 σου,
507 1406 562 1487 ῶν
596 1420 677 1498 ταῖς
712 1413 862 1498 ἱκεσίαις
895 1413 1089 1510 ἐπίσκεψαι
1120 1411 1221 1508 ἡμᾶς
1247 1410 1271 1486 ἁ
1300 1408 1388 1499 θεός,
1430 1474 1432 1489 ,

122 1514 186 1589 καὶ
211 1512 401 1610 μνήσθητι
426 1512 578 1590 πάντων
602 1524 681 1591 τῶν
707 1515 1123 1614 προκεκοιμημίνωνέπ
1078 1511 1325 1589 ἐνίελπίάι’
1305 1542 1389 1588 ονε
1430 1600 1432 1607 Ι

125 1613 288 1699 στάσεως
314 1615 409 1712 ζωῆς
435 1615 600 1691 αἰωνίου.

206 1745 411 1818 Ἐνταῦθα(
392 1776 411 1819 ο
435 1747 540 1837 ἱερεὺς
560 1729 757 1839 μνημονεύει
778 1740 824 1816 ών
845 1748 942 1819 θέλει
964 1746 1092 1832 ζώντων
1111 1748 1169 1817 καί
1185 1745 1391 1818 τεθνεώτων·

122 1849 180 1918 καί
200 1848 285 1938 ὑπερ
306 1851 409 1936 μὲνζ
407 1850 518 1921 ώντων
538 1851 637 1939 λέγει.

203 1953 307 2052 Υπὲρ
341 1956 525 2053 σωτηρίας
556 1955 778 2052 ἐπισκέψεως
811 1956 976 2054 ἀφέσεως
1001 1962 1079 2030 τῶν
1104 1953 1308 2053 ἁμαρτιῶν
1330 1960 1390 2029 τοῦ

125 2052 262 2131 ἀσύλου
287 2066 355 2131 τοῦ
385 2063 490 2148 Θεοῦ,
516 2065 584 2133 τοῦ
610 2057 740 2142 ἀεῖνος.

205 2169 307 2262 Ὑπὲρ
330 2173 368 2242 δὲ
388 2172 581 2244 τεθνεώτων
601 2172 700 2262 λέγει.

146 2310 150 2323 =
203 2275 307 2374 Ὑπὲρ
345 2276 590 2362 ἀναπαύσεως
623 2278 687 2352 καὶ
720 2277 884 2374 ἀφέσεως
919 2285 983 2372 τῆς
1015 2284 1137 2372 ψυχῆς
1162 2283 1232 2351 τοῦ
1258 2271 1390 2352 ἀσύλου

125 2403 206 2467 σου,
232 2387 300 2455 τοῦ
327 2378 460 2471 δεῖνος,
486 2385 527 2455 ἐν
552 2377 655 2477 τόπῳ
682 2387 865 2477 φωτεινῷ,
891 2379 989 2453 ἔνθα
1016 2377 1159 2475 ἀπέδρα
1178 2374 1291 2475 λύπη,
1318 2404 1390 2452 στε·

124 2480 279 2582 ναγμὸς,
307 2479 529 2557 ἀνὰπαυσον
556 2479 692 2564 αὐτοὺς
718 2480 737 2555 ὁ
768 2480 855 2563 Θεὸς
878 2479 998 2577 ήμῶν.

567 2653 748 2726 Μυστικῶς
769 2647 828 2735 τὴν
850 2644 955 2736 εὐχήν.

209 2749 296 2822 KAAA
323 2747 601 2823 ἀνάπαυσον
621 2752 810 2838 αὐτοὺς,
839 2751 951 2825 ὅπου
971 2750 1282 2824 ε’πισκοπεῖτὸ
1304 2758 1389 2875 φῶς

42 2894 47 2901 -
125 2857 205 2923 τοῦ
231 2879 475 2946 προςωπου
503 2878 584 2926 σου
613 2855 686 2944 (Aac
700 2855 772 2949 36)
798 2854 886 2925 Ετι
914 2878 994 2927 σου
1022 2849 1255 2945 δεόμεθα,
1284 2881 1389 2946 μνη-

126 2957 264 3047 σθητι
303 2951 441 3047 Κύριε
477 2962 555 3050 τῆς
591 2954 729 3055 ἁγίας
766 2979 846 3028 σου
882 2959 1140 3048 καθολικῆς
1173 2955 1252 3027 καὶ
1279 2956 1386 3027 ἀπο-

127 3063 340 3150 στολικῆς
373 3055 637 3152 ἐκκλησίας,
672 3066 749 3153 τῆς
784 3057 871 3129 ἀπὸ
906 3053 1121 3154 περάτων
1148 3057 1231 3184 ἔρις
1256 3052 1389 3150 περὰ

125 3185 217 3229 των
241 3165 320 3252 τῆς
347 3159 643 3254 οίκσυμενης,
670 3159 746 3232 καὶ
773 3155 986 3283 είρήιευσον
1013 3157 1143 3253 αὐτὴν,
1169 3158 1224 3252 ἣν
1251 3185 1388 3253 περιε-

127 3254 301 3350 ποιήσω
327 3267 387 3355 τῷ
414 3289 553 3355 τιιιιφ
581 3263 742 3355 αἵματι
769 3266 1078 3357 τοῦΧριστοῦ
1106 3285 1188 3332 σου
1209 3261 1323 3353 (Clem.
1338 3262 1387 3332 15

125 3361 189 3431 lac.
210 3361 283 3455 34),
319 3361 381 3433 καὶ
415 3360 483 3434 τὸν
519 3362 627 3461 ἅγιον
663 3361 766 3435 οἶκον
798 3369 933 3436 τοῦτον
967 3362 1169 3458 στερίωσον
1201 3362 1310 3457 μέχρι
1335 3387 1389 3453 τηε·

127 3461 334 3544 συντελείας
359 3470 427 3535 τοῦ
445 3467 589 3545 αλῶνος.
619 3460 894 3558 Μνήσθητι,
921 3461 1080 3560 Κύριε,
1107 3470 1199 3536 τῶν
1226 3463 1280 3590 το)
1308 3461 1389 3586 ἀρ]-

126 3558 180 3654 ρυί
208 3587 279 3635 σοι
305 3571 452 3637 ταῦτα
479 3563 897 3659 προςκομισὰντων
924 3569 999 3660 (λου
1020 3569 1094 3657 34),
1120 3564 1182 3638 καὶ
1208 3563 1302 3658 ὑπὲρ
1330 3557 1389 3649 ῶν,

124 3663 188 3736 καὶ
222 3659 334 3737 ἀι
304 3695 370 3753 ων,
404 3666 466 3739 καὶ
493 3667 545 3763 ἐφ’
577 3665 643 3754 οἷς,
678 3667 774 3741 αάτά
801 3665 1080 3763 προςεκόμισαν.
1118 3666 1389 3761 Μνήσθητι,

125 3763 286 3891 ἔτ’όριε,
314 3777 405 3842 τῶν
431 3767 864 3865 καρποφορούντων
891 3770 967 3843 καὶ
986 3764 1391 3868 καλλιεργοόντων

124 3895 172 3938 εν
208 3875 310 3950 ταῖς
346 3868 503 3995 ἁγίαις
536 3895 618 3943 σου
653 3872 940 3964 εκκλησίαις,
974 3872 1051 3944 καὶ
1084 3895 1392 3964 μεμνημενωι

125 3975 216 4040 τῶν
242 3969 453 4066 πενήτων
474 3974 634 4066 (Clem.8.
655 3975 718 4046 Ιεε.
731 3975 803 4070 34)
823 3975 996 4071 Άμειψαι
1025 3970 1160 4053 αὐτοὺς
1187 3978 1265 4054 τοῖς
1285 3980 1393 4044 πλου-

126 4070 218 4152 σίοις
244 4096 311 4144 σου
337 4073 399 4146 καὶ
425 4075 658 4202 ἐπρυρανίοις
680 4074 921 4203 χαρίσμρισιν
966 4072 1133 4170 Χοίρισαι
1160 4072 1287 4156 αὐτοῖς
1313 4071 1393 4146 ἀντὶ

125 4179 201 4246 τῶν
228 4174 409 4274 ἐπιγείων,
436 4175 483 4248 τά
510 4174 730 4270 ἐπουράνια
759 4177 844 4251 ἀντὶ
869 4184 948 4250 τῶν
967 4174 1214 4270 προςκαίρων,
1241 4175 1289 4247 τὰ
1307 4171 1394 4246 αίώ-

125 4300 204 4345 νια
233 4275 318 4349 ἀντὶ
343 4284 421 4349 τῶν
448 4281 649 4406 φθαρτῶν,
677 4278 723 4351 τά
751 4280 945 4407 ἄφθαρτα.
991 4276 1273 4372 Μνήσθητι,
1307 4272 1394 4348 Κό

125 4402 211 4468 ριε,
248 4385 338 4450 τῶν
373 4407 420 4451 εν
454 4379 687 4474 ερημίαις,
724 4381 800 4453 καί
835 4382 979 4476 ὄρεσι,
1017 4378 1282 4476 σπηλαίοις,
1321 4375 1394 4450 καὶ

123 4477 579 4582 ταῖςόπαῖετῆςγῆς.
609 4481 886 4579 Μνησθητι,
914 4480 1074 4582 Κύριε,
1101 4485 1391 4577 τῶνὲνπαρ-
