3044 4912
677 220 748 295 431

160 412 201 482 ‘0
217 410 380 496 διάκονος.
409 397 538 498 Ἀμήν.

162 516 235 585 Καὶ
248 510 351 599 αὖθις
362 515 382 587 6
396 515 549 599 διάκονος
562 515 717 587 δεικνύων
728 517 814 606 μετὰ
826 515 972 610 ιίραρίου
985 519 1029 589 τὰ
1042 517 1123 610 δίγια
1137 513 1241 614 άμφω
1252 521 1350 611 λέγει.

160 617 379 722 Εὐλόγησον
403 621 575 697 δέσποτα.

159 734 200 804 ‘0
222 734 292 806 δέ’
281 736 388 825 ιερεύς
408 734 552 825 εὐλογῶν
570 736 657 824 μετὰ
676 744 737 827 τῆς
755 738 865 829 χειρὸς
886 735 1061 871 άμψότερα
1081 765 1125 809 τοι
1110 738 1228 830 άγια,
1249 739 1349 831 λέγει.

161 840 405 938 Μεταβαλιδν
429 850 483 940 τῷ
508 841 693 939 πνεύματί
719 869 788 919 σου
813 852 867 943 τῷ
893 844 999 946 ἁγίῳ.

160 940 536 1041 ‘066106924666
584 956 673 1048 Τρίς.

162 1059 235 1127 Καὶ
255 1058 314 1148 τὴν
334 1057 521 1150 κεφαλὴν(
503 1086 522 1129 ο
544 1059 698 1142 διάκονος
717 1058 898 1144 όποκλίνας
918 1067 966 1152 τῷ
987 1058 1085 1150 ίερεῖ,
1106 1060 1163 1130 καί
1184 1059 1290 1131 είπών
1311 1063 1351 1131 τό

162 1160 373 1260 Μνήσθητί
397 1192 473 1259 μου
499 1163 579 1266 άγιε
606 1163 767 1242 δέσποτα
792 1175 861 1242 τοῦ
885 1165 1123 1262 άμαρτωλοῦ,

99 1275 283 1349 εθίσταται
311 1278 346 1347 ἐν
374 1271 402 1369 ᾦ
430 1278 593 1370 πρότερον
619 1283 736 1351 ἵστατο
755 1279 870 1371 τόπῳ,
906 1281 1024 1368 λαβὼν
1042 1280 1099 1349 καὶ
1129 1279 1169 1348 τὸ
1198 1277 1350 1370 ριπίδων

99 1374 182 1462 όθις
203 1378 248 1462 ιδς
267 1378 441 1472 πρότερον.
745 1452 749 1465 ,

530 1499 567 1570 ‘0
590 1498 696 1634 666663
716 1498 902 1585 ἐπεύχεται.
971 1521 973 1524 ⁴

148 1604 269 1702 Ήμᾶς
294 1604 335 1680 δὲ
361 1602 515 1695 πάντας,
542 1605 629 1690 τοὺς
654 1609 695 1681 ἐκ
720 1614 788 1682 τοῦ
815 1606 947 1691 ἑνὸς”
922 1635 1038 1704 αρτου
1063 1605 1219 1682 καὶτοῦ
1237 1632 1350 1701 ποτη-

99 1705 161 1782 ίου
185 1707 421 1803 μετέχοντας,
447 1705 603 1793 ἑνώσαις
629 1704 797 1804 ἀλλήλοις
821 1713 871 1792 εἰς
896 1709 978 1793 ἑνὸς
1002 1704 1213 1803 πνεύματος
1238 1704 1349 1807 ἁγίου

98 1809 290 1898 οινωνίαν,
326 1811 389 1884 καὶ
424 1809 622 1906 μηδέναε
597 1818 711 1937 ημῶν
746 1815 797 1894 εἰς
828 1809 957 1907 κρίμα,
992 1808 1016 1906 6
1050 1814 1100 1893 εἰς
1123 1804 1348 1904 κατάκριμα,

99 1906 245 2037 οιησαις
269 1908 466 2041 μετάσχειν
492 1920 560 1987 τοῦ
585 1911 695 2040 ἁγίου
722 1913 894 2009 στόματος
918 1941 982 1987 και
970 1910 1155 2006 αἵματος
1171 1938 1240 1984 του
1221 1914 1349 2005 Χ-ρι

99 2020 168 2140 τρῦ
202 2038 288 2087 σου·
324 2013 396 2087 ἀλλ’
432 2015 510 2089 ἵνα
545 2014 754 2110 εὕρωμεν
785 2014 913 2088 ἒλεον
945 2013 1023 2088 καὶ
1054 2009 1198 2140 χάριν
1233 2008 1348 2105 μετά

108 2110 265 2190 άντων
291 2123 383 2191 τῶν
409 2114 577 2243 ἁγίων,
604 2123 696 2191 τῶν
722 2116 793 2190 ἀπ’
816 2111 986 2199 αἰῶνός
1006 2140 1077 2189 σοι
1095 2112 1348 2209 εὐαρεστη-

105 2212 262 2291 άντων
308 2214 645 2314 προπατόρων,
691 2224 1024 2313 πατριαρχῶν,
1070 2221 1347 2342 προφητῶν,

105 2314 373 2407 ποστόλων,
404 2315 646 2415 κηρύκων,
680 2318 1047 2446 εὖαγγελιστῶν,
1073 2314 1346 2443 μαρτύρων,
1464 2385 1466 2388 ⁴

100 2426 399 2547 μολογητῶν,
427 2417 748 2510 διδασκάλων,
781 2449 859 2496 και
846 2418 1058 2503 παντὸς
1082 2414 1349 2515 πνεύματος

106 2519 287 2610 ικαίου,
314 2525 362 2597 ἐν
387 2522 541 2596 πίστει
566 2523 931 2619 τετελειωμένου
960 2524 1034 2618 (lac.
1048 2522 1120 2620 34).

619 2685 802 2779 Ἔκφιόνως.

151 2791 424 2888 Ἕξαιρέτως
458 2800 536 2887 τῆς
575 2793 810 2920 παναγίαρ
852 2789 1113 2890 ἄχράντου,
1149 2789 1347 2885 ὑπερευ-

100 2894 385 3023 ογημένης,
401 2891 596 2978 ἐνδόξου
640 2893 952 2989 δεσποίνης
932 2901 1061 2990 ημῶν
1096 2888 1347 2979 θεοτόκου,

102 2997 152 3071 αὶ
180 2994 500 3093 άειπαρθένου
527 2997 730 3124 Μαρίας
745 2998 820 3091 (Iac.
833 2997 904 3093 35).

156 3107 314 3199 Ὁχορὸς
334 3108 469 3203 ψάλλει,
498 3096 556 3170 ἐπὶ
583 3098 641 3171 σοὶ
663 3095 795 3193 χαίρει
833 3108 876 3178 Ει
898 3109 936 3178 δέ
957 3105 1088 3178 ἐστινε
1068 3135 1088 3199 η
1110 3103 1235 3197 μεγάλη
1257 3104 1328 3191 πέμ
1329 3148 1347 3160 -

99 3238 152 3305 τη,
175 3210 310 3303 ψάλλει.

164 3322 239 3390 Τοῦ
272 3313 425 3390 δείπνου
459 3340 528 3390 σου
561 3323 629 3390 τοῦ
663 3323 845 3400 ιιυστικοῦ
880 3312 1042 3412 σήμερον
1065 3314 1121 3390 υἱὲ
1151 3316 1245 3386 Θεοῦ
1269 3339 1347 3385 κοι-

99 3416 200 3494 ωνόν
225 3446 270 3511 με
296 3415 502 3513 παράλαβε,
531 3417 576 3492 οὐ
600 3417 652 3514 μὴ
678 3415 751 3541 γάρ
777 3423 854 3501 τοῖς
879 3420 1030 3514 ἐχθροῖς
1056 3440 1124 3490 σου
1143 3413 1187 3488 τὸ
1203 3408 1346 3540 μυρεψ-

99 3549 159 3595 ιον
184 3524 284 3594 εἴπω.
315 3520 371 3595 06
398 3515 542 3617 φίλημά
569 3544 627 3593 σοι
654 3517 766 3595 δώσω
791 3515 1004 3649 καθάπερ“
986 3548 1006 3593 ο
1019 3515 1174 3605 Ἰούδας,
1201 3513 1273 3587 άλλ
1296 3540 1346 3595 ως

121 3621 255 3718 ληστὴς
280 3619 449 3724 ὁμολογῶ
476 3646 547 3709 σοι,
580 3617 771 3718 μνησθηιί
796 3648 872 3717 μου
898 3618 1012 3719 Κύριε
1038 3623 1079 3695 ἐν
1104 3627 1149 3715 τῇ
1174 3613 1345 3714 βασιλείᾳ

99 3753 144 3798 ου
171 3751 202 3822 ρ.
216 3724 301 3798 368.

159 3837 203 3906 Εἰ
225 3839 301 3908 δέὲ
303 3862 357 3906 στι
377 3837 416 3905 τὸ
436 3864 522 3926 μεγα
544 3834 723 3924 σάββατον,
745 3835 881 3929 ψάλλει.

158 3939 440 4071 Σιγησρίτω
438 3949 561 4017 πᾶσα
588 3940 937 4071 σάρξβρστεία,
963 3941 1041 4016 καὶ
1063 3936 1210 4037 στήτω
1228 3934 1345 4033 μετά

99 4041 232 4139 όβου
258 4073 335 4119 και
359 4040 558 4171 τρόμου,
583 4072 661 4117 και
649 4043 831 4142 μηδεν
856 4041 1022 4146 γήινον
1041 4043 1127 4117 ἐν(
1109 4070 1251 4136 εαυτη
1234 4047 1346 4111 λο-

104 4144 299 4237 ιζέσθω·
333 4144 489 4248 Ὁγάρ
521 4145 745 4242 βασιλεὺς
769 4155 861 4222 τῶν
885 4140 1241 4243 βασιλευόντων
1266 4135 1346 4213 καὶ

101 4245 235 4348 άριος
267 4255 359 4323 τῶν
392 4244 691 4344 κυριοόντων
725 4276 1003 4346 προερχεται
1039 4242 1345 4346 σφαγιασθῆ-

104 4378 171 4439 αι,
197 4378 275 4424 και
262 4348 507 4445 δοθῆναι
534 4354 598 4433 εἰς
621 4352 805 4447 βρῶσιν
829 4356 929 4432 τοῖς
954 4351 1147 4430 πιστοῖς.
1190 4349 1344 4439 Προη-

104 4460 272 4531 οῦνται
297 4450 346 4528 δε
372 4458 541 4528 τοῦτου
569 4451 608 4524 οί
632 4453 767 4552 χοροὶ
791 4458 883 4529 τῶν
909 4450 1210 4552 άρχαγγέλων
1228 4442 1343 4543 μετὰ
