3044 4912
650 226 721 301 ³11

95 417 196 480 οιτΙοε
226 414 324 496 posita
347 421 395 475 est
416 411 511 475 oratio
541 412 625 488 ,τοῦ
645 403 791 494 μεγάλου
818 404 1029 477 Βασιλείου“.
1070 409 1176 500 Κύριε
1196 408 1216 480 δ
1239 412 1325 494 Θεὸς

95 519 161 609 μῶν,
182 509 201 579 δ
221 511 281 601 τήν
301 510 362 600 σήν
381 506 513 598 είρήνην
533 507 686 589 δεδωκὼς
706 512 778 588 τοῖς
793 504 1002 596 ἀνθρώποις,
1023 511 1080 578 καὶ
1093 511 1225 601 τήντοιῖ
1238 539 1325 582 παν-

95 613 155 701 γίου
175 610 371 698 Πνεύματος
398 609 525 697 δωρεὸν
550 615 623 689 τοῖς
649 613 723 689 σοῖς
742 615 932 700 Μαθηταῖς
951 609 1008 679 καί
1026 607 1246 696 Ἀποστόλοις
1264 641 1325 684 κα-

95 716 251 806 ιπέμψας,
273 712 330 782 καί
349 711 393 779 τὸ
412 709 539 780 τούτων
558 707 649 801 χείλη
671 707 708 780 έκ
728 707 875 798 πυρίνων
901 713 1057 799 γλωσσῶν
1077 713 1247 798 διανοίξας
1268 718 1326 785 δν-

95 816 156 905 ήιιει
176 841 247 897 σου,
271 812 437 896 διόνσιξον
457 812 515 882 ναί
533 808 628 902 ήμῶν
648 818 713 880 τῶν
727 808 931 901 ἁμαρτωλῶν
943 814 986 881 τὸ
997 812 1099 906 χείλη,
1120 816 1178 886 καί
1191 816 1326 900 δίδαξον

95 926 155 1000 ιᾶς,
183 926 257 997 πῶς
284 919 345 996 δεῖ,
372 916 429 984 ναί
449 911 535 1001 ύπὲρ
557 904 603 981 ῶν
622 914 682 1002 χρή
704 912 961 1003 προςεύχεσθαι.
1003 916 1214 1005 Κυβέρνησον
1233 917 1328 1005 ήμῶν

95 1048 117 1088 ν
139 1019 224 1106 ζωήν
245 1015 264 1085 δ
286 1013 398 1097 εύδιος
418 1021 484 1083 τῶν
502 1014 746 1101 χειμαζομένων
767 1016 873 1106 λιμήν,
894 1015 952 1083 καὶ
972 1014 1131 1104 γνώρισον
1144 1015 1223 1109 ήμῖν
1235 1015 1326 1103 όδόν,

111 1113 136 1211 ᾗ
155 1117 408 1207 πορευσόμεθα.
435 1123 574 1203 Πνεῦμα
595 1113 697 1197 εύθές
716 1113 901 1204 ἐγιαίνισον
922 1117 957 1186 έν
977 1123 1049 1198 τοῖς
1062 1116 1213 1207 ίγκύτοις
1224 1113 1327 1210 ήμῶν,

95 1223 118 1291 τὸ
147 1219 313 1306 πνεύματι
331 1216 515 1308 ἡγεμονικῷ
535 1217 574 1286 τὸ
595 1224 655 1306 τῆς
675 1219 828 1298 διανοίας
847 1215 940 1308 ήμῶν
960 1217 1114 1309 στήριξον
1135 1217 1327 1312 όλοσθηρόν.

95 1351 125 1393 ια
143 1319 224 1393 καθ’
247 1319 385 1410 ἑκάστην
405 1317 530 1410 ἡμέραν
550 1325 598 1407 τῷ
607 1315 780 1405 Πνεύματί
799 1342 860 1387 σου
881 1326 929 1410 τῷ
950 1316 1071 1410 ἀγαθῶ
1091 1322 1178 1410 πρὸς
1191 1323 1232 1391 τὸ
1244 1346 1328 1411 συμ-

95 1427 164 1514 ῖρυν
185 1421 410 1513 ὁδηγούμενοι,
435 1420 698 1506 καταξιωθῶμεν
718 1426 832 1490 ποιεῖν
851 1422 913 1502 τὰς
933 1419 1070 1504 δντολός
1091 1446 1161 1507 σου,
1191 1425 1249 1494 καί
1269 1430 1329 1516 τής

95 1533 121 1608 ῖς
141 1523 196 1595 όεί
216 1521 430 1616 μνημονεύειν
451 1519 596 1604 ἐνδόξου,
618 1522 675 1591 καί
696 1520 902 1614 όρευνητικής
914 1529 982 1591 τῶν
994 1524 1237 1615 πεπραγμένων
1249 1524 1329 1616 ήμῖν

95 1633 132 1709 ῖς
158 1623 355 1715 ἀνθρώποις
382 1621 585 1711 παρουσίας·
611 1623 733 1712 καὶμὴ
756 1629 829 1704 τοῖς
850 1624 1090 1714 φθειρομένοις
1109 1634 1171 1696 τοῦ
1190 1624 1329 1713 Κόσμον

95 1726 180 1798 ῶτου
202 1732 463 1795 συναπατοῖσθαι
484 1731 650 1813 τερπνοῖς,
672 1720 759 1795 ἀλλὰ
777 1731 838 1814 τῆς
858 1733 923 1794 τῶν
942 1725 1129 1813 μελλόντων
1149 1724 1331 1817 ὀρέγεσθαι

95 1827 282 1909 τυλαύσεως
303 1826 469 1910 ένίοχυσον
489 1833 677 1916 θησαυρῶν.
698 1823 777 1895 Ὅτι
796 1824 980 1918 εὐλογητὸς,
1003 1829 1060 1897 καί
1081 1828 1210 1910 αίνετὸς
1222 1827 1312 1919 ύπόρ

95 1956 131 2013 τις
150 1929 187 1999 όν
207 1937 295 1998 πᾶσι
313 1933 386 2008 τοῖς
402 1925 529 2016 Ἅγίοις
548 1950 620 2008 σου,
643 1924 692 2007 είς
713 1927 792 2008 τοὸς
812 1926 937 2009 αἰῶνας
955 1936 1022 1996 τῶν
1043 1928 1182 1999 αἰώνων.
1216 1926 1330 2020 Ἀμήν.

146 2039 178 2102 3.
206 2037 318 2099 Sexta
339 2035 449 2097 Ηοτε.
493 2035 568 2097 ltem
590 2042 652 2096 tres
675 2032 789 2097 obtinet
809 2033 956 2096 Psalmos.
999 2036 1050 2098 Ρε.
1065 2040 1123 2102 54:
1147 2027 1166 2100 ὸ
1189 2031 1276 2112 Θεὸς
1296 2031 1331 2100 έν

95 2129 271 2225 ᾖδνόματί
291 2155 362 2200 σου.
397 2136 449 2201 Ρε.
464 2139 522 2200 55:
546 2130 634 2210 Θεὸς
654 2126 799 2199 δνωτίσω
820 2130 880 2220 τήν
899 2128 1081 2222 προςευχήν
1100 2156 1177 2219 μου.
1205 2138 1257 2202 Ρε.
1272 2139 1330 2202 91:

111 2241 271 2305 κατοικῶν
299 2232 335 2302 έν
359 2229 506 2324 βοηθείᾳ
526 2237 588 2300 τοῦ
609 2227 764 2322 ύψίοτοο.
805 2236 966 2299 Praeterea
988 2238 1069 2300 Hora
1090 2239 1251 2301 meditatur
1271 2238 1331 2302 Do·

95 2341 177 2405 u'num
204 2340 279 2402 hora
306 2348 388 2400 sexta
416 2338 587 2400 crucifixum
620 2337 651 2399 in
683 2336 837 2418 Tropariis
869 2347 898 2401 et
918 2325 1098 2419 Antiphoinis
1130 2340 1210 2402 suis:
1236 2330 1275 2401 ‘0
1297 2333 1332 2403 έν

95 2462 140 2531 ινη
170 2435 280 2529 ἡμέρᾳ
310 2459 348 2503 τε
378 2435 435 2503 ναί
466 2432 539 2525 ῶρρι
565 2439 613 2523 τρῖ
633 2438 772 2524 Σταυρηῖ
798 2431 1026 2525 πρυςηλῶσας,
1050 2435 1110 2527 τήν
1132 2436 1167 2506 ὸν
1187 2441 1236 2524 τηῖ
1256 2441 1333 2505 Πα-

95 2534 208 2628 οδείσῳ
229 2540 454 2628 τολμηθεῖσαν
475 2542 524 2624 τῷ
541 2532 649 2621 Ἀδὰμ
664 2531 838 2624 ἁμαρτίαν,
859 2536 995 2605 καὶτῶν
1008 2537 1229 2625 πταισμάτων
1241 2535 1334 2628 ήμῶν

95 2639 353 2728 ὸχεςρόγραφον,
376 2635 551 2728 διόῤῥηξον
571 2638 698 2725 Χρεστὲ
718 2633 737 2705 ὸ
761 2636 857 2719 Θεὸς,
877 2637 935 2707 καί
956 2645 1065 2707 σῶσον
1085 2636 1184 2729 ήμᾶς.
1356 2654 1359 2665 ·

149 2738 373 2828 Μεσῶριον
392 2745 464 2828 τῆς
484 2739 602 2828 έκτης
623 2736 739 2825 ὥρας.
767 2744 818 2805 Ρε.
834 2747 891 2809 56:
914 2736 1049 2829 ἐλέησόν
1069 2737 1145 2828 μεδ
1163 2738 1259 2823 Θεὸς,
1281 2738 1336 2809 ὅτι

95 2840 274 2932 τιεπότησύ
300 2866 342 2926 με
368 2836 388 2906 ό
415 2833 608 2928 ἅνθρωπος.
650 2844 701 2906 Ρε.
717 2848 776 2909 57:
806 2839 941 2930 ἐλέησόν
968 2866 1011 2927 με
1031 2838 1051 2910 ὸ
1075 2843 1171 2924 Θεὸς,
1199 2838 1337 2931 ἐλέησόν

95 2966 122 3013 ιε.
161 2949 211 3011 Ρε.
228 2951 284 3012 70:
307 2938 326 3010 ό
346 2941 432 3021 Θεὸς
453 2938 503 3022 είς
522 2940 581 3031 τήν
600 2937 765 3031 βοήθειάν
785 2966 850 3027 μου
872 2939 1025 3031 πρόσχες.
1055 2947 1216 3010 Ρετοεειυε
1237 2957 1336 3011 autem

96 3066 127 3112 ιε
145 3049 298 3112 oratione:
316 3043 388 3112 -Θεὸ
408 3042 464 3110 καί
484 3041 590 3129 Κύριε
610 3049 676 3109 τῶν
698 3038 879 3128 δυνάμεων,
899 3042 958 3111 καί
978 3041 1090 3132 πόσης
1109 3040 1246 3124 κτίσεως
1266 3047 1337 3134 Δη-

95 3146 215 3235 ιιουργὸ,
242 3141 261 3213 ὸ
291 3144 348 3212 διὰ
374 3141 544 3232 σπλάγχνα
572 3140 766 3212 ἆνεικόστου
788 3141 903 3224 ίλόους
924 3167 995 3225 σου,
1016 3144 1075 3212 τὸν
1093 3151 1254 3234 μονογενῆ
1275 3167 1336 3213 σου

95 3245 162 3331 ῖδν,
188 3247 248 3316 τὸν
268 3244 395 3333 Κύριον
421 3242 514 3334 ήμῶν
532 3241 658 3336 Ἰησοῦν
679 3240 827 3332 Χριστὸν
850 3246 1079 3336 καταπέμψας
1105 3245 1165 3316 ίπί
1191 3245 1339 3338 σωτηρίᾳ

95 3356 129 3418 ού
148 3349 264 3439 γένους
283 3345 386 3436 ήμῶν.
424 3347 496 3415 Καὶ
517 3347 576 3415 διὰ
597 3353 657 3414 τοῦ
678 3343 790 3432 τιμίου
813 3342 916 3416 αύτού
937 3352 1088 3437 Σταυρού
1107 3349 1147 3418 τὸ
1166 3347 1339 3439 χειρόγρα-

95 3475 135 3520 ον
158 3457 226 3518 τῶν
253 3446 422 3536 ἁμαρτιῶν
447 3445 541 3538 ήμῶν
562 3444 750 3536 διαρρήξας,
782 3448 839 3516 καὶ
858 3447 1091 3537 θριαμβεύσας
1112 3450 1147 3520 έν
1168 3449 1258 3545 αύτῷ
1278 3451 1340 3532 τὰς

95 3552 172 3642 ργδις
185 3552 244 3619 καὶ
257 3547 410 3633 ἐξουσίας
422 3556 483 3617 τοῦ
496 3546 645 3629 σκότους.
672 3545 790 3629 Λύτὸς
802 3550 966 3619 Δέσποτα
979 3550 1214 3640 φιλάνθρωπα,
1235 3549 1340 3641 πρός-

95 3655 165 3737 τξαι
185 3653 244 3722 καὶ
262 3650 355 3742 ήμῶν
375 3657 440 3718 τῶν
460 3647 665 3739 ἁμαρτωλῶν
685 3650 746 3730 τὰς
767 3645 1035 3742 εύχαριστηρίους
1047 3648 1180 3734 ταύτας,
1201 3653 1259 3721 καί
1273 3649 1341 3722 ὸιιε·

95 3752 205 3846 ηρίους
224 3751 395 3836 ἐντεύξεις,
416 3751 473 3822 ναί
493 3759 593 3842 ῥῶσαι
612 3748 701 3841 ήμᾶς
722 3748 792 3819 ἀπὸ
813 3753 942 3833 παντὸς
962 3748 1120 3842 ὀλεθρίου
1140 3753 1200 3823 καί
1213 3778 1342 3824 σκοτει-

95 3854 436 3951 ούκπαραπτῶματος,
461 3854 520 3923 καί
539 3852 675 3922 πόντων
694 3859 761 3920 τῶν
780 3860 929 3947 κακῶσαι
949 3850 1037 3943 ήμᾶς
1058 3852 1240 3946 ζητούντων
1260 3852 1342 3944 όρα-

95 3964 148 4042 ῶν,
168 3956 227 4027 καί
248 3952 400 4046 όορότων
421 3955 566 4045 ἐχθρῶν
585 3952 786 4041 καθήλωσεν
808 3952 843 4022 έκ
863 3960 924 4022 τού
945 3950 1054 4045 φόβου
1067 3977 1128 4024 σου
1141 3955 1203 4037 τὰς
1217 3953 1344 4047 σόρκας

95 4067 175 4148 μῶν,
196 4059 254 4129 καί
273 4059 320 4148 μή
342 4058 487 4149 ἐκκλίνῃς
506 4055 567 4136 τὸς
587 4052 726 4145 καρδίας
749 4050 842 4145 ήμῶν
856 4052 906 4136 εἶς
918 4052 1046 4145 λόγους,
1067 4051 1152 4145 ἢείς
1166 4058 1344 4146 λογισμούς

95 4157 248 4254 ωνηρίας.
287 4159 390 4229 Ἀλλὰ
416 4165 464 4248 τρῖ
484 4155 588 4248 πόθῳ
610 4180 670 4225 σου
691 4162 819 4244 τρῶσον
837 4153 931 4246 ήμῶν
951 4157 1013 4241 τὰς
1032 4158 1153 4248 ψυχὰς,
1181 4159 1237 4227 ἵνα
1257 4158 1345 4249 πρὸς

95 4262 114 4334 ὸ
140 4262 327 4343 διαπαντὸς
352 4257 563 4343 σ’πενίζοντες,
593 4258 651 4328 ναί
676 4263 725 4348 τηῖ
744 4258 839 4347 παρὰ
860 4264 921 4326 σού
942 4258 1031 4348 φωτί
1051 4255 1280 4349 ὁδηγούμενοι,
1305 4260 1346 4329 σέ

95 4364 115 4445 δ
135 4361 317 4455 ἀπρόςιτον
334 4363 394 4432 καί
415 4358 525 4430 ἀΐδιον
544 4358 804 4439 κατοπτεύοντες
825 4366 908 4450 φῶς,
930 4356 1189 4430 οῖκατοίπαυστόν
1209 4387 1266 4432 σοι
1286 4361 1346 4452 τήν

95 4450 323 4557 Νιολόγησιν,
341 4464 401 4534 καί
421 4459 628 4554 εύχαριστίαν
650 4458 910 4550 ἀναπέμπωμεν,
931 4468 979 4554 τῷ
1000 4447 1131 4556 όνόργην
1143 4463 1266 4556 Πατρὸ,
1286 4463 1347 4536 σὸν
