3044 4912
675 234 724 308 25

659 439 689 514 a.
712 440 744 501 ι.

60 568 223 643 oneum
236 568 1226 641 remonteelnoncnncmnmsconslcrnmconanae
1239 573 1337 639 smr.

140 721 340 787 Praemittens
368 724 447 785 iuvat
475 722 562 803 capiti
590 724 689 786 iocum
720 722 752 786 S.
773 723 911 788 Basilii
943 725 1152 790 Caesareensis
1175 727 1212 790 de
1234 727 1337 807 Spirit.

62 824 91 885 S.
112 842 137 886 c
153 827 197 889 27
221 825 339 905 dequo
363 824 461 886 omnis
482 824 556 887 haec
576 824 712 905 quaestio
734 826 879 889 exoritur:
905 822 957 891 Τά
976 827 1035 904 τῖς
1056 823 1259 915 ἐπικλήσεως
1280 824 1339 913 ῥή-

62 948 148 1007 ματα
170 921 232 989 ἐπὶ
252 924 293 1010 τῇ
315 916 480 1003 ἀναδείξει
499 926 559 990 τοῦ
581 922 683 1010 ἀρτου
709 926 768 1012 τής
789 919 997 1012 εὐχαριστίας
1016 923 1073 993 καὶ
1092 929 1152 995 τοῦ
1172 934 1338 1016 ποτηρίου

64 1025 117 1110 τῆς
137 1017 302 1110 εὐλογίας,
325 1031 377 1105 τίς
397 1027 464 1092 τῶν
486 1022 588 1112 άγίων
610 1022 781 1113 ίγγράφως
794 1021 875 1109 ι’μτν
888 1027 1125 1095 καταλέλοιπεν
1131 1055 1144 1110 ,·
1166 1023 1205 1095 οδ
1219 1028 1280 1116 γάρ
1297 1028 1336 1116 δή

63 1125 192 1205 τούτοις
213 1119 417 1213 ἀρκούμεθα,
440 1115 487 1195 ὦν
509 1122 528 1194 δ
551 1122 739 1206 ἀπόστολος
759 1120 834 1214 ήτὸ
848 1121 1034 1215 εὐαγγέλιον
1048 1128 1254 1218 ἐπεμνήσθη,
1277 1124 1339 1197 ἀλ-

66 1225 105 1293 λὰ
126 1225 186 1294 καὶ
212 1229 417 1315 προλέγομεν
444 1227 500 1296 καὶ
528 1228 722 1315 ίπιλέγσμεν
750 1228 853 1315 ἕτερα,
885 1225 930 1309 ὥς
949 1229 1092 1318 μεγάλην
1113 1230 1230 1314 ἔχοντα
1250 1230 1337 1318 πρὸς

64 1327 99 1394 τὸ
117 1328 302 1417 μυστήριον
325 1330 385 1418 τήν
415 1330 515 1414 ίσχδν,
545 1330 580 1399 ἐκ
600 1334 659 1418 τῆς
680 1326 831 1419 ἀγράφου
854 1330 1067 1411 διδασκαλίας
1087 1331 1334 1418 παραλάβσμεν.

65 1431 121 1495 ileo
139 1433 244 1496 Basilii
268 1434 416 1497 sententia
438 1437 541 1509 fretus,
564 1436 614 1515 qui
636 1435 750 1515 primm
772 1436 907 1498 criticum
929 1455 1051 1499 acumen
1073 1437 1183 1500 chartis
1201 1436 1337 1501 Graeco·

64 1552 129 1596 num
150 1535 297 1616 liturgicis
319 1536 449 1597 admovit
469 1536 720 1600 Reoaidotius
743 1536 778 1611 ti.
793 1556 825 1618 p.
840 1537 889 1599 tx.
904 1538 970 1614 ΧΙΙ)
992 1538 1068 1601 hane
1088 1538 1196 1618 prohat
1210 1548 1335 1603 senten-

64 1636 143 1698 tiam:
166 1646 275 1717 quarto
290 1636 409 1701 saeculo
423 1637 545 1701 ineunte
566 1645 616 1701 aut
637 1640 763 1719 scriptas
785 1657 847 1701 non
862 1640 954 1701 fuisse
970 1640 1165 1702 eucharistiae
1180 1641 1336 1704 celebran-

63 1738 112 1800 dae
133 1739 260 1812 formas,
282 1746 334 1800 aut
355 1739 383 1800 si
404 1739 531 1820 scriptae
553 1739 672 1814 inerint,
699 1759 761 1803 non
783 1740 924 1820 integras,
947 1750 979 1804 ut
1000 1750 1071 1803 sunt
1091 1741 1200 1816 Iacchi,
1222 1743 1334 1817 Basilii,

64 1838 265 1920 chrysostomi
286 1856 353 1917 mm
376 1839 514 1903 omnibus
535 1840 675 1922 precibus
697 1851 728 1904 et
748 1842 936 1904 caerimoniis
958 1841 1010 1904 sed
1033 1844 1203 1905 summatim
1218 1842 1334 1907 tantum

64 1941 152 2004 tuisse
173 1940 351 2023 descriptas,
372 1942 413 2004 itt
433 1951 467 2007 ut
480 1952 580 2025 partes
594 1943 660 2007 ilias
675 1951 788 2006 tentum
803 1962 878 2023 quae
892 1944 1067 2024 praecipuae
1082 1953 1184 2007 essent
1197 1947 1336 2010 contine·

63 2050 135 2104 rent.
555 2062 560 2073 ·

147 2144 335 2218 „orientales
366 2145 489 2207 eandem
523 2145 707 2225 disciplinam
739 2144 882 2208 hahentes
914 2163 989 2227 quae
1011 2145 1131 2225 reliquis
1159 2147 1334 2212 Christianis

63 2247 229 2307 communis
248 2255 320 2319 eret,
343 2244 421 2309 iiiam
443 2246 577 2310 similiter
599 2247 629 2308 in
652 2246 773 2309 Oriente
793 2254 1031 2327 propagaverunt
1045 2254 1073 2308 et
1086 2248 1216 2327 posteris
1231 2258 1334 2311 mans-

64 2347 226 2408 miserunt:
255 2366 352 2428 neque
381 2357 478 2409 tamen
501 2348 599 2410 statim
622 2347 700 2409 diam
722 2348 936 2428 perscripsisse
956 2347 1103 2410 ridentur.
1147 2348 1186 2410 Ut
1206 2350 1246 2412 ita
1268 2362 1333 2412 sta-

64 2458 190 2522 tuamus,
216 2449 286 2510 iacit
311 2448 429 2528 insigne
449 2468 521 2529 prae
542 2450 667 2511 caeteris
689 2448 787 2511 Basilii
810 2448 906 2529 Magni
928 2449 1140 2525 testimonium,
1170 2450 1220 2531 qui
1243 2453 1334 2515 multa

63 2568 135 2629 quae
158 2549 194 2610 ad
217 2568 274 2610 nos
297 2551 360 2611 sola
383 2551 541 2613 traditione
562 2558 758 2630 pervenerunt
781 2569 969 2625 enumerans,
993 2551 1139 2630 adiungit:
1163 2552 1259 2617 Verbo
1280 2574 1334 2618 ισ-

62 2670 129 2713 croe
150 2651 358 2714 invocationis
380 2657 412 2714 in
434 2657 659 2715 consecratione
678 2657 769 2733 ponis
791 2662 820 2714 ct
842 2653 953 2725 calicis,
976 2659 1041 2735 puis
1055 2666 1232 2719 sanctornm
1246 2657 1333 2721 nobis

61 2758 175 2833 scripto
198 2750 349 2815 tradidit?
379 2752 421 2813 ita
443 2754 522 2814 enim
538 2754 647 2815 Graeca
670 2754 808 2815 vertenda
832 2761 910 2827 sunt,
933 2773 993 2815 nen
1016 2762 1047 2816 ut
1069 2773 1085 2816 a
1107 2755 1208 2817 multis
1224 2758 1332 2819 iactum

61 2862 114 2927 est,
135 2854 186 2934 qui
209 2845 374 2930 ἀνάδειξιν
397 2858 597 2918 ostensionem
618 2873 671 2917 seu
694 2856 887 2918 elevationem
908 2855 1109 2917 Eucharistiae
1131 2857 1332 2938 interpretan-

62 2966 116 3029 tur,
139 2956 195 3018 sed
219 2965 321 3017 contra
343 2956 456 3017 autoris
478 2965 615 3018 mentem.
624 2957 645 3033 ¹)
690 2956 914 3020 invocationem
939 2965 1023 3018 vocat
1044 2956 1170 3020 Basilius
1182 2959 1331 3022 (lenonem

60 3057 183 3119 iiissae:
217 3057 285 3136 quia
307 3058 408 3119 multis
430 3053 631 3140 ἐπικλήσεσι,
666 3076 719 3119 seu
740 3057 977 3120 Invocationihus
1000 3066 1126 3130 constat,
1159 3060 1236 3121 inter
1258 3080 1332 3140 qtrae

60 3159 217 3238 praecipua
239 3167 287 3219 est
308 3158 433 3220 celebris
454 3158 513 3231 illa,
537 3169 567 3221 et
588 3178 675 3239 quam
691 3178 795 3221 omnes
812 3159 976 3222 Orientales
990 3160 1139 3239 Liturgiae
1153 3180 1332 3241 repraesen-

61 3268 131 3335 tant,
155 3260 305 3321 luvocatio
328 3261 456 3339 Spiritus
479 3260 571 3321 sancti
594 3261 625 3321 in
647 3261 723 3322 dona
746 3262 911 3341 proposita,
940 3262 1023 3323 cuius
1046 3262 1247 3326 meminerunt
1266 3265 1331 3326 lre-

60 3381 162 3433 naeus,
184 3361 366 3441 Epiphanius
389 3361 522 3423 etmulti
545 3362 603 3433 alii,
626 3370 657 3422 ut
680 3381 736 3423 sno
758 3362 824 3424 loco
847 3364 969 3426 dicetur.
1000 3363 1083 3425 Unde
1105 3364 1131 3425 si
1154 3381 1215 3424 non
1238 3374 1330 3439 certo,

60 3464 162 3524 saitem
195 3463 397 3524 verisimiliter
430 3464 552 3524 omnino
581 3464 773 3539 concluditur,
808 3474 874 3526 ante
902 3464 1002 3525 basilii
1028 3474 1161 3545 tempora
1183 3465 1330 3544 Liturgias

62 3566 186 3627 Graecas
209 3564 305 3625 literis
328 3582 389 3625 non
410 3565 503 3626 fuisse
526 3565 723 3643 consignatas.
755 3566 865 3627 Suadet
886 3566 915 3628 id
932 3566 1019 3627 etiam
1030 3566 1250 3627 Ecclesiasticae
1265 3564 1330 3628 dis·

61 3667 182 3745 ciplinae
204 3666 291 3739 ratio,
314 3685 389 3744 quae
410 3666 547 3746 mysteria
569 3675 650 3728 tanto
672 3666 790 3728 silentio
814 3669 873 3748 tegi
895 3666 1022 3739 iubebat,
1052 3677 1167 3729 utnon
1189 3668 1247 3729 nisi
1270 3667 1330 3728 ini-

61 3769 148 3840 tiatis,
182 3776 213 3829 et
234 3767 364 3829 breviter
385 3767 514 3847 quidem,
546 3767 606 3829 imo
630 3767 852 3830 obscuriuscuIe
875 3770 1097 3848 explicarentur,
1131 3769 1208 3847 quod
1230 3769 1331 3832 multis

59 3880 190 3931 ceterum
215 3868 392 3930 testimoniis
412 3871 600 3933 manifestum
624 3879 680 3944 est,
708 3870 883 3951 praesertim
906 3871 935 3931 in
958 3869 1151 3931 sermonibus
1173 3869 1209 3930 ad
1231 3888 1330 3951 popu-

61 3969 127 4044 imn,
163 3970 215 4031 uhi
243 3973 383 4049 frequens
406 3980 454 4032 est
474 3970 521 4033 ilia
544 3961 813 4056 ἀπσσιωπήσεως
835 3971 969 4045 formula,
1000 3970 1124 4034 Norant
1144 3975 1265 4044 initiati,
1298 3980 1331 4034 ut

60 4070 103 4132 iila
124 4069 285 4151 Epiphanii
308 4076 456 4153 occipiens
478 4067 517 4134 τὸ
541 4069 651 4135 δὲκαὶ
673 4068 711 4136 τὸ
734 4070 770 4136 δὲ
793 4074 847 4134 hoc
869 4083 897 4134 et
919 4073 983 4134 λοι.
1012 4072 1049 4133 tt
1070 4072 1097 4133 si
1118 4090 1193 4153 quae
1212 4074 1250 4135 ad
1270 4072 1330 4135 hu-

61 4172 102 4233 ius
126 4173 260 4252 mysterii
282 4173 370 4233 fidem
391 4173 588 4254 pertinebant,
611 4192 672 4235 nen
694 4174 779 4236 aliter
800 4193 886 4255 qnam
908 4173 973 4236 viva
992 4191 1075 4249 voce,
1098 4164 1329 4255 ucleymeolum,

61 4273 247 4336 tradebantur
269 4273 430 4348 initiandis
460 4257 570 4355 quanto
593 4273 692 4340 minus
716 4277 806 4338 scribi
828 4283 967 4357 poterant
986 4284 1037 4339 aut
1059 4274 1205 4339 debebant
1225 4295 1330 4341 arcana

145 4496 170 4557 1)
187 4495 350 4547 iterationem
368 4492 505 4559 intelligunt
521 4496 620 4561 Bona,
637 4496 879 4573 Rheinnaidus,
899 4500 943 4553 eir.
961 4500 1092 4553 Bohmer
1110 4500 1126 4553 1.
1140 4516 1161 4559 c.
1178 4515 1202 4568 p.
1213 4500 1272 4554 375.
