<?xml version="1.0" encoding="UTF-8"?>
<!DOCTYPE html PUBLIC "-//W3C//DTD XHTML 1.0 Transitional//EN"
    "http://www.w3.org/TR/xhtml1/DTD/xhtml1-transitional.dtd">
<html xmlns="http://www.w3.org/1999/xhtml" xml:lang="en" lang="en">
 <head>
  <title>
</title>
<meta http-equiv="Content-Type" content="text/html;charset=utf-8" />
  <meta name='ocr-system' content='tesseract 3.04.00' />
  <meta name='ocr-capabilities' content='ocr_page ocr_carea ocr_par ocr_line ocrx_word'/>
</head>
<body>
  <div class='ocr_page' id='page_1' title='image "./codexliturgicus05danigoog_0195.png"; bbox 0 0 3044 4912; ppageno 0'>
   <div class='ocr_carea' id='block_1_1' title="bbox 732 227 803 301">
    <p class='ocr_par' dir='ltr' id='par_1_1' title="bbox 732 227 803 301">
     <span class='ocr_line' id='line_1_1' title="bbox 732 227 803 301; baseline -0.014 0"><span class='ocrx_word' id='word_1_1' title='bbox 732 227 803 301; x_wconf 87' lang='grc'><strong>184</strong></span> 
     </span>
    </p>
   </div>
   <div class='ocr_carea' id='block_1_2' title="bbox 130 411 1412 615">
    <p class='ocr_par' dir='ltr' id='par_1_2' title="bbox 130 411 1412 615">
     <span class='ocr_line' id='line_1_2' title="bbox 130 411 1412 512; baseline -0.005 -23"><span class='ocrx_word' id='word_1_2' title='bbox 130 429 201 489; x_wconf 88' lang='lat' dir='ltr'><strong>tare</strong></span> <span class='ocrx_word' id='word_1_3' title='bbox 227 426 322 489; x_wconf 90' lang='lat' dir='ltr'><strong>tunm</strong></span> <span class='ocrx_word' id='word_1_4' title='bbox 348 437 468 512; x_wconf 87' lang='lat' dir='ltr'><strong>purum</strong></span> <span class='ocrx_word' id='word_1_5' title='bbox 496 425 529 485; x_wconf 85' lang='lat' dir='ltr'><strong>et</strong></span> <span class='ocrx_word' id='word_1_6' title='bbox 555 425 717 506; x_wconf 86' lang='lat' dir='ltr'><strong>sanctum,</strong></span> <span class='ocrx_word' id='word_1_7' title='bbox 745 413 833 486; x_wconf 89' lang='lat' dir='ltr'><strong>sicut</strong></span> <span class='ocrx_word' id='word_1_8' title='bbox 858 411 999 485; x_wconf 90' lang='lat' dir='ltr'><strong>docuisti</strong></span> <span class='ocrx_word' id='word_1_9' title='bbox 1029 435 1108 484; x_wconf 88' lang='lat' dir='ltr'><strong>nos:</strong></span> <span class='ocrx_word' id='word_1_10' title='bbox 1137 422 1171 483; x_wconf 87' lang='lat' dir='ltr'><strong>ct</strong></span> <span class='ocrx_word' id='word_1_11' title='bbox 1195 422 1330 508; x_wconf 86' lang='lat' dir='ltr'><strong>praesta</strong></span> <span class='ocrx_word' id='word_1_12' title='bbox 1352 434 1412 482; x_wconf 91' lang='lat' dir='ltr'><strong>no·</strong></span> 
     </span>
     <span class='ocr_line' id='line_1_3' title="bbox 130 512 1227 615; baseline -0.005 -24"><span class='ocrx_word' id='word_1_13' title='bbox 130 519 182 592; x_wconf 94' lang='lat' dir='ltr'><strong>his</strong></span> <span class='ocrx_word' id='word_1_14' title='bbox 210 516 479 615; x_wconf 73' lang='lat' dir='ltr'><strong>tranquillitatem</strong></span> <span class='ocrx_word' id='word_1_15' title='bbox 506 527 609 606; x_wconf 81' lang='lat' dir='ltr'><strong>mam,</strong></span> <span class='ocrx_word' id='word_1_16' title='bbox 637 513 792 587; x_wconf 91' lang='lat' dir='ltr'><strong>omnihus</strong></span> <span class='ocrx_word' id='word_1_17' title='bbox 819 512 936 610; x_wconf 83' lang='lat' dir='ltr'><strong>diehus</strong></span> <span class='ocrx_word' id='word_1_18' title='bbox 963 514 1087 586; x_wconf 91' lang='lat' dir='ltr'><strong>saeculi</strong></span> <span class='ocrx_word' id='word_1_19' title='bbox 1115 512 1227 585; x_wconf 81' lang='lat' dir='ltr'><strong>huius</strong></span> 
     </span>
    </p>
   </div>
   <div class='ocr_carea' id='block_1_3' title="bbox 36 645 1412 1660">
    <p class='ocr_par' dir='ltr' id='par_1_3' title="bbox 36 645 1412 1660">
     <span class='ocr_line' id='line_1_4' title="bbox 207 645 1412 749; baseline -0.007 -24"><span class='ocrx_word' id='word_1_20' title='bbox 207 652 440 749; x_wconf 81' lang='lat' dir='ltr'><strong>Prosequitur.</strong></span> <span class='ocrx_word' id='word_1_21' title='bbox 491 650 634 722; x_wconf 89' lang='lat' dir='ltr'><strong>Domine</strong></span> <span class='ocrx_word' id='word_1_22' title='bbox 660 650 751 722; x_wconf 90' lang='lat' dir='ltr'><strong>Deus</strong></span> <span class='ocrx_word' id='word_1_23' title='bbox 786 658 899 720; x_wconf 91' lang='lat' dir='ltr'><strong>noster</strong></span> <span class='ocrx_word' id='word_1_24' title='bbox 933 658 1065 744; x_wconf 89' lang='lat' dir='ltr'><strong>praesta</strong></span> <span class='ocrx_word' id='word_1_25' title='bbox 1099 647 1196 719; x_wconf 91' lang='lat' dir='ltr'><strong>nobis</strong></span> <span class='ocrx_word' id='word_1_26' title='bbox 1224 645 1412 742; x_wconf 91' lang='lat' dir='ltr'><strong>tranquilli·</strong></span> 
     </span>
     <span class='ocr_line' id='line_1_5' title="bbox 132 748 1410 849; baseline -0.005 -24"><span class='ocrx_word' id='word_1_27' title='bbox 132 764 232 826; x_wconf 89' lang='lat' dir='ltr'><strong>tatem</strong></span> <span class='ocrx_word' id='word_1_28' title='bbox 261 764 293 825; x_wconf 90' lang='lat' dir='ltr'><strong>et</strong></span> <span class='ocrx_word' id='word_1_29' title='bbox 317 775 432 849; x_wconf 89' lang='lat' dir='ltr'><strong>pacem</strong></span> <span class='ocrx_word' id='word_1_30' title='bbox 459 763 561 843; x_wconf 90' lang='lat' dir='ltr'><strong>tuam,</strong></span> <span class='ocrx_word' id='word_1_31' title='bbox 589 750 744 823; x_wconf 90' lang='lat' dir='ltr'><strong>omnihus</strong></span> <span class='ocrx_word' id='word_1_32' title='bbox 772 749 889 823; x_wconf 91' lang='lat' dir='ltr'><strong>diebus</strong></span> <span class='ocrx_word' id='word_1_33' title='bbox 917 750 1040 822; x_wconf 89' lang='lat' dir='ltr'><strong>saeculi</strong></span> <span class='ocrx_word' id='word_1_34' title='bbox 1067 748 1185 821; x_wconf 88' lang='lat' dir='ltr'><strong>huius:</strong></span> <span class='ocrx_word' id='word_1_35' title='bbox 1221 758 1260 820; x_wconf 93' lang='lat' dir='ltr'><strong>ut</strong></span> <span class='ocrx_word' id='word_1_36' title='bbox 1286 771 1410 843; x_wconf 85' lang='lat' dir='ltr'><strong>cogno·</strong></span> 
     </span>
     <span class='ocr_line' id='line_1_6' title="bbox 132 847 1409 948; baseline -0.005 -21"><span class='ocrx_word' id='word_1_37' title='bbox 132 865 227 928; x_wconf 91' lang='lat' dir='ltr'><strong>scant</strong></span> <span class='ocrx_word' id='word_1_38' title='bbox 253 865 285 927; x_wconf 91' lang='lat' dir='ltr'><strong>te</strong></span> <span class='ocrx_word' id='word_1_39' title='bbox 312 878 428 926; x_wconf 92' lang='lat' dir='ltr'><strong>omnes</strong></span> <span class='ocrx_word' id='word_1_40' title='bbox 456 852 658 925; x_wconf 79' lang='lat' dir='ltr'><strong>habitatores</strong></span> <span class='ocrx_word' id='word_1_41' title='bbox 685 863 812 924; x_wconf 88' lang='lat' dir='ltr'><strong>terrae:</strong></span> <span class='ocrx_word' id='word_1_42' title='bbox 841 850 918 948; x_wconf 93' lang='lat' dir='ltr'><strong>quia</strong></span> <span class='ocrx_word' id='word_1_43' title='bbox 943 863 977 923; x_wconf 93' lang='lat' dir='ltr'><strong>tu</strong></span> <span class='ocrx_word' id='word_1_44' title='bbox 1006 876 1043 924; x_wconf 91' lang='lat' dir='ltr'><strong>es</strong></span> <span class='ocrx_word' id='word_1_45' title='bbox 1070 850 1161 925; x_wconf 92' lang='lat' dir='ltr'><strong>Deus</strong></span> <span class='ocrx_word' id='word_1_46' title='bbox 1187 847 1287 921; x_wconf 87' lang='lat' dir='ltr'><strong>Pater</strong></span> <span class='ocrx_word' id='word_1_47' title='bbox 1312 873 1409 921; x_wconf 86' lang='lat' dir='ltr'><strong>verus</strong></span> 
     </span>
     <span class='ocr_line' id='line_1_7' title="bbox 132 950 1406 1046; baseline -0.006 -17"><span class='ocrx_word' id='word_1_48' title='bbox 132 957 241 1046; x_wconf 76' lang='lat' dir='ltr'><strong>solus,</strong></span> <span class='ocrx_word' id='word_1_49' title='bbox 278 965 311 1027; x_wconf 91' lang='lat' dir='ltr'><strong>et</strong></span> <span class='ocrx_word' id='word_1_50' title='bbox 344 967 381 1027; x_wconf 93' lang='lat' dir='ltr'><strong>tu</strong></span> <span class='ocrx_word' id='word_1_51' title='bbox 414 955 534 1027; x_wconf 90' lang='lat' dir='ltr'><strong>misisti</strong></span> <span class='ocrx_word' id='word_1_52' title='bbox 562 954 741 1027; x_wconf 90' lang='lat' dir='ltr'><strong>Dominum</strong></span> <span class='ocrx_word' id='word_1_53' title='bbox 776 966 927 1026; x_wconf 90' lang='lat' dir='ltr'><strong>nostrum</strong></span> <span class='ocrx_word' id='word_1_54' title='bbox 953 953 1063 1025; x_wconf 89' lang='lat' dir='ltr'><strong>lesum</strong></span> <span class='ocrx_word' id='word_1_55' title='bbox 1090 950 1261 1025; x_wconf 84' lang='lat' dir='ltr'><strong>Christum</strong></span> <span class='ocrx_word' id='word_1_56' title='bbox 1287 950 1406 1023; x_wconf 84' lang='lat' dir='ltr'><strong>Filium</strong></span> 
     </span>
     <span class='ocr_line' id='line_1_8' title="bbox 131 1051 1406 1152; baseline -0.005 -23"><span class='ocrx_word' id='word_1_57' title='bbox 131 1068 226 1130; x_wconf 92' lang='lat' dir='ltr'><strong>tuum</strong></span> <span class='ocrx_word' id='word_1_58' title='bbox 260 1067 293 1129; x_wconf 90' lang='lat' dir='ltr'><strong>et</strong></span> <span class='ocrx_word' id='word_1_59' title='bbox 320 1057 477 1131; x_wconf 87' lang='lat' dir='ltr'><strong>dilectum</strong></span> <span class='ocrx_word' id='word_1_60' title='bbox 503 1066 615 1144; x_wconf 85' lang='lat' dir='ltr'><strong>tuum3</strong></span> <span class='ocrx_word' id='word_1_61' title='bbox 653 1067 686 1127; x_wconf 89' lang='lat' dir='ltr'><strong>et</strong></span> <span class='ocrx_word' id='word_1_62' title='bbox 712 1055 784 1152; x_wconf 89' lang='lat' dir='ltr'><strong>ipse</strong></span> <span class='ocrx_word' id='word_1_63' title='bbox 810 1055 973 1127; x_wconf 87' lang='lat' dir='ltr'><strong>Dominus</strong></span> <span class='ocrx_word' id='word_1_64' title='bbox 1000 1067 1035 1125; x_wconf 91' lang='lat' dir='ltr'><strong>et</strong></span> <span class='ocrx_word' id='word_1_65' title='bbox 1059 1054 1150 1126; x_wconf 90' lang='lat' dir='ltr'><strong>Dens</strong></span> <span class='ocrx_word' id='word_1_66' title='bbox 1177 1064 1295 1125; x_wconf 88' lang='lat' dir='ltr'><strong>noster</strong></span> <span class='ocrx_word' id='word_1_67' title='bbox 1321 1051 1406 1123; x_wconf 85' lang='lat' dir='ltr'><strong>venit</strong></span> 
     </span>
     <span class='ocr_line' id='line_1_9' title="bbox 36 1153 1403 1253; baseline -0.006 -21"><span class='ocrx_word' id='word_1_68' title='bbox 36 1180 40 1189; x_wconf 93' lang='grc'><strong><em>·</em></strong></span> <span class='ocrx_word' id='word_1_69' title='bbox 132 1169 165 1231; x_wconf 91' lang='lat' dir='ltr'><strong>et</strong></span> <span class='ocrx_word' id='word_1_70' title='bbox 198 1158 311 1231; x_wconf 93' lang='lat' dir='ltr'><strong>docuit</strong></span> <span class='ocrx_word' id='word_1_71' title='bbox 343 1182 406 1231; x_wconf 91' lang='lat' dir='ltr'><strong>nos</strong></span> <span class='ocrx_word' id='word_1_72' title='bbox 439 1181 574 1230; x_wconf 91' lang='lat' dir='ltr'><strong>omnem</strong></span> <span class='ocrx_word' id='word_1_73' title='bbox 607 1157 784 1253; x_wconf 87' lang='lat' dir='ltr'><strong>puritatem</strong></span> <span class='ocrx_word' id='word_1_74' title='bbox 812 1168 845 1228; x_wconf 91' lang='lat' dir='ltr'><strong>et</strong></span> <span class='ocrx_word' id='word_1_75' title='bbox 871 1155 1098 1228; x_wconf 78' lang='lat' dir='ltr'><strong>sanctitatem:</strong></span> <span class='ocrx_word' id='word_1_76' title='bbox 1136 1155 1333 1226; x_wconf 81' lang='lat' dir='ltr'><strong>Memoriam</strong></span> <span class='ocrx_word' id='word_1_77' title='bbox 1359 1153 1403 1225; x_wconf 81' lang='lat' dir='ltr'><strong>to</strong></span> 
     </span>
     <span class='ocr_line' id='line_1_10' title="bbox 130 1255 1403 1357; baseline -0.004 -26"><span class='ocrx_word' id='word_1_78' title='bbox 130 1258 384 1357; x_wconf 89' lang='lat' dir='ltr'><strong>Prophetarum,</strong></span> <span class='ocrx_word' id='word_1_79' title='bbox 418 1260 666 1356; x_wconf 81' lang='lat' dir='ltr'><strong>Apostolorum,</strong></span> <span class='ocrx_word' id='word_1_80' title='bbox 703 1259 900 1353; x_wconf 81' lang='lat' dir='ltr'><strong>Martyrum,</strong></span> <span class='ocrx_word' id='word_1_81' title='bbox 936 1257 1193 1349; x_wconf 80' lang='lat' dir='ltr'><strong>consessorum,</strong></span> <span class='ocrx_word' id='word_1_82' title='bbox 1226 1255 1403 1352; x_wconf 86' lang='lat' dir='ltr'><strong>Episcopo·</strong></span> 
     </span>
     <span class='ocr_line' id='line_1_11' title="bbox 131 1357 1402 1453; baseline -0.003 -20"><span class='ocrx_word' id='word_1_83' title='bbox 131 1386 218 1453; x_wconf 94' lang='lat' dir='ltr'><strong>rum,</strong></span> <span class='ocrx_word' id='word_1_84' title='bbox 251 1362 444 1452; x_wconf 85' lang='lat' dir='ltr'><strong>Doctorum,</strong></span> <span class='ocrx_word' id='word_1_85' title='bbox 478 1358 709 1453; x_wconf 87' lang='lat' dir='ltr'><strong>Sacerdotum,</strong></span> <span class='ocrx_word' id='word_1_86' title='bbox 743 1360 978 1450; x_wconf 90' lang='lat' dir='ltr'><strong>Diaconorum,</strong></span> <span class='ocrx_word' id='word_1_87' title='bbox 1014 1370 1048 1431; x_wconf 89' lang='lat' dir='ltr'><strong>et</strong></span> <span class='ocrx_word' id='word_1_88' title='bbox 1082 1358 1232 1431; x_wconf 89' lang='lat' dir='ltr'><strong>omnium</strong></span> <span class='ocrx_word' id='word_1_89' title='bbox 1265 1357 1402 1430; x_wconf 87' lang='lat' dir='ltr'><strong>filiorum</strong></span> 
     </span>
     <span class='ocr_line' id='line_1_12' title="bbox 130 1457 1402 1558; baseline -0.003 -24"><span class='ocrx_word' id='word_1_90' title='bbox 130 1463 301 1534; x_wconf 81' lang='lat' dir='ltr'><strong>Ecclesiae</strong></span> <span class='ocrx_word' id='word_1_91' title='bbox 328 1473 461 1533; x_wconf 87' lang='lat' dir='ltr'><strong>sanctae</strong></span> <span class='ocrx_word' id='word_1_92' title='bbox 479 1461 681 1553; x_wconf 88' lang='lat' dir='ltr'><strong>Catholicae,</strong></span> <span class='ocrx_word' id='word_1_93' title='bbox 707 1462 765 1558; x_wconf 92' lang='lat' dir='ltr'><strong>qui</strong></span> <span class='ocrx_word' id='word_1_94' title='bbox 792 1462 959 1556; x_wconf 85' lang='lat' dir='ltr'><strong>obsignati</strong></span> <span class='ocrx_word' id='word_1_95' title='bbox 986 1471 1065 1533; x_wconf 90' lang='lat' dir='ltr'><strong>sunt</strong></span> <span class='ocrx_word' id='word_1_96' title='bbox 1082 1461 1179 1554; x_wconf 82' lang='lat' dir='ltr'><strong>signo</strong></span> <span class='ocrx_word' id='word_1_97' title='bbox 1199 1459 1299 1551; x_wconf 88' lang='lat' dir='ltr'><strong>vitae,</strong></span> <span class='ocrx_word' id='word_1_98' title='bbox 1325 1457 1402 1554; x_wconf 90' lang='lat' dir='ltr'><strong>Bap</strong></span> 
     </span>
     <span class='ocr_line' id='line_1_13' title="bbox 132 1562 875 1660; baseline 0.001 -27"><span class='ocrx_word' id='word_1_99' title='bbox 132 1563 273 1636; x_wconf 75' lang='lat' dir='ltr'><strong>cismatis</strong></span> <span class='ocrx_word' id='word_1_100' title='bbox 300 1563 416 1634; x_wconf 90' lang='lat' dir='ltr'><strong>sancti.</strong></span> <span class='ocrx_word' id='word_1_101' title='bbox 469 1562 537 1635; x_wconf 89' lang='lat' dir='ltr'><strong>Nos</strong></span> <span class='ocrx_word' id='word_1_102' title='bbox 565 1587 696 1660; x_wconf 92' lang='lat' dir='ltr'><strong>quoque</strong></span> <span class='ocrx_word' id='word_1_103' title='bbox 723 1564 875 1635; x_wconf 90' lang='lat' dir='ltr'><strong>Domine.</strong></span> 
     </span>
    </p>
   </div>
   <div class='ocr_carea' id='block_1_4' title="bbox 65 1694 1407 2198">
    <p class='ocr_par' dir='ltr' id='par_1_4' title="bbox 65 1694 1407 2198">
     <span class='ocr_line' id='line_1_14' title="bbox 208 1694 1402 1793; baseline -0.001 -26"><span class='ocrx_word' id='word_1_104' title='bbox 208 1696 439 1793; x_wconf 78' lang='lat' dir='ltr'><strong>Prosequitur.</strong></span> <span class='ocrx_word' id='word_1_105' title='bbox 493 1699 587 1771; x_wconf 87' lang='lat' dir='ltr'><strong>Servi</strong></span> <span class='ocrx_word' id='word_1_106' title='bbox 629 1699 676 1770; x_wconf 92' lang='lat' dir='ltr'><strong>tui</strong></span> <span class='ocrx_word' id='word_1_107' title='bbox 719 1697 860 1771; x_wconf 86' lang='lat' dir='ltr'><strong>humiles</strong></span> <span class='ocrx_word' id='word_1_108' title='bbox 902 1695 1084 1769; x_wconf 88' lang='lat' dir='ltr'><strong>imbecilles</strong></span> <span class='ocrx_word' id='word_1_109' title='bbox 1125 1705 1159 1766; x_wconf 92' lang='lat' dir='ltr'><strong>et</strong></span> <span class='ocrx_word' id='word_1_110' title='bbox 1193 1695 1319 1768; x_wconf 86' lang='lat' dir='ltr'><strong>infirmi</strong></span> <span class='ocrx_word' id='word_1_111' title='bbox 1354 1694 1402 1791; x_wconf 94' lang='lat' dir='ltr'><strong>qui</strong></span> 
     </span>
     <span class='ocr_line' id='line_1_15' title="bbox 133 1799 1404 1896; baseline -0.001 -29"><span class='ocrx_word' id='word_1_112' title='bbox 133 1799 324 1892; x_wconf 80' lang='lat' dir='ltr'><strong>congregati</strong></span> <span class='ocrx_word' id='word_1_113' title='bbox 353 1822 468 1870; x_wconf 90' lang='lat' dir='ltr'><strong>sumus</strong></span> <span class='ocrx_word' id='word_1_114' title='bbox 495 1800 529 1870; x_wconf 93' lang='lat' dir='ltr'><strong>in</strong></span> <span class='ocrx_word' id='word_1_115' title='bbox 558 1801 693 1871; x_wconf 92' lang='lat' dir='ltr'><strong>nomine</strong></span> <span class='ocrx_word' id='word_1_116' title='bbox 719 1811 788 1891; x_wconf 93' lang='lat' dir='ltr'><strong>tuo,</strong></span> <span class='ocrx_word' id='word_1_117' title='bbox 823 1823 978 1896; x_wconf 89' lang='lat' dir='ltr'><strong>nuncque</strong></span> <span class='ocrx_word' id='word_1_118' title='bbox 1005 1808 1131 1869; x_wconf 85' lang='lat' dir='ltr'><strong>stamus</strong></span> <span class='ocrx_word' id='word_1_119' title='bbox 1159 1820 1272 1869; x_wconf 91' lang='lat' dir='ltr'><strong>coram</strong></span> <span class='ocrx_word' id='word_1_120' title='bbox 1300 1808 1344 1889; x_wconf 86' lang='lat' dir='ltr'><strong>te,</strong></span> <span class='ocrx_word' id='word_1_121' title='bbox 1377 1807 1404 1866; x_wconf 90' lang='lat' dir='ltr'><strong>et</strong></span> 
     </span>
     <span class='ocr_line' id='line_1_16' title="bbox 82 1897 1404 1998; baseline -0.001 -29"><span class='ocrx_word' id='word_1_122' title='bbox 82 1921 85 1927; x_wconf 89' lang='lat'>·</span> <span class='ocrx_word' id='word_1_123' title='bbox 133 1900 320 1995; x_wconf 90' lang='lat' dir='ltr'><strong>accepimus</strong></span> <span class='ocrx_word' id='word_1_124' title='bbox 348 1923 424 1972; x_wconf 91' lang='lat' dir='ltr'><strong>cum</strong></span> <span class='ocrx_word' id='word_1_125' title='bbox 450 1901 553 1972; x_wconf 89' lang='lat' dir='ltr'><strong>iubilo</strong></span> <span class='ocrx_word' id='word_1_126' title='bbox 581 1902 722 1973; x_wconf 76' lang='lat' dir='ltr'><strong>sormam</strong></span> <span class='ocrx_word' id='word_1_127' title='bbox 748 1924 832 1998; x_wconf 90' lang='lat' dir='ltr'><strong>quae</strong></span> <span class='ocrx_word' id='word_1_128' title='bbox 859 1926 877 1971; x_wconf 92' lang='lat' dir='ltr'><strong>a</strong></span> <span class='ocrx_word' id='word_1_129' title='bbox 904 1911 936 1971; x_wconf 89' lang='lat' dir='ltr'><strong>te</strong></span> <span class='ocrx_word' id='word_1_130' title='bbox 964 1909 1026 1990; x_wconf 91' lang='lat' dir='ltr'><strong>est,</strong></span> <span class='ocrx_word' id='word_1_131' title='bbox 1060 1897 1246 1991; x_wconf 84' lang='lat' dir='ltr'><strong>laudantes,</strong></span> <span class='ocrx_word' id='word_1_132' title='bbox 1287 1897 1404 1993; x_wconf 84' lang='lat' dir='ltr'><strong>glorifi-</strong></span> 
     </span>
     <span class='ocr_line' id='line_1_17' title="bbox 133 1999 1406 2096; baseline 0.001 -25"><span class='ocrx_word' id='word_1_133' title='bbox 133 2010 246 2072; x_wconf 87' lang='lat' dir='ltr'><strong>cantes</strong></span> <span class='ocrx_word' id='word_1_134' title='bbox 273 2012 305 2072; x_wconf 92' lang='lat' dir='ltr'><strong>et</strong></span> <span class='ocrx_word' id='word_1_135' title='bbox 331 2003 522 2096; x_wconf 83' lang='lat' dir='ltr'><strong>exaltantes,</strong></span> <span class='ocrx_word' id='word_1_136' title='bbox 557 2026 867 2094; x_wconf 88' lang='lat' dir='ltr'><strong>commemoramus,</strong></span> <span class='ocrx_word' id='word_1_137' title='bbox 903 2012 936 2074; x_wconf 91' lang='lat' dir='ltr'><strong>et</strong></span> <span class='ocrx_word' id='word_1_138' title='bbox 963 1999 1181 2093; x_wconf 89' lang='lat' dir='ltr'><strong>celebramus,</strong></span> <span class='ocrx_word' id='word_1_139' title='bbox 1216 2000 1406 2095; x_wconf 72' lang='lat' dir='ltr'><strong>mysterium</strong></span> 
     </span>
     <span class='ocr_line' id='line_1_18' title="bbox 65 2101 1407 2198; baseline 0.001 -26"><span class='ocrx_word' id='word_1_140' title='bbox 65 2190 68 2195; x_wconf 22' lang='grc' dir='ltr'>Ι</span> <span class='ocrx_word' id='word_1_141' title='bbox 132 2101 197 2174; x_wconf 93' lang='lat' dir='ltr'><strong>hoo</strong></span> <span class='ocrx_word' id='word_1_142' title='bbox 222 2126 380 2198; x_wconf 83' lang='lat' dir='ltr'><strong>magnum</strong></span> <span class='ocrx_word' id='word_1_143' title='bbox 408 2113 442 2177; x_wconf 89' lang='lat' dir='ltr'><strong>et</strong></span> <span class='ocrx_word' id='word_1_144' title='bbox 458 2105 681 2196; x_wconf 88' lang='lat' dir='ltr'><strong>tremendum,</strong></span> <span class='ocrx_word' id='word_1_145' title='bbox 709 2115 859 2179; x_wconf 91' lang='lat' dir='ltr'><strong>sanctum</strong></span> <span class='ocrx_word' id='word_1_146' title='bbox 879 2112 912 2175; x_wconf 89' lang='lat' dir='ltr'><strong>et</strong></span> <span class='ocrx_word' id='word_1_147' title='bbox 930 2102 1089 2195; x_wconf 84' lang='lat' dir='ltr'><strong>divinum,</strong></span> <span class='ocrx_word' id='word_1_148' title='bbox 1115 2103 1295 2198; x_wconf 89' lang='lat' dir='ltr'><strong>passionis,</strong></span> <span class='ocrx_word' id='word_1_149' title='bbox 1322 2126 1407 2174; x_wconf 89' lang='lat' dir='ltr'><strong>mor·</strong></span> 
     </span>
    </p>
   </div>
   <div class='ocr_carea' id='block_1_5' title="bbox 132 2204 1408 2378">
    <p class='ocr_par' dir='ltr' id='par_1_5' title="bbox 132 2204 1408 2378">
     <span class='ocr_line' id='line_1_19' title="bbox 132 2204 1408 2375; baseline -0.001 -99"><span class='ocrx_word' id='word_1_150' title='bbox 132 2204 187 2375; x_wconf 54' lang='lat' dir='ltr'><strong>Ch,</strong></span> <span class='ocrx_word' id='word_1_151' title='bbox 204 2206 402 2319; x_wconf 34' lang='lat' dir='ltr'><strong>‚sepulturae</strong></span> <span class='ocrx_word' id='word_1_152' title='bbox 430 2218 464 2277; x_wconf 91' lang='lat' dir='ltr'><strong>et</strong></span> <span class='ocrx_word' id='word_1_153' title='bbox 488 2208 744 2280; x_wconf 86' lang='lat' dir='ltr'><strong>resurrectionis</strong></span> <span class='ocrx_word' id='word_1_154' title='bbox 771 2204 917 2298; x_wconf 89' lang='lat' dir='ltr'><strong>Domini,</strong></span> <span class='ocrx_word' id='word_1_155' title='bbox 945 2214 979 2276; x_wconf 90' lang='lat' dir='ltr'><strong>et</strong></span> <span class='ocrx_word' id='word_1_156' title='bbox 1000 2204 1180 2276; x_wconf 81' lang='lat' dir='ltr'><strong>salvatoris</strong></span> <span class='ocrx_word' id='word_1_157' title='bbox 1207 2204 1317 2276; x_wconf 88' lang='lat' dir='ltr'><strong>nostri</strong></span> <span class='ocrx_word' id='word_1_158' title='bbox 1335 2204 1408 2276; x_wconf 89' lang='lat' dir='ltr'><strong>lesu</strong></span> 
     </span>
     <span class='ocr_line' id='line_1_20' title="bbox 184 2307 268 2378; baseline 0.024 -3"><span class='ocrx_word' id='word_1_159' title='bbox 184 2307 268 2378; x_wconf 88' lang='lat' dir='ltr'><strong>nsti.</strong></span> 
     </span>
    </p>
   </div>
   <div class='ocr_carea' id='block_1_6' title="bbox 132 2439 1413 3629">
    <p class='ocr_par' dir='ltr' id='par_1_6' title="bbox 132 2439 1413 3629">
     <span class='ocr_line' id='line_1_21' title="bbox 208 2439 1411 2539; baseline 0.002 -29"><span class='ocrx_word' id='word_1_160' title='bbox 208 2439 252 2511; x_wconf 87' lang='lat' dir='ltr'><strong>Et</strong></span> <span class='ocrx_word' id='word_1_161' title='bbox 276 2441 386 2512; x_wconf 91' lang='lat' dir='ltr'><strong>veniat</strong></span> <span class='ocrx_word' id='word_1_162' title='bbox 410 2440 552 2512; x_wconf 88' lang='lat' dir='ltr'><strong>Domine</strong></span> <span class='ocrx_word' id='word_1_163' title='bbox 580 2441 725 2539; x_wconf 91' lang='lat' dir='ltr'><strong>Spiritus</strong></span> <span class='ocrx_word' id='word_1_164' title='bbox 753 2452 829 2514; x_wconf 91' lang='lat' dir='ltr'><strong>tuus</strong></span> <span class='ocrx_word' id='word_1_165' title='bbox 855 2450 1003 2532; x_wconf 76' lang='lat' dir='ltr'><strong>sanctuS,</strong></span> <span class='ocrx_word' id='word_1_166' title='bbox 1038 2449 1071 2512; x_wconf 89' lang='lat' dir='ltr'><strong>et</strong></span> <span class='ocrx_word' id='word_1_167' title='bbox 1096 2441 1285 2538; x_wconf 90' lang='lat' dir='ltr'><strong>requiescat</strong></span> <span class='ocrx_word' id='word_1_168' title='bbox 1311 2463 1411 2538; x_wconf 87' lang='lat' dir='ltr'><strong>super</strong></span> 
     </span>
     <span class='ocr_line' id='line_1_22' title="bbox 133 2540 1411 2638; baseline 0.002 -27"><span class='ocrx_word' id='word_1_169' title='bbox 133 2540 333 2612; x_wconf 87' lang='lat' dir='ltr'><strong>oblationem</strong></span> <span class='ocrx_word' id='word_1_170' title='bbox 359 2541 446 2613; x_wconf 90' lang='lat' dir='ltr'><strong>hanc</strong></span> <span class='ocrx_word' id='word_1_171' title='bbox 472 2565 643 2614; x_wconf 87' lang='lat' dir='ltr'><strong>servorum</strong></span> <span class='ocrx_word' id='word_1_172' title='bbox 669 2554 814 2635; x_wconf 85' lang='lat' dir='ltr'><strong>tucrum,</strong></span> <span class='ocrx_word' id='word_1_173' title='bbox 842 2568 939 2638; x_wconf 89' lang='lat' dir='ltr'><strong>quam</strong></span> <span class='ocrx_word' id='word_1_174' title='bbox 966 2543 1121 2634; x_wconf 85' lang='lat' dir='ltr'><strong>ollerunt,</strong></span> <span class='ocrx_word' id='word_1_175' title='bbox 1149 2553 1182 2613; x_wconf 90' lang='lat' dir='ltr'><strong>et</strong></span> <span class='ocrx_word' id='word_1_176' title='bbox 1208 2566 1282 2614; x_wconf 89' lang='lat' dir='ltr'><strong>eam</strong></span> <span class='ocrx_word' id='word_1_177' title='bbox 1310 2543 1411 2614; x_wconf 90' lang='lat' dir='ltr'><strong>hene·</strong></span> 
     </span>
     <span class='ocr_line' id='line_1_23' title="bbox 134 2641 1411 2739; baseline 0.003 -28"><span class='ocrx_word' id='word_1_178' title='bbox 134 2641 221 2711; x_wconf 91' lang='lat' dir='ltr'><strong>dicat</strong></span> <span class='ocrx_word' id='word_1_179' title='bbox 256 2652 289 2711; x_wconf 92' lang='lat' dir='ltr'><strong>et</strong></span> <span class='ocrx_word' id='word_1_180' title='bbox 315 2642 510 2733; x_wconf 85' lang='lat' dir='ltr'><strong>sanctificet,</strong></span> <span class='ocrx_word' id='word_1_181' title='bbox 545 2654 582 2714; x_wconf 96' lang='lat' dir='ltr'><strong>ut</strong></span> <span class='ocrx_word' id='word_1_182' title='bbox 608 2645 652 2715; x_wconf 90' lang='lat' dir='ltr'><strong>sit</strong></span> <span class='ocrx_word' id='word_1_183' title='bbox 678 2644 773 2715; x_wconf 91' lang='lat' dir='ltr'><strong>nobis</strong></span> <span class='ocrx_word' id='word_1_184' title='bbox 801 2644 953 2736; x_wconf 89' lang='lat' dir='ltr'><strong>Domine,</strong></span> <span class='ocrx_word' id='word_1_185' title='bbox 989 2644 1028 2715; x_wconf 89' lang='lat' dir='ltr'><strong>ad</strong></span> <span class='ocrx_word' id='word_1_186' title='bbox 1056 2644 1329 2739; x_wconf 86' lang='lat' dir='ltr'><strong>propitiationem</strong></span> <span class='ocrx_word' id='word_1_187' title='bbox 1358 2645 1411 2716; x_wconf 91' lang='lat' dir='ltr'><strong>de·</strong></span> 
     </span>
     <span class='ocr_line' id='line_1_24' title="bbox 132 2741 1411 2842; baseline 0.005 -31"><span class='ocrx_word' id='word_1_188' title='bbox 132 2741 298 2831; x_wconf 88' lang='lat' dir='ltr'><strong>lictorum,</strong></span> <span class='ocrx_word' id='word_1_189' title='bbox 335 2755 367 2814; x_wconf 90' lang='lat' dir='ltr'><strong>et</strong></span> <span class='ocrx_word' id='word_1_190' title='bbox 400 2744 633 2816; x_wconf 86' lang='lat' dir='ltr'><strong>remissionem</strong></span> <span class='ocrx_word' id='word_1_191' title='bbox 665 2756 889 2841; x_wconf 88' lang='lat' dir='ltr'><strong>peccatorum,</strong></span> <span class='ocrx_word' id='word_1_192' title='bbox 924 2769 1082 2842; x_wconf 90' lang='lat' dir='ltr'><strong>spemque</strong></span> <span class='ocrx_word' id='word_1_193' title='bbox 1116 2769 1271 2840; x_wconf 86' lang='lat' dir='ltr'><strong>magnam</strong></span> <span class='ocrx_word' id='word_1_194' title='bbox 1299 2771 1411 2818; x_wconf 89' lang='lat' dir='ltr'><strong>resur·</strong></span> 
     </span>
     <span class='ocr_line' id='line_1_25' title="bbox 132 2842 1412 2941; baseline 0.008 -31"><span class='ocrx_word' id='word_1_195' title='bbox 132 2842 291 2914; x_wconf 87' lang='lat' dir='ltr'><strong>rectionis</strong></span> <span class='ocrx_word' id='word_1_196' title='bbox 319 2869 336 2914; x_wconf 90' lang='lat' dir='ltr'><strong>a</strong></span> <span class='ocrx_word' id='word_1_197' title='bbox 364 2845 516 2936; x_wconf 89' lang='lat' dir='ltr'><strong>mortuis,</strong></span> <span class='ocrx_word' id='word_1_198' title='bbox 545 2847 643 2918; x_wconf 88' lang='lat' dir='ltr'><strong>etad</strong></span> <span class='ocrx_word' id='word_1_199' title='bbox 670 2848 767 2918; x_wconf 88' lang='lat' dir='ltr'><strong>vitam</strong></span> <span class='ocrx_word' id='word_1_200' title='bbox 795 2871 912 2919; x_wconf 85' lang='lat' dir='ltr'><strong>novam</strong></span> <span class='ocrx_word' id='word_1_201' title='bbox 940 2850 973 2918; x_wconf 92' lang='lat' dir='ltr'><strong>in</strong></span> <span class='ocrx_word' id='word_1_202' title='bbox 1001 2870 1105 2941; x_wconf 82' lang='lat' dir='ltr'><strong>regno</strong></span> <span class='ocrx_word' id='word_1_203' title='bbox 1124 2847 1307 2938; x_wconf 87' lang='lat' dir='ltr'><strong>coelorum,</strong></span> <span class='ocrx_word' id='word_1_204' title='bbox 1338 2872 1412 2920; x_wconf 89' lang='lat' dir='ltr'><strong>cum</strong></span> 
     </span>
     <span class='ocr_line' id='line_1_26' title="bbox 134 2942 1412 3044; baseline 0.009 -33"><span class='ocrx_word' id='word_1_205' title='bbox 134 2942 288 3015; x_wconf 92' lang='lat' dir='ltr'><strong>omnihus</strong></span> <span class='ocrx_word' id='word_1_206' title='bbox 322 2947 376 3042; x_wconf 91' lang='lat' dir='ltr'><strong>qui</strong></span> <span class='ocrx_word' id='word_1_207' title='bbox 415 2947 526 3043; x_wconf 90' lang='lat' dir='ltr'><strong>placiti</strong></span> <span class='ocrx_word' id='word_1_208' title='bbox 562 2948 699 3020; x_wconf 87' lang='lat' dir='ltr'><strong>suerunt</strong></span> <span class='ocrx_word' id='word_1_209' title='bbox 732 2974 842 3021; x_wconf 87' lang='lat' dir='ltr'><strong>coram</strong></span> <span class='ocrx_word' id='word_1_210' title='bbox 880 2974 930 3020; x_wconf 88' lang='lat' dir='ltr'><strong>co.</strong></span> <span class='ocrx_word' id='word_1_211' title='bbox 983 2948 1025 3019; x_wconf 85' lang='lat' dir='ltr'><strong>Et</strong></span> <span class='ocrx_word' id='word_1_212' title='bbox 1057 2959 1193 3044; x_wconf 87' lang='lat' dir='ltr'><strong>propter</strong></span> <span class='ocrx_word' id='word_1_213' title='bbox 1220 2949 1412 3022; x_wconf 82' lang='lat' dir='ltr'><strong>universam</strong></span> 
     </span>
     <span class='ocr_line' id='line_1_27' title="bbox 134 3043 1413 3144; baseline 0.008 -30"><span class='ocrx_word' id='word_1_214' title='bbox 134 3043 415 3140; x_wconf 90' lang='lat' dir='ltr'><strong>dispensationem</strong></span> <span class='ocrx_word' id='word_1_215' title='bbox 451 3060 539 3121; x_wconf 86' lang='lat' dir='ltr'><strong>tuam</strong></span> <span class='ocrx_word' id='word_1_216' title='bbox 573 3051 758 3123; x_wconf 84' lang='lat' dir='ltr'><strong>mirabilem</strong></span> <span class='ocrx_word' id='word_1_217' title='bbox 793 3074 872 3144; x_wconf 77' lang='lat' dir='ltr'><strong>erga</strong></span> <span class='ocrx_word' id='word_1_218' title='bbox 899 3076 972 3141; x_wconf 79' lang='lat' dir='ltr'><strong>uros,</strong></span> <span class='ocrx_word' id='word_1_219' title='bbox 1009 3050 1242 3121; x_wconf 84' lang='lat' dir='ltr'><strong>confitebimur</strong></span> <span class='ocrx_word' id='word_1_220' title='bbox 1270 3050 1344 3143; x_wconf 92' lang='lat' dir='ltr'><strong>tihi,</strong></span> <span class='ocrx_word' id='word_1_221' title='bbox 1380 3062 1413 3124; x_wconf 89' lang='lat' dir='ltr'><strong>et</strong></span> 
     </span>
     <span class='ocr_line' id='line_1_28' title="bbox 135 3146 1411 3249; baseline 0.009 -35"><span class='ocrx_word' id='word_1_222' title='bbox 135 3146 391 3238; x_wconf 78' lang='lat' dir='ltr'><strong>glorificabimus</strong></span> <span class='ocrx_word' id='word_1_223' title='bbox 419 3160 450 3221; x_wconf 90' lang='lat' dir='ltr'><strong>te</strong></span> <span class='ocrx_word' id='word_1_224' title='bbox 478 3152 719 3243; x_wconf 86' lang='lat' dir='ltr'><strong>indesinenter,</strong></span> <span class='ocrx_word' id='word_1_225' title='bbox 748 3153 780 3223; x_wconf 93' lang='lat' dir='ltr'><strong>in</strong></span> <span class='ocrx_word' id='word_1_226' title='bbox 800 3153 948 3223; x_wconf 86' lang='lat' dir='ltr'><strong>Ecclesia</strong></span> <span class='ocrx_word' id='word_1_227' title='bbox 975 3163 1042 3243; x_wconf 88' lang='lat' dir='ltr'><strong>tua,</strong></span> <span class='ocrx_word' id='word_1_228' title='bbox 1070 3152 1218 3223; x_wconf 90' lang='lat' dir='ltr'><strong>redemta</strong></span> <span class='ocrx_word' id='word_1_229' title='bbox 1246 3177 1309 3249; x_wconf 92' lang='lat' dir='ltr'><strong>per</strong></span> <span class='ocrx_word' id='word_1_230' title='bbox 1337 3179 1411 3225; x_wconf 90' lang='lat' dir='ltr'><strong>san·</strong></span> 
     </span>
     <span class='ocr_line' id='line_1_29' title="bbox 135 3247 1409 3349; baseline 0.009 -34"><span class='ocrx_word' id='word_1_231' title='bbox 135 3247 271 3340; x_wconf 85' lang='lat' dir='ltr'><strong>guinem</strong></span> <span class='ocrx_word' id='word_1_232' title='bbox 306 3252 488 3346; x_wconf 91' lang='lat' dir='ltr'><strong>pretiosum</strong></span> <span class='ocrx_word' id='word_1_233' title='bbox 525 3253 648 3324; x_wconf 86' lang='lat' dir='ltr'><strong>Christi</strong></span> <span class='ocrx_word' id='word_1_234' title='bbox 683 3256 742 3344; x_wconf 90' lang='lat' dir='ltr'><strong>tui,</strong></span> <span class='ocrx_word' id='word_1_235' title='bbox 777 3254 891 3325; x_wconf 87' lang='lat' dir='ltr'><strong>oribus</strong></span> <span class='ocrx_word' id='word_1_236' title='bbox 926 3255 1059 3349; x_wconf 88' lang='lat' dir='ltr'><strong>apertis,</strong></span> <span class='ocrx_word' id='word_1_237' title='bbox 1099 3265 1132 3325; x_wconf 90' lang='lat' dir='ltr'><strong>et</strong></span> <span class='ocrx_word' id='word_1_238' title='bbox 1165 3253 1251 3325; x_wconf 79' lang='lat' dir='ltr'><strong>facie</strong></span> <span class='ocrx_word' id='word_1_239' title='bbox 1286 3255 1409 3326; x_wconf 87' lang='lat' dir='ltr'><strong>lihera:</strong></span> 
     </span>
     <span class='ocr_line' id='line_1_30' title="bbox 136 3347 1410 3447; baseline 0.009 -30"><span class='ocrx_word' id='word_1_240' title='bbox 136 3347 268 3420; x_wconf 85' lang='lat' dir='ltr'><strong>Conon:</strong></span> <span class='ocrx_word' id='word_1_241' title='bbox 295 3352 478 3425; x_wconf 84' lang='lat' dir='ltr'><strong>referentes</strong></span> <span class='ocrx_word' id='word_1_242' title='bbox 507 3354 676 3447; x_wconf 78' lang='lat' dir='ltr'><strong>hymnum,</strong></span> <span class='ocrx_word' id='word_1_243' title='bbox 704 3355 876 3446; x_wconf 88' lang='lat' dir='ltr'><strong>honorem,</strong></span> <span class='ocrx_word' id='word_1_244' title='bbox 913 3354 1157 3426; x_wconf 82' lang='lat' dir='ltr'><strong>corriessionem</strong></span> <span class='ocrx_word' id='word_1_245' title='bbox 1185 3369 1218 3426; x_wconf 89' lang='lat' dir='ltr'><strong>et</strong></span> <span class='ocrx_word' id='word_1_246' title='bbox 1245 3356 1410 3429; x_wconf 90' lang='lat' dir='ltr'><strong>adoratio·</strong></span> 
     </span>
     <span class='ocr_line' id='line_1_31' title="bbox 132 3453 1413 3555; baseline 0.009 -35"><span class='ocrx_word' id='word_1_247' title='bbox 132 3473 209 3521; x_wconf 87' lang='lat' dir='ltr'><strong>nem</strong></span> <span class='ocrx_word' id='word_1_248' title='bbox 244 3453 370 3524; x_wconf 92' lang='lat' dir='ltr'><strong>nomini</strong></span> <span class='ocrx_word' id='word_1_249' title='bbox 408 3465 464 3525; x_wconf 92' lang='lat' dir='ltr'><strong>tuo</strong></span> <span class='ocrx_word' id='word_1_250' title='bbox 500 3469 613 3528; x_wconf 90' lang='lat' dir='ltr'><strong>sancto</strong></span> <span class='ocrx_word' id='word_1_251' title='bbox 647 3458 718 3527; x_wconf 86' lang='lat' dir='ltr'><strong>vivo</strong></span> <span class='ocrx_word' id='word_1_252' title='bbox 747 3472 780 3527; x_wconf 89' lang='lat' dir='ltr'><strong>ct</strong></span> <span class='ocrx_word' id='word_1_253' title='bbox 805 3458 992 3548; x_wconf 77' lang='lat' dir='ltr'><strong>vivificanti,</strong></span> <span class='ocrx_word' id='word_1_254' title='bbox 1020 3481 1109 3546; x_wconf 68' lang='lat' dir='ltr'><strong>prurrc</strong></span> <span class='ocrx_word' id='word_1_255' title='bbox 1136 3469 1170 3528; x_wconf 92' lang='lat' dir='ltr'><strong>et</strong></span> <span class='ocrx_word' id='word_1_256' title='bbox 1196 3483 1344 3555; x_wconf 86' lang='lat' dir='ltr'><strong>semper,</strong></span> <span class='ocrx_word' id='word_1_257' title='bbox 1380 3469 1413 3531; x_wconf 91' lang='lat' dir='ltr'><strong>et</strong></span> 
     </span>
     <span class='ocr_line' id='line_1_32' title="bbox 133 3552 570 3629; baseline 0.009 -7"><span class='ocrx_word' id='word_1_258' title='bbox 133 3552 165 3622; x_wconf 96' lang='lat' dir='ltr'><strong>in</strong></span> <span class='ocrx_word' id='word_1_259' title='bbox 194 3555 325 3626; x_wconf 88' lang='lat' dir='ltr'><strong>saecula</strong></span> <span class='ocrx_word' id='word_1_260' title='bbox 352 3556 570 3629; x_wconf 88' lang='lat' dir='ltr'><strong>saeculorum.</strong></span> 
     </span>
    </p>
   </div>
   <div class='ocr_carea' id='block_1_7' title="bbox 210 3670 1314 3771">
    <p class='ocr_par' dir='ltr' id='par_1_7' title="bbox 210 3670 1314 3771">
     <span class='ocr_line' id='line_1_33' title="bbox 210 3670 1314 3771; baseline 0.006 -30"><span class='ocrx_word' id='word_1_261' title='bbox 210 3670 376 3745; x_wconf 85' lang='lat' dir='ltr'><strong>Sacerdos</strong></span> <span class='ocrx_word' id='word_1_262' title='bbox 402 3675 512 3767; x_wconf 77' lang='lat' dir='ltr'><strong>sipaet</strong></span> <span class='ocrx_word' id='word_1_263' title='bbox 539 3700 638 3746; x_wconf 77' lang='lat' dir='ltr'><strong>errice</strong></span> <span class='ocrx_word' id='word_1_264' title='bbox 664 3677 843 3770; x_wconf 78' lang='lat' dir='ltr'><strong>mysterio:</strong></span> <span class='ocrx_word' id='word_1_265' title='bbox 871 3685 903 3746; x_wconf 88' lang='lat' dir='ltr'><strong>ot</strong></span> <span class='ocrx_word' id='word_1_266' title='bbox 930 3675 1140 3771; x_wconf 84' lang='lat' dir='ltr'><strong>respondeat.</strong></span> <span class='ocrx_word' id='word_1_267' title='bbox 1194 3676 1314 3748; x_wconf 77' lang='lat' dir='ltr'><strong>Amen.</strong></span> 
     </span>
    </p>
   </div>
   <div class='ocr_carea' id='block_1_8' title="bbox 120 3971 1413 4379">
    <p class='ocr_par' dir='ltr' id='par_1_8' title="bbox 120 3971 1413 4379">
     <span class='ocr_line' id='line_1_34' title="bbox 120 3971 1412 4041; baseline 0.008 -20"><span class='ocrx_word' id='word_1_268' title='bbox 120 3971 221 4029; x_wconf 65' lang='lat' dir='ltr'><strong>,recited</strong></span> <span class='ocrx_word' id='word_1_269' title='bbox 240 3974 263 4020; x_wconf 93' lang='lat' dir='ltr'><strong>in</strong></span> <span class='ocrx_word' id='word_1_270' title='bbox 282 3975 329 4023; x_wconf 90' lang='lat' dir='ltr'><strong>this</strong></span> <span class='ocrx_word' id='word_1_271' title='bbox 347 3975 450 4038; x_wconf 76' lang='lat' dir='ltr'><strong>Liturgy.</strong></span> <span class='ocrx_word' id='word_1_272' title='bbox 486 3976 613 4025; x_wconf 77' lang='lat' dir='ltr'><strong>Theodora</strong></span> <span class='ocrx_word' id='word_1_273' title='bbox 632 3977 671 4025; x_wconf 89' lang='lat' dir='ltr'><strong>the</strong></span> <span class='ocrx_word' id='word_1_274' title='bbox 690 3977 841 4040; x_wconf 83' lang='lat' dir='ltr'><strong>interpreter,</strong></span> <span class='ocrx_word' id='word_1_275' title='bbox 860 3987 944 4041; x_wconf 79' lang='lat' dir='ltr'><strong>excapt</strong></span> <span class='ocrx_word' id='word_1_276' title='bbox 960 3979 1011 4027; x_wconf 87' lang='lat' dir='ltr'><strong>that</strong></span> <span class='ocrx_word' id='word_1_277' title='bbox 1029 3981 1046 4027; x_wconf 86' lang='lat' dir='ltr'><strong>it</strong></span> <span class='ocrx_word' id='word_1_278' title='bbox 1058 3980 1161 4028; x_wconf 80' lang='lat' dir='ltr'><strong>consiste</strong></span> <span class='ocrx_word' id='word_1_279' title='bbox 1173 3981 1200 4028; x_wconf 85' lang='lat' dir='ltr'><strong>ot</strong></span> <span class='ocrx_word' id='word_1_280' title='bbox 1208 3982 1307 4030; x_wconf 86' lang='lat' dir='ltr'><strong>hutone</strong></span> <span class='ocrx_word' id='word_1_281' title='bbox 1321 3981 1412 4039; x_wconf 84' lang='lat' dir='ltr'><strong>clause,</strong></span> 
     </span>
     <span class='ocr_line' id='line_1_35' title="bbox 131 4052 1412 4130; baseline 0.009 -26"><span class='ocrx_word' id='word_1_282' title='bbox 131 4052 176 4104; x_wconf 85' lang='lat' dir='ltr'><strong>has</strong></span> <span class='ocrx_word' id='word_1_283' title='bbox 195 4056 293 4119; x_wconf 81' lang='lat' dir='ltr'><strong>nothing</strong></span> <span class='ocrx_word' id='word_1_284' title='bbox 312 4058 476 4108; x_wconf 81' lang='lat' dir='ltr'><strong>remarkable:</strong></span> <span class='ocrx_word' id='word_1_285' title='bbox 500 4059 543 4108; x_wconf 87' lang='lat' dir='ltr'><strong>hut</strong></span> <span class='ocrx_word' id='word_1_286' title='bbox 560 4061 611 4110; x_wconf 90' lang='lat' dir='ltr'><strong>that</strong></span> <span class='ocrx_word' id='word_1_287' title='bbox 629 4062 655 4109; x_wconf 88' lang='lat' dir='ltr'><strong>ot</strong></span> <span class='ocrx_word' id='word_1_288' title='bbox 671 4061 796 4110; x_wconf 84' lang='lat' dir='ltr'><strong>Nestorius</strong></span> <span class='ocrx_word' id='word_1_289' title='bbox 814 4062 834 4110; x_wconf 90' lang='lat' dir='ltr'><strong>is</strong></span> <span class='ocrx_word' id='word_1_290' title='bbox 852 4064 941 4125; x_wconf 85' lang='lat' dir='ltr'><strong>unique</strong></span> <span class='ocrx_word' id='word_1_291' title='bbox 959 4063 982 4111; x_wconf 89' lang='lat' dir='ltr'><strong>in</strong></span> <span class='ocrx_word' id='word_1_292' title='bbox 1002 4063 1125 4125; x_wconf 77' lang='lat' dir='ltr'><strong>following</strong></span> <span class='ocrx_word' id='word_1_293' title='bbox 1143 4065 1183 4113; x_wconf 82' lang='lat' dir='ltr'><strong>the</strong></span> <span class='ocrx_word' id='word_1_294' title='bbox 1203 4065 1412 4130; x_wconf 85' lang='lat' dir='ltr'><strong>Constantinopo-</strong></span> 
     </span>
     <span class='ocr_line' id='line_1_36' title="bbox 132 4138 1412 4215; baseline 0.011 -28"><span class='ocrx_word' id='word_1_295' title='bbox 132 4138 190 4188; x_wconf 88' lang='lat' dir='ltr'><strong>litan</strong></span> <span class='ocrx_word' id='word_1_296' title='bbox 214 4141 296 4204; x_wconf 74' lang='lat' dir='ltr'><strong>family</strong></span> <span class='ocrx_word' id='word_1_297' title='bbox 319 4143 349 4206; x_wconf 72' lang='lat' dir='ltr'><strong>hp</strong></span> <span class='ocrx_word' id='word_1_298' title='bbox 367 4143 406 4192; x_wconf 87' lang='lat' dir='ltr'><strong>the</strong></span> <span class='ocrx_word' id='word_1_299' title='bbox 424 4143 540 4193; x_wconf 87' lang='lat' dir='ltr'><strong>insertion</strong></span> <span class='ocrx_word' id='word_1_300' title='bbox 559 4146 586 4193; x_wconf 88' lang='lat' dir='ltr'><strong>ot</strong></span> <span class='ocrx_word' id='word_1_301' title='bbox 601 4146 640 4194; x_wconf 87' lang='lat' dir='ltr'><strong>the</strong></span> <span class='ocrx_word' id='word_1_302' title='bbox 658 4144 740 4194; x_wconf 86' lang='lat' dir='ltr'><strong>clause</strong></span> <span class='ocrx_word' id='word_1_303' title='bbox 758 4146 785 4194; x_wconf 85' lang='lat' dir='ltr'><strong>ot</strong></span> <span class='ocrx_word' id='word_1_304' title='bbox 801 4140 1000 4208; x_wconf 87' lang='lat' dir='ltr'><strong>transmutation;</strong></span> <span class='ocrx_word' id='word_1_305' title='bbox 1026 4148 1095 4197; x_wconf 80' lang='lat' dir='ltr'><strong>“hod</strong></span> <span class='ocrx_word' id='word_1_306' title='bbox 1115 4149 1148 4198; x_wconf 83' lang='lat' dir='ltr'><strong>let</strong></span> <span class='ocrx_word' id='word_1_307' title='bbox 1165 4152 1207 4200; x_wconf 86' lang='lat' dir='ltr'><strong>the</strong></span> <span class='ocrx_word' id='word_1_308' title='bbox 1225 4165 1299 4211; x_wconf 76' lang='lat' dir='ltr'><strong>grace</strong></span> <span class='ocrx_word' id='word_1_309' title='bbox 1318 4155 1346 4201; x_wconf 88' lang='lat' dir='ltr'><strong>ot</strong></span> <span class='ocrx_word' id='word_1_310' title='bbox 1362 4153 1412 4215; x_wconf 68' lang='lat' dir='ltr'><strong>Thy</strong></span> 
     </span>
     <span class='ocr_line' id='line_1_37' title="bbox 131 4223 1412 4287; baseline 0.009 -16"><span class='ocrx_word' id='word_1_311' title='bbox 131 4223 314 4286; x_wconf 69' lang='lat' dir='ltr'><strong>horisono,</strong></span> <span class='ocrx_word' id='word_1_312' title='bbox 339 4226 358 4275; x_wconf 88' lang='grc' dir='ltr'><strong>Ο</strong></span> <span class='ocrx_word' id='word_1_313' title='bbox 378 4228 453 4287; x_wconf 82' lang='lat' dir='ltr'><strong>loro,</strong></span> <span class='ocrx_word' id='word_1_314' title='bbox 479 4243 548 4277; x_wconf 88' lang='lat' dir='ltr'><strong>come</strong></span> <span class='ocrx_word' id='word_1_315' title='bbox 566 4229 612 4278; x_wconf 89' lang='lat' dir='ltr'><strong>aad</strong></span> <span class='ocrx_word' id='word_1_316' title='bbox 632 4229 700 4278; x_wconf 81' lang='lat' dir='ltr'><strong>duell</strong></span> <span class='ocrx_word' id='word_1_317' title='bbox 720 4229 765 4278; x_wconf 84' lang='lat' dir='ltr'><strong>and</strong></span> <span class='ocrx_word' id='word_1_318' title='bbox 784 4239 833 4280; x_wconf 82' lang='lat' dir='ltr'><strong>rest</strong></span> <span class='ocrx_word' id='word_1_319' title='bbox 851 4245 881 4279; x_wconf 88' lang='lat' dir='ltr'><strong>on</strong></span> <span class='ocrx_word' id='word_1_320' title='bbox 901 4232 948 4279; x_wconf 89' lang='lat' dir='ltr'><strong>this</strong></span> <span class='ocrx_word' id='word_1_321' title='bbox 967 4230 1073 4282; x_wconf 86' lang='lat' dir='ltr'><strong>oblatiou</strong></span> <span class='ocrx_word' id='word_1_322' title='bbox 1094 4233 1169 4282; x_wconf 81' lang='lat' dir='ltr'><strong>which</strong></span> <span class='ocrx_word' id='word_1_323' title='bbox 1189 4248 1225 4281; x_wconf 83' lang='lat' dir='ltr'><strong>ne</strong></span> <span class='ocrx_word' id='word_1_324' title='bbox 1244 4236 1307 4284; x_wconf 77' lang='lat' dir='ltr'><strong>oller</strong></span> <span class='ocrx_word' id='word_1_325' title='bbox 1326 4236 1412 4283; x_wconf 77' lang='lat' dir='ltr'><strong>hetone</strong></span> 
     </span>
     <span class='ocr_line' id='line_1_38' title="bbox 131 4305 1413 4379; baseline 0.011 -25"><span class='ocrx_word' id='word_1_326' title='bbox 131 4305 210 4356; x_wconf 79' lang='lat' dir='ltr'><strong>Thea:</strong></span> <span class='ocrx_word' id='word_1_327' title='bbox 230 4310 276 4358; x_wconf 90' lang='lat' dir='ltr'><strong>and</strong></span> <span class='ocrx_word' id='word_1_328' title='bbox 295 4325 348 4373; x_wconf 71' lang='lat' dir='ltr'><strong>may</strong></span> <span class='ocrx_word' id='word_1_329' title='bbox 366 4313 466 4373; x_wconf 78' lang='lat' dir='ltr'><strong>sanctity</strong></span> <span class='ocrx_word' id='word_1_330' title='bbox 486 4312 531 4360; x_wconf 89' lang='lat' dir='ltr'><strong>aud</strong></span> <span class='ocrx_word' id='word_1_331' title='bbox 552 4314 620 4361; x_wconf 77' lang='lat' dir='ltr'><strong>malae</strong></span> <span class='ocrx_word' id='word_1_332' title='bbox 638 4315 664 4374; x_wconf 89' lang='lat' dir='ltr'><strong>it,</strong></span> <span class='ocrx_word' id='word_1_333' title='bbox 683 4314 721 4361; x_wconf 89' lang='lat' dir='ltr'><strong>the</strong></span> <span class='ocrx_word' id='word_1_334' title='bbox 740 4315 813 4363; x_wconf 85' lang='lat' dir='ltr'><strong>brcad</strong></span> <span class='ocrx_word' id='word_1_335' title='bbox 833 4315 878 4363; x_wconf 86' lang='lat' dir='ltr'><strong>and</strong></span> <span class='ocrx_word' id='word_1_336' title='bbox 897 4316 936 4364; x_wconf 83' lang='lat' dir='ltr'><strong>the</strong></span> <span class='ocrx_word' id='word_1_337' title='bbox 955 4330 1010 4378; x_wconf 89' lang='lat' dir='ltr'><strong>cup,</strong></span> <span class='ocrx_word' id='word_1_338' title='bbox 1029 4315 1068 4363; x_wconf 89' lang='lat' dir='ltr'><strong>the</strong></span> <span class='ocrx_word' id='word_1_339' title='bbox 1087 4316 1152 4379; x_wconf 84' lang='lat' dir='ltr'><strong>Dody</strong></span> <span class='ocrx_word' id='word_1_340' title='bbox 1170 4317 1217 4366; x_wconf 89' lang='lat' dir='ltr'><strong>and</strong></span> <span class='ocrx_word' id='word_1_341' title='bbox 1230 4318 1308 4367; x_wconf 88' lang='lat' dir='ltr'><strong>Blood</strong></span> <span class='ocrx_word' id='word_1_342' title='bbox 1328 4321 1413 4368; x_wconf 82' lang='lat' dir='ltr'><strong>otoni·</strong></span> 
     </span>
    </p>
   </div>
   <div class='ocr_carea' id='block_1_9' title="bbox 129 4386 1412 4527">
    <p class='ocr_par' dir='ltr' id='par_1_9' title="bbox 129 4386 1412 4527">
     <span class='ocr_line' id='line_1_39' title="bbox 129 4386 1412 4521; baseline 0.013 -85"><span class='ocrx_word' id='word_1_343' title='bbox 129 4386 197 4521; x_wconf 49' lang='lat' dir='ltr'><strong>gean</strong></span> <span class='ocrx_word' id='word_1_344' title='bbox 214 4392 287 4442; x_wconf 83' lang='lat' dir='ltr'><strong>lesos</strong></span> <span class='ocrx_word' id='word_1_345' title='bbox 307 4394 409 4455; x_wconf 80' lang='lat' dir='ltr'><strong>Cuarsr,</strong></span> <span class='ocrx_word' id='word_1_346' title='bbox 433 4394 487 4443; x_wconf 86' lang='lat' dir='ltr'><strong>thus</strong></span> <span class='ocrx_word' id='word_1_347' title='bbox 511 4398 653 4461; x_wconf 73' lang='lat' dir='ltr'><strong>sanctitying</strong></span> <span class='ocrx_word' id='word_1_348' title='bbox 677 4399 751 4459; x_wconf 87' lang='lat' dir='ltr'><strong>them,</strong></span> <span class='ocrx_word' id='word_1_349' title='bbox 776 4398 822 4447; x_wconf 90' lang='lat' dir='ltr'><strong>and</strong></span> <span class='ocrx_word' id='word_1_350' title='bbox 847 4401 1005 4463; x_wconf 73' lang='lat' dir='ltr'><strong>transmuting</strong></span> <span class='ocrx_word' id='word_1_351' title='bbox 1029 4401 1094 4449; x_wconf 91' lang='lat' dir='ltr'><strong>them</strong></span> <span class='ocrx_word' id='word_1_352' title='bbox 1113 4401 1142 4464; x_wconf 81' lang='lat' dir='ltr'><strong>hy</strong></span> <span class='ocrx_word' id='word_1_353' title='bbox 1161 4402 1201 4450; x_wconf 90' lang='lat' dir='ltr'><strong>the</strong></span> <span class='ocrx_word' id='word_1_354' title='bbox 1220 4403 1297 4452; x_wconf 76' lang='lat' dir='ltr'><strong>virtue</strong></span> <span class='ocrx_word' id='word_1_355' title='bbox 1326 4405 1412 4453; x_wconf 75' lang='lat' dir='ltr'><strong>ottho</strong></span> 
     </span>
     <span class='ocr_line' id='line_1_40' title="bbox 152 4476 329 4527; baseline 0.04 -7"><span class='ocrx_word' id='word_1_356' title='bbox 152 4486 198 4522; x_wconf 81' lang='lat' dir='ltr'><strong>oct</strong></span> <span class='ocrx_word' id='word_1_357' title='bbox 218 4476 329 4527; x_wconf 84' lang='lat' dir='ltr'><strong>Gnosr.”</strong></span> 
     </span>
    </p>
   </div>
   <div class='ocr_carea' id='block_1_10' title="bbox 0 0 1530 4912">
    <p class='ocr_par' dir='ltr' id='par_1_10' title="bbox 0 0 1530 4912">
     <span class='ocr_line' id='line_1_41' title="bbox 0 0 1530 4912; baseline 0 0"><span class='ocrx_word' id='word_1_358' title='bbox 0 0 1530 4912; x_wconf 95' lang='lat' dir='ltr'><strong> </strong></span> 
     </span>
    </p>
   </div>
  </div>
 </body>
</html>
