3044 4912
719 253 793 328 469

188 436 372 510 Diacoaus.
426 436 582 511 Omnium
621 437 772 512 fidelium
808 439 996 537 quicunque
1030 452 1127 534 sunt,
1169 444 1315 519 virorum
1348 468 1387 519 ac

112 538 306 631 innliernm,
339 564 458 613 seuum
492 550 526 612 et
551 538 728 613 infantium
755 550 790 614 et
815 540 994 614 cuiuslibet
1018 543 1147 636 aetatis,
1182 546 1239 643 qui
1267 546 1386 620 obdor-

109 640 263 717 unierunt
287 640 322 712 in
349 641 524 714 sanctitate
550 643 644 714 etin
671 643 735 715 lide
754 642 890 736 Christi,
917 653 955 716 ut
980 648 1250 721 commemoratio
1277 648 1334 721 liat
1352 649 1387 722 in

106 740 174 816 hac
202 753 319 816 sanctu
343 742 490 837 liturgia,
516 767 701 840 precamur.

192 844 333 918 Cltoras.
385 844 550 917 Memento
578 857 641 919 etc.

190 946 249 1041 [Si
273 945 431 1042 idtarpt'a
456 946 646 1020 celebrator
672 959 771 1019 cotra
796 945 1014 1039 Dominicaat,
1040 946 1212 1023 Diacoaas
1234 975 1299 1049 pro
1327 977 1386 1026 ro-

105 1047 334 1122 surractioois
376 1049 535 1121 memoria
578 1048 692 1122 statim
734 1047 845 1121 dicat:
901 1045 941 1122 Ut
983 1048 1102 1123 Suactt'
1126 1094 1177 1104 —
1199 1053 1402 1150 Prophetae

105 1150 278 1248 Apostoli,
305 1150 525 1223 Patrt'arcltae
552 1176 579 1223 s.
606 1150 783 1246 Martyris,
810 1150 908 1222 caiae
933 1152 1092 1224 memoria
1117 1151 1180 1226 illa
1207 1154 1260 1226 dia
1288 1179 1385 1229 reco-

105 1251 199 1325 litur
226 1293 276 1305 -
301 1252 565 1324 commoratio
595 1253 656 1350 ilai
688 1252 726 1324 t'o
757 1252 820 1324 ltac
852 1263 970 1325 coacta
994 1251 1165 1350 Liiarqio,
1194 1280 1386 1352 precamur.

107 1352 256 1428 Chorus.
309 1351 472 1425 Meroaoto
498 1354 577 1447 ata]
1447 1354 1449 1359 '

189 1454 371 1527 Diaconos.
423 1455 578 1548 Domine,
605 1453 757 1527 benedic.

188 1555 277 1628 Dum
304 1557 394 1628 currit
421 1556 561 1644 Citoras,
590 1556 757 1630 Sacerdos
783 1556 865 1629 dicit
891 1567 1040 1634 secreto:

187 1656 366 1751 Memento,
394 1659 547 1751 Domine,
575 1658 754 1731 benedicas
782 1669 816 1730 et
840 1659 1030 1732 miserearis
1049 1670 1184 1735 sunctae
1203 1660 1385 1735 catholicae
1428 1732 1431 1737 .

107 1769 188 1831 tuae
223 1770 256 1830 et
289 1760 488 1856 apostolicae
523 1761 694 1852 ccclesiae,
731 1784 830 1857 quam
856 1761 1001 1856 pretioso
1029 1763 1193 1857 sanguine
1220 1765 1383 1858 unigeniti

106 1858 187 1933 Filii
222 1861 269 1933 tui
304 1863 509 1959 redemptam
543 1874 656 1935 sancta
690 1886 788 1934 cruce
822 1873 876 1934 tua
909 1863 1081 1935 vindicasti
1116 1864 1150 1935 in
1185 1864 1383 1940 libertatem.

107 1961 232 2034 Pacem
258 1963 356 2036 nubis
383 1963 509 2037 tribuas
538 1964 821 2061 imperturbatam.
864 1962 1028 2037 Memento
1055 1964 1198 2037 Domine
1224 1977 1258 2038 et
1284 1965 1384 2038 hene·

108 2065 203 2136 dicas
237 2065 392 2138 omnibus
419 2065 595 2162 Episcopis
628 2065 834 2156 orthodoxis,
869 2067 925 2164 qui
952 2078 1042 2139 recte
1071 2066 1259 2140 dividerent
1285 2067 1383 2143 nobis

108 2176 145 2239 et
171 2167 392 2241 ostenderunt
417 2167 554 2240 verbum
579 2168 727 2240 veritatis
754 2191 786 2263 p.
799 2167 883 2240 362.

186 2268 291 2340 Mlata
322 2293 419 2342 voca:
457 2269 623 2366 imprimis
656 2268 797 2342 Domine
830 2278 998 2342 memento
1033 2269 1146 2363 magui
1180 2279 1215 2342 et
1238 2268 1384 2367 piissimi

108 2368 288 2466 Principis,
323 2371 449 2443 Nicoiai
483 2370 722 2462 Pawiowitscir,
758 2372 907 2444 omniurn
940 2368 1136 2443 iiussiarum
1169 2370 1384 2467 imperatoris

108 2481 144 2543 et
168 2472 398 2546 Autocratoris
433 2474 478 2566 (ct
513 2474 552 2570 fit
584 2473 706 2545 mentio
742 2474 884 2545 orariam
909 2471 1084 2567 partilium
1110 2484 1141 2545 el
1168 2484 1384 2568 copoutorttor

108 2572 340 2671 imperatoris)
377 2585 411 2646 et
446 2575 557 2671 palatii
591 2574 664 2647 eius
699 2586 733 2647 et
767 2574 945 2647 Christiani
980 2574 1155 2647 exercitus.
1208 2575 1382 2650 Custodiae

108 2698 169 2747 eos
197 2686 231 2747 at
256 2677 446 2748 miserearis
472 2678 515 2749 iis
542 2676 734 2775 tribuasque
761 2676 842 2774 ipsis
869 2701 1174 2774 summampaccm
1201 2686 1235 2750 et
1259 2679 1382 2775 imper·

109 2777 274 2849 turhatam
301 2779 341 2850 ad
369 2778 491 2851 multos
519 2803 634 2852 annos.
644 2777 667 2875 ¹)

190 2878 328 2953 Gitoros.
382 2883 499 2953 Arnen.

188 2979 363 3055 Sacerdos.
416 2982 594 3072 Memento,
628 2981 781 3071 Domina,
815 2978 983 3069 Narcissi,
1021 3003 1150 3052 summa
1182 2982 1382 3056 venerabilis

107 3083 212 3154 totius
247 3081 410 3156 Gaicanae
444 3085 553 3178 gentis
580 3080 791 3154 Patriarchae
818 3091 851 3152 ct
877 3081 1078 3152 sanctissimi
1106 3080 1277 3154 Catholici.
1313 3083 1381 3180 ipsi

108 3184 275 3257 concedas
308 3187 443 3281 longum
487 3198 615 3281 tempus
649 3207 804 3280 pracesse
837 3184 961 3254 sanctis
988 3183 1139 3255 ecclesiis
1174 3187 1240 3256 tuis
1274 3184 1382 3283 iisque

107 3298 199 3359 recte
228 3287 403 3383 dispertire
431 3288 566 3359 verbum
594 3286 752 3357 veritatis.

188 3388 327 3461 Chorus.
379 3391 497 3461 Amen.

188 3489 364 3564 Sacerdos.
417 3490 595 3581 Memento,
621 3488 777 3578 Domine,
810 3485 1060 3583 Archiepiscopi
1088 3486 1188 3558 totius
1216 3473 1381 3561 Gaicanae

108 3592 241 3688 gentiS,
275 3594 383 3690 quoad
409 3591 550 3665 Russiae
583 3591 706 3664 finibus
741 3588 941 3661 continetur.
994 3588 1059 3684 ipsi
1088 3588 1252 3661 concedas
1278 3589 1378 3686 longo

107 3705 260 3790 tempore
295 3695 392 3768 nobis
429 3718 586 3791 praeesse
623 3706 657 3765 et
691 3704 782 3764 recte
818 3691 915 3762 nubis
953 3690 1127 3786 dispertire
1161 3690 1298 3764 verbum
1325 3716 1380 3764 ve·

107 3793 261 3890 ritulis.²)

194 4016 219 4075 i)
237 4015 307 4065 Extra
326 4016 436 4064 Rosciam
455 4012 651 4078 praetermittitur
670 4013 729 4062 haec
747 4011 955 4062 commemoratio.

193 4099 220 4158 2)
239 4100 267 4150 Et
283 4101 344 4150 haec
361 4100 537 4164 deprecationis
557 4097 671 4162 periodus
694 4097 772 4146 seiam
791 4097 915 4160 occupavit
932 4096 1051 4145 iiussiam.
1084 4095 1153 4144 Nunc
1170 4109 1272 4158 prorsus
1289 4095 1383 4167 omitti·

108 4194 161 4248 tar,
195 4199 251 4235 curn
279 4185 380 4235 ecclesia
407 4185 495 4234 snmrni
518 4181 636 4234 Catholici
664 4180 841 4232 Eischmiadsin
869 4181 893 4230 in
917 4180 1049 4229 linteorum
1075 4179 1189 4229 ditionem
1216 4180 1313 4231 redacta
1338 4180 1382 4237 sit.

106 4270 159 4322 AC:
184 4270 311 4330 Erinnerc,
337 4269 406 4328 lierr,
430 4267 478 4316 und
502 4267 612 4316 critarme
630 4266 689 4316 Dich
708 4266 756 4316 und
775 4279 849 4328 segne
867 4264 914 4314 alie
932 4264 1127 4327 rechtqlaubigan
1144 4264 1265 4325 Bischoie,
1288 4264 1380 4319 welche

107 4355 150 4404 mit
174 4354 323 4404 orthodoxer
340 4351 417 4402 iehrc
441 4352 479 4401 bei
504 4366 550 4401 uns
573 4352 616 4402 das
634 4352 703 4401 Wort
726 4351 769 4401 der
785 4350 909 4399 Wuirrircit
926 4358 1060 4412 rortragen.
1096 4349 1143 4398 Der
1161 4348 1266 4399 Diacon:
1291 4348 1379 4414 Segne,

107 4440 177 4490 Merr.
213 4439 261 4488 Der
279 4439 397 4488 Priester:
416 4436 463 4485 iior
480 4436 556 4487 Ailem
575 4450 664 4486 unsara
683 4437 786 4498 heiligen
805 4437 888 4499 Papst,
906 4435 952 4483 den
971 4433 1086 4483 iicrrnN.
1098 4433 1126 4482 N.
1146 4433 1194 4482 nnd
1214 4448 1302 4483 unsern
1320 4436 1377 4485 cirr-

106 4522 230 4587 wuidiqen
248 4522 410 4585 Patriarciren,
429 4522 475 4572 den
494 4521 570 4572 iierrn
588 4521 617 4573 ii.
628 4522 655 4572 ii.
675 4522 745 4583 (oder
762 4535 852 4572 unsara
864 4519 1013 4580 Erririsciroi,
1033 4519 1078 4569 den
1089 4517 1204 4569 iierrnii.
1216 4517 1255 4580 it.)
1272 4517 1379 4572 achonis

138 4609 176 4658 li.
1147 4602 1179 4653 tt
