3044 4912
10 598 12 603 .
41 539 95 612 les,
124 539 176 620 qni
204 538 357 602 intersunt
382 537 493 600 divinis
519 537 689 618 mysteriis:
717 538 858 601 mulieres
882 557 899 601 a
919 539 992 601 viris
1025 539 1071 602 rel
1102 558 1187 602 muro
1219 540 1317 603 bumi-
1417 558 1420 563 ·

644 250 718 324 203

122 438 221 500 Aliter
242 443 414 517 comparata
436 444 483 500 est
505 435 651 499 ecclesiae
673 435 770 499 laicae
790 437 879 500 ratio.
915 437 1045 518 lmpleut
1065 433 1224 503 circada
1245 441 1318 503 lide-

10 656 24 695 :·
43 628 110 702 liori
131 639 178 702 sel
200 639 344 703 cancellis
367 657 421 701 seu
444 637 546 701 clatris
569 638 679 719 quibus
694 655 780 701 sacra
796 638 974 702 celebranda
990 641 1165 720 perspicere
1179 651 1318 723 possunt,

10 3314 13 3401 l

45 741 152 822 ubique
173 741 382 820 seiunguntnr,
404 739 450 802 uel
473 756 607 801 cameras
629 732 813 820 superiores,
838 742 899 805 cori
920 742 1002 804 ruozi
1024 741 1167 805 ambitum
1190 744 1317 807 circum-

48 841 208 906 ambientes
231 841 370 903 obtinent
390 839 597 924 (γυναικεῖον,
619 834 859 926 γυναικίτης).“)
901 843 938 904 lt
958 861 1030 904 rero
1053 860 1120 906 cum
1143 863 1249 924 magna
1271 845 1318 909 di-

47 940 102 1004 rini
122 942 217 1006 officii
239 960 311 1023 pare
332 942 502 1023 peragenda
525 941 565 1003 sit
586 935 690 1026 ἐντῷ
711 943 790 1026 ναῷ,
813 960 890 1022 opus
912 952 960 1006 est
981 958 1014 1006 ut
1035 955 1205 1008 reservetur
1217 965 1317 1009 sacer·

50 1044 161 1106 dotibus
182 1045 269 1106 locus
291 1062 386 1117 sacer,
414 1042 583 1122 legentibus
606 1053 635 1105 et
656 1043 856 1123 psallentibus
879 1043 1016 1119 idoneus,
1047 1064 1135 1126 quem
1158 1047 1316 1111 Chorum

50 1145 200 1226 appellant.
232 1145 289 1207 Hic
310 1154 394 1208 tenet
414 1145 508 1206 totins
530 1145 635 1224 templi
657 1144 855 1207 meditullium
878 1165 931 1208 seu
953 1134 1109 1231 ippodes
1132 1148 1161 1209 in
1178 1148 1317 1210 ecclesiis

51 1246 168 1308 trullatie
195 1245 253 1308 snb
282 1245 371 1308 trullo
401 1245 508 1308 maiori
531 1254 708 1307 exstructus.
745 1246 904 1309 Nonnullis
927 1247 1069 1325 gradibus
1090 1248 1263 1310 ascenditur
1285 1248 1315 1310 in

52 1346 164 1408 eborum
194 1364 248 1408 seu
277 1347 308 1408 in
331 1346 530 1408 dmboncm
552 1338 583 1422 (ὁ
606 1335 734 1428 duplica)
760 1365 796 1409 ex
819 1349 940 1428 antiqua
964 1348 1124 1428 discipline
1145 1349 1317 1411 Sacerdoti·

51 1444 107 1521 lm,
137 1448 282 1510 {liaconis
313 1456 345 1508 et
376 1447 554 1510 cantoribus
587 1449 681 1509 succis
715 1456 877 1528 patentem.
921 1450 959 1511 Ut
985 1467 1066 1511 nunc
1088 1459 1143 1524 est,
1177 1458 1316 1513 cantores

51 1554 121 1609 stare
148 1549 248 1611 solent
277 1549 309 1610 in
336 1548 466 1622 Solea,
496 1548 582 1610 cuius
609 1548 723 1610 mentio
752 1550 852 1612 statim
879 1549 1044 1613 inliciendo
1067 1560 1122 1613 est.
1165 1551 1316 1614 Diaconos

50 1665 110 1708 reru
136 1647 167 1711 in
196 1648 324 1728 legenda
352 1649 480 1730 epistola
507 1648 553 1712 rel
583 1649 736 1728 evangelio
766 1650 890 1712 adhibet
919 1650 1068 1731 pulpitum
1090 1652 1232 1732 portatile
1262 1647 1315 1726 (cd

51 1739 255 1832 dempster),
288 1750 333 1813 cel
365 1751 394 1814 in
427 1749 537 1823 medio,
570 1750 616 1813 vel
647 1751 677 1811 in
711 1751 850 1824 sinistra,
883 1753 929 1814 rel
964 1752 994 1814 in
1023 1753 1126 1815 dextra
1155 1753 1314 1833 partelo·

51 1851 207 1929 eandum')

124 2054 150 2115 l)
174 2055 199 2105 C.
219 2054 360 2118 Angelus
382 2055 464 2105 Stetns
483 2062 506 2104 ct
524 2055 584 2104 ritus
602 2054 666 2104 liccl.
686 2056 727 2106 Gr.
746 2053 829 2119 pdb:
853 2053 948 2115 „Orant
966 2056 1050 2106 Graeci
1069 2056 1092 2105 iu
1111 2057 1217 2120 templis,
1242 2059 1315 2108 crecti

51 2150 135 2202 semper
157 2147 258 2189 etentes.
294 2139 387 2189 liabent
409 2153 464 2189 cero
489 2146 513 2188 ct
538 2138 675 2187 lulcimentu
700 2137 815 2187 nonnulle
841 2138 864 2186 in
888 2138 986 2202 templis
1011 2149 1034 2188 et
1051 2140 1194 2204 quandoque
1212 2149 1316 2204 possunt

51 2221 129 2271 inillis
148 2223 244 2284 sedere,
263 2224 408 2289 quandoque
426 2232 499 2283 sterc,
524 2223 587 2271 sicut
604 2223 627 2271 in
646 2221 790 2287 quibusdem
809 2221 907 2285 templis
925 2221 1082 2285 collegiorum
1100 2223 1180 2272 ridere
1194 2233 1239 2274 est.
1273 2217 1315 2274 ln·

50 2303 116 2355 silent
143 2321 199 2357 sero
230 2307 315 2357 tuleris
346 2306 399 2357 istis
425 2307 489 2356 brici
508 2304 613 2371 {quaudo
643 2321 656 2356 a
682 2306 808 2356 sacerdote
836 2306 968 2367 docentur,
1001 2314 1066 2356 stant
1094 2322 1150 2357 uero
1178 2308 1231 2358 istie
1260 2308 1313 2359 sulti

51 2390 132 2453 mendo
165 2392 268 2456 bpmnos
294 2399 389 2442 canunt
434 2390 561 2455 Templum
588 2405 644 2440 sero
674 2391 777 2454 inpressi
809 2391 936 2456 proprium
969 2390 1069 2456 quilibet
1101 2399 1203 2456 occupet
1233 2391 1314 2442 locum

52 2475 224 2540 consistuntque
256 2476 346 2540 pileum
381 2484 422 2525 aut
453 2476 566 2540 capitium
597 2475 713 2539 deponit,
743 2490 771 2524 ac
799 2484 848 2524 tres
880 2489 966 2525 manns
999 2476 1111 2526 dexterae
1138 2475 1225 2538 digitos
1255 2491 1314 2526 con·

50 2557 113 2621 iungit
141 2560 165 2608 b.
193 2575 216 2609 e.
245 2562 364 2624 primum,
391 2561 540 2619 secundnm,
569 2560 664 2609 tertium
692 2559 791 2622 digitum
822 2560 907 2619 sociat,
933 2560 1071 2622 signillcens
1100 2575 1129 2610 eo
1155 2560 1220 2625 quod
1250 2561 1314 2610 lleus

50 2655 107 2693 ierne
132 2651 170 2695 est
199 2652 282 2694 sancta
313 2629 403 2695 l'ries.¹
431 2645 491 2694 'ires
516 2652 595 2694 autem
625 2644 681 2693 illes
708 2643 835 2707 copulatos
865 2643 952 2706 digitos
981 2645 1060 2708 primo
1092 2645 1198 2694 omnium
1227 2644 1314 2709 palpe-

50 2723 96 2776 lrae
123 2730 240 2793 imponit,
271 2737 373 2790 notans,
398 2739 504 2779 sanctam
534 2729 600 2778 illem
627 2727 728 2778 triadem
755 2729 779 2777 in
806 2728 882 2777 coelis
908 2731 1019 2788 existere,
1043 2736 1128 2793 postea
1155 2730 1230 2778 centri
1256 2743 1314 2779 eoa·

50 2809 93 2860 dem
114 2813 229 2878 applicat,
254 2813 362 2863 indicens
386 2813 462 2863 lilium
482 2813 628 2876 verbumque
647 2812 723 2861 Patris
742 2813 765 2861 in
784 2820 872 2861 terram
892 2814 1056 2873 descendisse,
1082 2828 1178 2862 caruem
1198 2813 1314 2873 induisse,

51 2895 193 2962 toleratisque
218 2898 296 2947 erucis
320 2896 476 2961 passionibus
502 2896 596 2946 tandem
621 2905 722 2960 propter
739 2905 837 2960 peccata
856 2906 938 2946 nostra
957 2896 1078 2960 sepultum
1097 2912 1161 2947 esse.
1195 2898 1238 2947 llis
1255 2912 1313 2962 per·

49 2982 95 3030 artis
109 2983 213 3032 bucnero
232 2981 314 3031 dextro
333 2982 430 3031 eosdem
450 2981 568 3040 admouet,
588 2981 689 3030 innuens
708 2980 772 3044 qnod
791 2980 901 3030 Christus
920 2995 946 3029 ex
965 2981 1059 3030 interno
1079 2995 1189 3030 resersus
1208 2982 1236 3032 ud
1256 2982 1313 3030 dex-

49 3070 109 3115 teram
128 3066 208 3117 Patris
231 3065 376 3116 consederit.
412 3066 470 3115 Post
492 3066 552 3115 baec
576 3065 702 3114 brumosum
726 3065 849 3113 sinistrum
868 3065 992 3127 contingit,
1016 3065 1153 3126 siqnisscane
1173 3079 1203 3114 ne
1221 3080 1234 3113 n
1251 3067 1313 3114 sini·

48 3149 93 3198 uris
114 3149 268 3200 collocemur
291 3149 334 3199 sed
360 3163 373 3198 a
397 3150 494 3199 sinistra
513 3148 553 3199 illa
571 3150 653 3213 potins
671 3148 810 3197 liberemur.
848 3147 898 3197 lloc
916 3149 997 3213 puncti
1016 3151 1084 3213 qnasi
1105 3148 1238 3209 intervallo,
1264 3164 1313 3213 quo

47 3232 159 3296 palpebris
175 3234 267 3299 primo,
285 3241 335 3282 tum
353 3236 438 3294 ventri,
456 3235 528 3284 tertio
546 3233 638 3293 dextro,
666 3232 769 3296 deniqne
787 3232 886 3282 sinistro
905 3233 1006 3282 bumero
1025 3232 1113 3295 digitos
1131 3233 1250 3293 admovet,
1269 3247 1313 3296 per

48 3314 84 3366 loe
104 3319 184 3383 ipsum
211 3319 249 3367 aio
275 3318 426 3368 intervallum
445 3318 505 3368 brec
523 3319 592 3367 rerba
612 3319 768 3381 pronunciat:
793 3316 894 3367 Domine
912 3317 966 3367 lesu
986 3317 1089 3378 cbristo,
1114 3317 1147 3367 lili
1165 3318 1313 3381 verbumque
1418 3365 1421 3369 ,

48 3397 80 3449 llei
94 3404 216 3468 propitius
233 3410 285 3452 esto
304 3403 363 3452 milri
379 3404 510 3467 peccatori.
545 3401 570 3450 ld
589 3415 642 3451 cum
662 3401 763 3465 peragit,
781 3401 881 3452 inllectit
898 3416 951 3452 cnm
970 3402 1045 3451 dorso
1063 3402 1138 3451 latere
1157 3410 1181 3451 et
1198 3402 1312 3452 sicCtui·

10 3498 12 3503 ·
47 3486 71 3532 sti
90 3501 184 3538 crucem
210 3487 328 3549 designat.
363 3487 429 3537 llanc
452 3488 553 3550 liguram
579 3485 681 3549 quilibet
704 3493 741 3535 ter
763 3493 896 3550 quaterque
919 3487 1011 3550 ellingit
1028 3493 1052 3535 et
1069 3495 1153 3549 postca
1172 3486 1268 3535 demum
1288 3486 1311 3534 iu

10 3586 12 3625 ;
49 3582 81 3617 sua
95 3571 183 3622 sellula
203 3572 360 3636 conquiescit.

118 3655 144 3717 2)
167 3655 310 3706 dllatius
329 3657 377 3707 l.c.
395 3670 418 3720 p.
431 3655 493 3706 154:
512 3654 645 3715 „umbonis
663 3668 722 3703 nens
740 3652 811 3703 bodie
830 3668 900 3703 rarus
918 3662 959 3703 eut
976 3653 1066 3703 nullus.
1090 3653 1157 3702 Etsi
1177 3665 1238 3715 quae
1255 3660 1312 3700 sunt

49 3741 155 3790 umbones
173 3730 398 3807 dnscdoipspmror,
418 3755 458 3790 cea
477 3740 500 3788 in
519 3740 596 3787 medin
616 3738 717 3788 ecclesia
735 3737 863 3789 recitant.“
898 3739 975 3800 lliug
994 3737 1133 3788 Gebrbncbe
1151 3734 1312 3786 undCaerim.

49 3819 82 3871 der
97 3824 185 3886 priccb.
204 3825 292 3875 llircbe
310 3826 334 3874 in
354 3824 482 3874 linealeud.
499 3839 524 3888 p.
535 3821 582 3872 25:
601 3813 789 3887 „Municipium
807 3823 860 3872 eine
879 3821 920 3871 lrt
937 3835 981 3870 aon
999 3822 1135 3883 trsgbarem
1148 3819 1234 3869 'l'iscbe
1253 3820 1312 3869 oder

49 3896 164 3970 Selraule,
183 3909 227 3960 der
243 3909 486 3970 zusammenscbltpt,
504 3907 578 3957 demit
597 3922 651 3956 man
670 3907 710 3956 ibn
728 3907 860 3970 bequemer
879 3906 1028 3965 iortbringeu
1047 3905 1125 3967 lonn;
1143 3904 1230 3953 durani
1242 3904 1311 3966 legen

50 3987 79 4040 lie
93 3992 190 4044 llisconi
214 3994 274 4044 oder
292 3994 367 4044 beser
388 3994 440 4043 ilue
458 3992 560 4053 liucbcr,
584 4006 652 4041 wenn
676 3992 711 4040 sie
736 3992 804 4041 einen
823 3991 891 4041 Tbeil
918 3990 961 4040 dee
980 3989 1090 4039 ilienstes
1109 3989 1187 4039 lesen.
1224 3989 1249 4037 lu
1268 3988 1312 4038 der

51 4072 194 4128 laiserlielren
213 4078 313 4142 llapelle
331 4093 359 4127 zu
369 4076 404 4128 St.
416 4070 561 4137 Petersburg
580 4075 627 4125 und
647 4076 670 4124 iu
688 4076 747 4125 sehr
763 4077 871 4139 uenigeu
891 4076 995 4125 anderen
1007 4075 1109 4123 llircben
1127 4072 1182 4123 sind
1199 4073 1311 4123 dielian·

51 4158 90 4209 seu
106 4162 249 4225 eiupelnbrt,
268 4176 308 4211 nm
327 4162 372 4211 den
392 4161 506 4223 Predigea
523 4175 551 4209 zu
570 4160 692 4222 erbohen;
719 4175 745 4210 es
764 4163 794 4210 ist
812 4161 864 4211 dies
883 4161 906 4211 in
924 4161 968 4209 der
986 4159 1151 4222 griechischen
1171 4157 1255 4207 llircbe
1274 4163 1311 4206 et·

10 4234 12 4265 ²
52 4254 88 4292 ass
103 4245 188 4307 lienes,
209 4244 316 4296 aselches
333 4260 379 4295 rou
397 4245 441 4295 der
458 4245 617 4294 lateiniscben
635 4245 744 4294 entlebut
762 4246 792 4295 ist
810 4245 858 4295 nnd
877 4243 1087 4307 supenscbcinlicb
1107 4257 1150 4291 son
1169 4242 1216 4291 den
1234 4240 1311 4290 romi·

10 4344 12 4361 ¹
53 4327 111 4380 setes
127 4331 220 4381 Rostris
238 4332 426 4393 bergenommen
446 4345 502 4392 war,
526 4344 563 4378 wo
588 4329 626 4378 die
644 4329 739 4378 lledcer
764 4344 792 4379 au
811 4330 865 4380 dem
883 4327 957 4377 volte
974 4327 1089 4389 redetcn;
1115 4327 1161 4376 und
1180 4326 1260 4376 dieses
1279 4325 1312 4374 ist

10 4440 12 4449 =
55 4413 100 4463 aree
115 4416 153 4466 die
170 4416 286 4474 llrsscbe,
305 4429 394 4465 ararum
413 4415 449 4464 sie
468 4429 514 4463 nur
531 4428 560 4463 zu
578 4413 704 4476 Psedigten
722 4415 854 4478 pebreucbt
872 4412 976 4474 werden,
996 4413 1074 4462 indem
1094 4411 1232 4463 dieGebete
1249 4407 1312 4459 alle·

56 4497 131 4550 seiten
148 4501 227 4552 einero
245 4499 350 4550 anderen
370 4498 428 4549 orte
447 4498 597 4563 pesprocben
616 4497 740 4548 nerden.¹‘
