<?xml version="1.0" encoding="UTF-8"?>
<!DOCTYPE html PUBLIC "-//W3C//DTD XHTML 1.0 Transitional//EN"
    "http://www.w3.org/TR/xhtml1/DTD/xhtml1-transitional.dtd">
<html xmlns="http://www.w3.org/1999/xhtml" xml:lang="en" lang="en">
 <head>
  <title>
</title>
<meta http-equiv="Content-Type" content="text/html;charset=utf-8" />
  <meta name='ocr-system' content='tesseract 3.04.00' />
  <meta name='ocr-capabilities' content='ocr_page ocr_carea ocr_par ocr_line ocrx_word'/>
</head>
<body>
  <div class='ocr_page' id='page_1' title='image "./codexliturgicus05danigoog_0117.png"; bbox 0 0 3044 4912; ppageno 0'>
   <div class='ocr_carea' id='block_1_1' title="bbox 811 264 883 339">
    <p class='ocr_par' dir='ltr' id='par_1_1' title="bbox 811 264 883 339">
     <span class='ocr_line' id='line_1_1' title="bbox 811 264 883 339; baseline 0.028 -2"><span class='ocrx_word' id='word_1_1' title='bbox 811 264 883 339; x_wconf 84' lang='lat'><strong><em>106</em></strong></span> 
     </span>
    </p>
   </div>
   <div class='ocr_carea' id='block_1_2' title="bbox 201 436 1485 2482">
    <p class='ocr_par' dir='ltr' id='par_1_2' title="bbox 201 436 1485 2482">
     <span class='ocr_line' id='line_1_2' title="bbox 206 436 1477 574; baseline 0.001 -54"><span class='ocrx_word' id='word_1_2' title='bbox 206 447 314 542; x_wconf 77' lang='grc' dir='ltr'><strong><em>τικὴν</em></strong></span> <span class='ocrx_word' id='word_1_3' title='bbox 338 444 480 545; x_wconf 87' lang='grc' dir='ltr'><strong><em>ταύτην</em></strong></span> <span class='ocrx_word' id='word_1_4' title='bbox 504 448 567 522; x_wconf 81' lang='grc' dir='ltr'><strong><em>καῖ</em></strong></span> <span class='ocrx_word' id='word_1_5' title='bbox 592 447 826 539; x_wconf 86' lang='grc' dir='ltr'><strong><em>ἀναίμακτον</em></strong></span> <span class='ocrx_word' id='word_1_6' title='bbox 850 446 1008 535; x_wconf 87' lang='grc' dir='ltr'><strong><em>θυσίαν,</em></strong></span> <span class='ocrx_word' id='word_1_7' title='bbox 1041 446 1090 543; x_wconf 80' lang='grc' dir='ltr'><strong><em>ἣν</em></strong></span> <span class='ocrx_word' id='word_1_8' title='bbox 1114 436 1407 574; x_wconf 73' lang='grc' dir='ltr'><strong><em>προςδεξάμονος</em></strong></span> <span class='ocrx_word' id='word_1_9' title='bbox 1431 452 1477 532; x_wconf 87' lang='grc' dir='ltr'><strong><em>ελς</em></strong></span> 
     </span>
     <span class='ocr_line' id='line_1_3' title="bbox 206 545 1478 650; baseline 0.001 -28"><span class='ocrx_word' id='word_1_10' title='bbox 206 548 250 622; x_wconf 90' lang='grc' dir='ltr'><strong><em>τὸ</em></strong></span> <span class='ocrx_word' id='word_1_11' title='bbox 277 548 386 650; x_wconf 83' lang='grc' dir='ltr'><strong><em>ἅγιον</em></strong></span> <span class='ocrx_word' id='word_1_12' title='bbox 411 550 474 624; x_wconf 82' lang='grc' dir='ltr'><strong><em>καὶ</em></strong></span> <span class='ocrx_word' id='word_1_13' title='bbox 497 547 770 646; x_wconf 80' lang='grc' dir='ltr'><strong><em>ἀπερουράνιον</em></strong></span> <span class='ocrx_word' id='word_1_14' title='bbox 794 548 858 624; x_wconf 81' lang='grc' dir='ltr'><strong><em>καί</em></strong></span> <span class='ocrx_word' id='word_1_15' title='bbox 882 545 1013 644; x_wconf 88' lang='grc' dir='ltr'><strong><em>νοερόν</em></strong></span> <span class='ocrx_word' id='word_1_16' title='bbox 1031 572 1100 623; x_wconf 94' lang='grc' dir='ltr'><strong><em>σου</em></strong></span> <span class='ocrx_word' id='word_1_17' title='bbox 1117 546 1404 646; x_wconf 80' lang='grc' dir='ltr'><strong><em>θυσιαστήριον,</em></strong></span> <span class='ocrx_word' id='word_1_18' title='bbox 1431 554 1478 633; x_wconf 84' lang='grc' dir='ltr'><strong><em>ελς</em></strong></span> 
     </span>
     <span class='ocr_line' id='line_1_4' title="bbox 207 646 1478 778; baseline 0 -53"><span class='ocrx_word' id='word_1_19' title='bbox 207 651 329 746; x_wconf 80' lang='grc' dir='ltr'><strong><em>ὀσιιην</em></strong></span> <span class='ocrx_word' id='word_1_20' title='bbox 361 651 519 735; x_wconf 77' lang='grc' dir='ltr'><em>εὐωδίας</em></span> <span class='ocrx_word' id='word_1_21' title='bbox 550 660 812 748; x_wconf 77' lang='grc' dir='ltr'><strong><em>πνευματικῆς,</em></strong></span> <span class='ocrx_word' id='word_1_22' title='bbox 845 646 1177 778; x_wconf 75' lang='grc' dir='ltr'><strong><em>ἀντικατάπεμμον</em></strong></span> <span class='ocrx_word' id='word_1_23' title='bbox 1199 648 1294 746; x_wconf 82' lang='grc' dir='ltr'><strong><em>ἡμῖν</em></strong></span> <span class='ocrx_word' id='word_1_24' title='bbox 1317 649 1389 746; x_wconf 86' lang='grc' dir='ltr'><strong><em>τὴν</em></strong></span> <span class='ocrx_word' id='word_1_25' title='bbox 1410 648 1478 746; x_wconf 86' lang='grc' dir='ltr'><strong><em>χά-</em></strong></span> 
     </span>
     <span class='ocr_line' id='line_1_5' title="bbox 208 749 1478 882; baseline 0.003 -58"><span class='ocrx_word' id='word_1_26' title='bbox 208 779 269 880; x_wconf 88' lang='grc' dir='ltr'><strong><em>ριν</em></strong></span> <span class='ocrx_word' id='word_1_27' title='bbox 301 760 369 826; x_wconf 86' lang='grc' dir='ltr'><strong><em>τοῦ</em></strong></span> <span class='ocrx_word' id='word_1_28' title='bbox 401 752 587 882; x_wconf 92' lang='grc' dir='ltr'><strong><em>παναγίου</em></strong></span> <span class='ocrx_word' id='word_1_29' title='bbox 621 776 690 829; x_wconf 90' lang='grc' dir='ltr'><strong><em>σου</em></strong></span> <span class='ocrx_word' id='word_1_30' title='bbox 723 751 963 848; x_wconf 86' lang='grc' dir='ltr'><strong><em>Πνεύματος</em></strong></span> <span class='ocrx_word' id='word_1_31' title='bbox 998 751 1063 829; x_wconf 86' lang='grc' dir='ltr'><strong><em>ναὶ</em></strong></span> <span class='ocrx_word' id='word_1_32' title='bbox 1095 752 1114 827; x_wconf 93' lang='lat'><strong><em>6</em></strong></span> <span class='ocrx_word' id='word_1_33' title='bbox 1151 751 1239 880; x_wconf 71' lang='lat'>6169</span> <span class='ocrx_word' id='word_1_34' title='bbox 1264 749 1478 881; x_wconf 78' lang='grc' dir='ltr'><strong><em>ἐπίβληψον</em></strong></span> 
     </span>
     <span class='ocr_line' id='line_1_6' title="bbox 207 851 1477 984; baseline 0.002 -58"><span class='ocrx_word' id='word_1_35' title='bbox 207 853 267 950; x_wconf 79' lang='lat'>616³</span> <span class='ocrx_word' id='word_1_36' title='bbox 297 852 406 949; x_wconf 82' lang='grc' dir='ltr'><strong><em>ἡμᾶς,</em></strong></span> <span class='ocrx_word' id='word_1_37' title='bbox 432 884 496 930; x_wconf 91' lang='grc' dir='ltr'><strong><em>και</em></strong></span> <span class='ocrx_word' id='word_1_38' title='bbox 484 855 660 931; x_wconf 64' lang='grc' dir='ltr'><strong><em>ἀπιόντ’</em></strong></span> <span class='ocrx_word' id='word_1_39' title='bbox 647 854 707 930; x_wconf 82' lang='grc' dir='ltr'><strong><em>επὶ</em></strong></span> <span class='ocrx_word' id='word_1_40' title='bbox 730 883 800 952; x_wconf 88' lang='grc' dir='ltr'><strong><em>την</em></strong></span> <span class='ocrx_word' id='word_1_41' title='bbox 824 863 844 928; x_wconf 95' lang='grc' dir='ltr'><strong><em>λ</em></strong></span> <span class='ocrx_word' id='word_1_42' title='bbox 891 883 974 952; x_wconf 88' lang='grc' dir='ltr'><strong><em>ικην</em></strong></span> <span class='ocrx_word' id='word_1_43' title='bbox 999 853 1217 951; x_wconf 74' lang='grc' dir='ltr'><strong><em>λατρείαν”</em></strong></span> <span class='ocrx_word' id='word_1_44' title='bbox 1196 862 1309 952; x_wconf 84' lang='grc' dir='ltr'><strong><em>ημοῖν</em></strong></span> <span class='ocrx_word' id='word_1_45' title='bbox 1325 851 1477 984; x_wconf 76' lang='grc' dir='ltr'><strong><em>ταιίτηη,</em></strong></span> 
     </span>
     <span class='ocr_line' id='line_1_7' title="bbox 206 854 1479 1087; baseline 0.002 -58"><span class='ocrx_word' id='word_1_46' title='bbox 206 982 270 1029; x_wconf 91' lang='grc' dir='ltr'><strong><em>και</em></strong></span> <span class='ocrx_word' id='word_1_47' title='bbox 258 953 488 1051; x_wconf 83' lang='grc' dir='ltr'><strong><em>πρόςδεξαι</em></strong></span> <span class='ocrx_word' id='word_1_48' title='bbox 514 958 643 1055; x_wconf 71' lang='grc' dir='ltr'><strong><em>αὐτὴν,</em></strong></span> <span class='ocrx_word' id='word_1_49' title='bbox 670 956 721 1041; x_wconf 79' lang='grc' dir='ltr'><strong><em>ὥς</em></strong></span> <span class='ocrx_word' id='word_1_50' title='bbox 687 854 981 1087; x_wconf 47' lang='lat'>6666&amp;</span> <span class='ocrx_word' id='word_1_51' title='bbox 963 957 1089 1084; x_wconf 79' lang='grc' dir='ltr'><strong><em>Ἀβελ</em></strong></span> <span class='ocrx_word' id='word_1_52' title='bbox 1098 985 1145 1029; x_wconf 91' lang='grc' dir='ltr'><strong><em>τα</em></strong></span> <span class='ocrx_word' id='word_1_53' title='bbox 1130 955 1286 1052; x_wconf 84' lang='grc' dir='ltr'><strong><em>δῶρα,</em></strong></span> <span class='ocrx_word' id='word_1_54' title='bbox 1313 956 1457 1031; x_wconf 82' lang='grc' dir='ltr'><strong><em>Νῶε</em></strong></span> <span class='ocrx_word' id='word_1_55' title='bbox 1416 986 1479 1041; x_wconf 87' lang='grc' dir='ltr'><strong><em>τας</em></strong></span> 
     </span>
     <span class='ocr_line' id='line_1_8' title="bbox 204 1052 1479 1187; baseline 0.002 -57"><span class='ocrx_word' id='word_1_56' title='bbox 204 1055 357 1146; x_wconf 90' lang='grc' dir='ltr'><strong><em>θυσίας,</em></strong></span> <span class='ocrx_word' id='word_1_57' title='bbox 392 1059 564 1143; x_wconf 81' lang='grc' dir='ltr'><em>Μωσέως</em></span> <span class='ocrx_word' id='word_1_58' title='bbox 594 1058 658 1134; x_wconf 81' lang='grc' dir='ltr'><strong><em>καὶ</em></strong></span> <span class='ocrx_word' id='word_1_59' title='bbox 675 1058 824 1187; x_wconf 79' lang='grc' dir='ltr'><strong><em>Ἀαρών</em></strong></span> <span class='ocrx_word' id='word_1_60' title='bbox 855 1058 923 1142; x_wconf 82' lang='grc' dir='ltr'><strong><em>τὰς</em></strong></span> <span class='ocrx_word' id='word_1_61' title='bbox 953 1052 1170 1156; x_wconf 81' lang='grc' dir='ltr'><strong><em>ἱερωσύνας,</em></strong></span> <span class='ocrx_word' id='word_1_62' title='bbox 1204 1057 1390 1154; x_wconf 91' lang='grc' dir='ltr'><strong><em>Σαμουηλ</em></strong></span> <span class='ocrx_word' id='word_1_63' title='bbox 1415 1057 1479 1143; x_wconf 84' lang='grc' dir='ltr'><strong><em>τὰς</em></strong></span> 
     </span>
     <span class='ocr_line' id='line_1_9' title="bbox 205 1156 1480 1258; baseline 0.003 -28"><span class='ocrx_word' id='word_1_64' title='bbox 205 1158 402 1254; x_wconf 80' lang='grc' dir='ltr'><strong><em>ελρηνικάς,</em></strong></span> <span class='ocrx_word' id='word_1_65' title='bbox 430 1160 620 1258; x_wconf 81' lang='grc' dir='ltr'><strong><em>Δαβῖά</em></strong></span> <span class='ocrx_word' id='word_1_66' title='bbox 581 1190 651 1256; x_wconf 91' lang='grc' dir='ltr'><strong><em>την</em></strong></span> <span class='ocrx_word' id='word_1_67' title='bbox 675 1156 890 1256; x_wconf 86' lang='grc' dir='ltr'><strong><em>μετάνοιαν,</em></strong></span> <span class='ocrx_word' id='word_1_68' title='bbox 917 1159 1111 1255; x_wconf 81' lang='grc' dir='ltr'><strong><em>Ζαχαρίου</em></strong></span> <span class='ocrx_word' id='word_1_69' title='bbox 1136 1160 1179 1234; x_wconf 86' lang='grc' dir='ltr'><strong><em>τὸ</em></strong></span> <span class='ocrx_word' id='word_1_70' title='bbox 1204 1158 1460 1254; x_wconf 72' lang='lat' dir='ltr'>666666a·‘</span> <span class='ocrx_word' id='word_1_71' title='bbox 1431 1189 1480 1246; x_wconf 88' lang='grc' dir='ltr'><strong><em>ως</em></strong></span> 
     </span>
     <span class='ocr_line' id='line_1_10' title="bbox 205 1259 1480 1389; baseline 0.002 -55"><span class='ocrx_word' id='word_1_72' title='bbox 205 1260 449 1355; x_wconf 77' lang='grc' dir='ltr'><strong><em>προςεόὲξωί</em></strong></span> <span class='ocrx_word' id='word_1_73' title='bbox 449 1291 473 1337; x_wconf 89' lang='grc' dir='ltr'><strong><em>κ</em></strong></span> <span class='ocrx_word' id='word_1_74' title='bbox 495 1262 617 1389; x_wconf 83' lang='grc' dir='ltr'><strong><em>χειρὸς</em></strong></span> <span class='ocrx_word' id='word_1_75' title='bbox 641 1271 720 1337; x_wconf 85' lang='grc' dir='ltr'><strong><em>τῶν</em></strong></span> <span class='ocrx_word' id='word_1_76' title='bbox 746 1259 964 1337; x_wconf 80' lang='grc' dir='ltr'><strong><em>ἀποστόλων</em></strong></span> <span class='ocrx_word' id='word_1_77' title='bbox 989 1285 1059 1336; x_wconf 90' lang='grc' dir='ltr'><strong><em>σου</em></strong></span> <span class='ocrx_word' id='word_1_78' title='bbox 1082 1261 1152 1358; x_wconf 83' lang='grc' dir='ltr'><strong><em>τὴν</em></strong></span> <span class='ocrx_word' id='word_1_79' title='bbox 1178 1261 1366 1358; x_wconf 81' lang='grc' dir='ltr'><strong><em>ἀληθινὴν</em></strong></span> <span class='ocrx_word' id='word_1_80' title='bbox 1390 1259 1480 1336; x_wconf 84' lang='grc' dir='ltr'><strong><em>ταύ-</em></strong></span> 
     </span>
     <span class='ocr_line' id='line_1_11' title="bbox 204 1360 1480 1463; baseline 0.002 -28"><span class='ocrx_word' id='word_1_81' title='bbox 204 1389 274 1457; x_wconf 91' lang='grc' dir='ltr'><strong><em>την</em></strong></span> <span class='ocrx_word' id='word_1_82' title='bbox 300 1361 486 1459; x_wconf 80' lang='grc' dir='ltr'><strong><em>λατρείαν,</em></strong></span> <span class='ocrx_word' id='word_1_83' title='bbox 513 1363 611 1439; x_wconf 81' lang='grc' dir='ltr'><strong><em>οὕτω</em></strong></span> <span class='ocrx_word' id='word_1_84' title='bbox 638 1361 831 1463; x_wconf 80' lang='grc' dir='ltr'><strong><em>πρόςόεξαι</em></strong></span> <span class='ocrx_word' id='word_1_85' title='bbox 848 1362 912 1438; x_wconf 81' lang='grc' dir='ltr'><strong><em>καὶ</em></strong></span> <span class='ocrx_word' id='word_1_86' title='bbox 928 1367 969 1438; x_wconf 79' lang='grc' dir='ltr'><strong><em>ἐκ</em></strong></span> <span class='ocrx_word' id='word_1_87' title='bbox 981 1371 1119 1461; x_wconf 83' lang='grc' dir='ltr'><strong><em>χειρῶν</em></strong></span> <span class='ocrx_word' id='word_1_88' title='bbox 1134 1362 1244 1460; x_wconf 80' lang='grc' dir='ltr'><strong><em>ἡμῶν</em></strong></span> <span class='ocrx_word' id='word_1_89' title='bbox 1261 1369 1341 1439; x_wconf 89' lang='grc' dir='ltr'><strong><em>τῶν</em></strong></span> <span class='ocrx_word' id='word_1_90' title='bbox 1359 1360 1480 1463; x_wconf 85' lang='grc' dir='ltr'><strong><em>ἀμαρ-</em></strong></span> 
     </span>
     <span class='ocr_line' id='line_1_12' title="bbox 205 1462 1478 1564; baseline 0.003 -28"><span class='ocrx_word' id='word_1_91' title='bbox 205 1471 337 1537; x_wconf 85' lang='grc' dir='ltr'><strong><em>τωλοῖν</em></strong></span> <span class='ocrx_word' id='word_1_92' title='bbox 369 1463 417 1537; x_wconf 88' lang='grc' dir='ltr'><strong><em>τά</em></strong></span> <span class='ocrx_word' id='word_1_93' title='bbox 450 1464 670 1562; x_wconf 80' lang='grc' dir='ltr'><strong><em>προκείμενα</em></strong></span> <span class='ocrx_word' id='word_1_94' title='bbox 703 1464 809 1564; x_wconf 78' lang='grc' dir='ltr'><strong><em>δῶρα</em></strong></span> <span class='ocrx_word' id='word_1_95' title='bbox 842 1472 962 1540; x_wconf 85' lang='grc' dir='ltr'><strong><em>ταῦτα</em></strong></span> <span class='ocrx_word' id='word_1_96' title='bbox 995 1468 1036 1539; x_wconf 78' lang='grc' dir='ltr'><strong><em>ἐν</em></strong></span> <span class='ocrx_word' id='word_1_97' title='bbox 1066 1473 1111 1560; x_wconf 76' lang='grc' dir='ltr'><strong><em>τῇ</em></strong></span> <span class='ocrx_word' id='word_1_98' title='bbox 1144 1462 1367 1563; x_wconf 82' lang='grc' dir='ltr'><strong><em>χρηστότητί</em></strong></span> <span class='ocrx_word' id='word_1_99' title='bbox 1393 1488 1478 1540; x_wconf 89' lang='grc' dir='ltr'><strong><em>σου·</em></strong></span> 
     </span>
     <span class='ocr_line' id='line_1_13' title="bbox 205 1563 1480 1695; baseline 0.002 -58"><span class='ocrx_word' id='word_1_100' title='bbox 205 1564 269 1637; x_wconf 82' lang='grc' dir='ltr'><strong><em>καὶ</em></strong></span> <span class='ocrx_word' id='word_1_101' title='bbox 302 1563 369 1648; x_wconf 80' lang='grc' dir='ltr'><strong><em>όὸς</em></strong></span> <span class='ocrx_word' id='word_1_102' title='bbox 391 1565 633 1695; x_wconf 78' lang='grc' dir='ltr'><strong><em>γενέσθαι</em></strong></span> <span class='ocrx_word' id='word_1_103' title='bbox 594 1596 664 1664; x_wconf 92' lang='grc' dir='ltr'><strong><em>την</em></strong></span> <span class='ocrx_word' id='word_1_104' title='bbox 688 1566 905 1689; x_wconf 84' lang='grc' dir='ltr'><strong><em>προςφοράν</em></strong></span> <span class='ocrx_word' id='word_1_105' title='bbox 929 1566 1038 1664; x_wconf 80' lang='grc' dir='ltr'><strong><em>ἡμῶν</em></strong></span> <span class='ocrx_word' id='word_1_106' title='bbox 1063 1565 1399 1664; x_wconf 76' lang='grc' dir='ltr'><strong><em>εάπρόςάεκτον,τ</em></strong></span> <span class='ocrx_word' id='word_1_107' title='bbox 1374 1595 1480 1669; x_wconf 88' lang='grc' dir='ltr'><strong><em>ηγια-</em></strong></span> 
     </span>
     <span class='ocr_line' id='line_1_14' title="bbox 207 1660 1480 1798; baseline 0.004 -60"><span class='ocrx_word' id='word_1_108' title='bbox 207 1664 347 1761; x_wconf 77' lang='grc' dir='ltr'><strong><em>σμένην</em></strong></span> <span class='ocrx_word' id='word_1_109' title='bbox 362 1669 403 1742; x_wconf 77' lang='grc' dir='ltr'><strong><em>ἐν</em></strong></span> <span class='ocrx_word' id='word_1_110' title='bbox 418 1664 656 1760; x_wconf 86' lang='grc' dir='ltr'><strong><em>Πνεόματι</em></strong></span> <span class='ocrx_word' id='word_1_111' title='bbox 633 1669 741 1796; x_wconf 79' lang='grc' dir='ltr'><strong><em>αγίιρ,</em></strong></span> <span class='ocrx_word' id='word_1_112' title='bbox 756 1660 817 1754; x_wconf 82' lang='grc' dir='ltr'><strong><em>είς</em></strong></span> <span class='ocrx_word' id='word_1_113' title='bbox 842 1668 1020 1765; x_wconf 75' lang='grc' dir='ltr'><strong><em>ἐξίλασμα</em></strong></span> <span class='ocrx_word' id='word_1_114' title='bbox 1044 1675 1123 1743; x_wconf 84' lang='grc' dir='ltr'><strong><em>τοῖν</em></strong></span> <span class='ocrx_word' id='word_1_115' title='bbox 1147 1668 1337 1798; x_wconf 66' lang='grc' dir='ltr'><strong><em>ἡιιετέρωη</em></strong></span> <span class='ocrx_word' id='word_1_116' title='bbox 1362 1677 1480 1766; x_wconf 89' lang='grc' dir='ltr'><strong><em>πλημ-</em></strong></span> 
     </span>
     <span class='ocr_line' id='line_1_15' title="bbox 206 1764 1482 1898; baseline 0.005 -58"><span class='ocrx_word' id='word_1_117' title='bbox 206 1764 440 1893; x_wconf 73' lang='grc' dir='ltr'><strong><em>μελημοίτων,</em></strong></span> <span class='ocrx_word' id='word_1_118' title='bbox 467 1769 529 1844; x_wconf 82' lang='grc' dir='ltr'><strong><em>καὶ</em></strong></span> <span class='ocrx_word' id='word_1_119' title='bbox 555 1779 632 1846; x_wconf 85' lang='grc' dir='ltr'><strong><em>τῶν</em></strong></span> <span class='ocrx_word' id='word_1_120' title='bbox 656 1779 725 1846; x_wconf 86' lang='grc' dir='ltr'><strong><em>τοῦ</em></strong></span> <span class='ocrx_word' id='word_1_121' title='bbox 750 1772 889 1846; x_wconf 85' lang='grc' dir='ltr'><strong><em>λαοῦ</em></strong></span> <span class='ocrx_word' id='word_1_122' title='bbox 869 1767 1136 1898; x_wconf 88' lang='grc' dir='ltr'><strong><em>αγνοημάτων,</em></strong></span> <span class='ocrx_word' id='word_1_123' title='bbox 1158 1798 1221 1844; x_wconf 89' lang='grc' dir='ltr'><strong><em>και</em></strong></span> <span class='ocrx_word' id='word_1_124' title='bbox 1209 1769 1328 1854; x_wconf 75' lang='grc' dir='ltr'><strong><em>εἶς’</em></strong></span> <span class='ocrx_word' id='word_1_125' title='bbox 1308 1768 1482 1846; x_wconf 89' lang='grc' dir='ltr'><strong><em>ανάπαυ-</em></strong></span> 
     </span>
     <span class='ocr_line' id='line_1_16' title="bbox 207 1860 1482 2000; baseline 0.004 -58"><span class='ocrx_word' id='word_1_126' title='bbox 207 1893 267 1943; x_wconf 92' lang='grc' dir='ltr'><strong><em>σιν</em></strong></span> <span class='ocrx_word' id='word_1_127' title='bbox 299 1876 379 1945; x_wconf 83' lang='grc' dir='ltr'><strong><em>τῶν</em></strong></span> <span class='ocrx_word' id='word_1_128' title='bbox 409 1873 704 2000; x_wconf 82' lang='grc' dir='ltr'><strong><em>προκεκοιμένων</em></strong></span> <span class='ocrx_word' id='word_1_129' title='bbox 736 1881 889 1972; x_wconf 84' lang='grc' dir='ltr'><strong><em>ψυχῶν·</em></strong></span> <span class='ocrx_word' id='word_1_130' title='bbox 925 1876 990 1949; x_wconf 84' lang='grc' dir='ltr'><strong><em>ἵνα</em></strong></span> <span class='ocrx_word' id='word_1_131' title='bbox 1021 1872 1085 1948; x_wconf 79' lang='grc' dir='ltr'><strong><em>καὶ</em></strong></span> <span class='ocrx_word' id='word_1_132' title='bbox 1116 1871 1220 1968; x_wconf 81' lang='grc' dir='ltr'><strong><em>ἡμεῖς</em></strong></span> <span class='ocrx_word' id='word_1_133' title='bbox 1252 1873 1288 1945; x_wconf 88' lang='grc' dir='ltr'><strong><em>οῖ</em></strong></span> <span class='ocrx_word' id='word_1_134' title='bbox 1312 1860 1482 1947; x_wconf 83' lang='grc' dir='ltr'><strong><em>ταπεινοὶ</em></strong></span> 
     </span>
     <span class='ocr_line' id='line_1_17' title="bbox 203 1969 1482 2101; baseline 0.002 -55"><span class='ocrx_word' id='word_1_135' title='bbox 203 1970 267 2046; x_wconf 82' lang='grc' dir='ltr'><strong><em>καὶ</em></strong></span> <span class='ocrx_word' id='word_1_136' title='bbox 294 1969 507 2071; x_wconf 79' lang='grc' dir='ltr'><strong><em>ἁμαρτωλοὶ</em></strong></span> <span class='ocrx_word' id='word_1_137' title='bbox 538 1973 601 2050; x_wconf 88' lang='grc' dir='ltr'><strong><em>καῖ</em></strong></span> <span class='ocrx_word' id='word_1_138' title='bbox 626 1973 784 2060; x_wconf 87' lang='grc' dir='ltr'><strong><em>ἀνάξιοι</em></strong></span> <span class='ocrx_word' id='word_1_139' title='bbox 797 1973 926 2050; x_wconf 80' lang='grc' dir='ltr'><strong><em>δοῦλοί</em></strong></span> <span class='ocrx_word' id='word_1_140' title='bbox 952 1999 1034 2063; x_wconf 90' lang='grc' dir='ltr'><strong><em>σου,</em></strong></span> <span class='ocrx_word' id='word_1_141' title='bbox 1069 1974 1365 2058; x_wconf 77' lang='grc' dir='ltr'><strong><em>καταξιωθέντες</em></strong></span> <span class='ocrx_word' id='word_1_142' title='bbox 1389 1971 1482 2101; x_wconf 80' lang='lat'>666-</span> 
     </span>
     <span class='ocr_line' id='line_1_18' title="bbox 205 2071 1482 2206; baseline 0.003 -60"><span class='ocrx_word' id='word_1_143' title='bbox 205 2080 276 2157; x_wconf 87' lang='grc' dir='ltr'><strong><em>λως</em></strong></span> <span class='ocrx_word' id='word_1_144' title='bbox 310 2081 533 2201; x_wconf 69' lang='grc' dir='ltr'><strong><em>λειτουργεῖν</em></strong></span> <span class='ocrx_word' id='word_1_145' title='bbox 565 2083 618 2173; x_wconf 84' lang='grc' dir='ltr'><strong><em>τρῖ</em></strong></span> <span class='ocrx_word' id='word_1_146' title='bbox 653 2074 748 2204; x_wconf 86' lang='grc' dir='ltr'><strong><em>ἀγίῳ</em></strong></span> <span class='ocrx_word' id='word_1_147' title='bbox 782 2101 851 2153; x_wconf 94' lang='grc' dir='ltr'><strong><em>σου</em></strong></span> <span class='ocrx_word' id='word_1_148' title='bbox 885 2072 1165 2206; x_wconf 84' lang='grc' dir='ltr'><strong><em>θυσιαστηρίῳ,</em></strong></span> <span class='ocrx_word' id='word_1_149' title='bbox 1202 2071 1382 2173; x_wconf 83' lang='grc' dir='ltr'><strong><em>λάβωμεν</em></strong></span> <span class='ocrx_word' id='word_1_150' title='bbox 1416 2074 1482 2150; x_wconf 82' lang='grc' dir='ltr'><strong><em>τὸν</em></strong></span> 
     </span>
     <span class='ocr_line' id='line_1_19' title="bbox 203 2174 1484 2306; baseline 0.004 -58"><span class='ocrx_word' id='word_1_151' title='bbox 203 2174 350 2270; x_wconf 82' lang='grc' dir='ltr'><strong><em>μισθὸν</em></strong></span> <span class='ocrx_word' id='word_1_152' title='bbox 380 2184 459 2252; x_wconf 80' lang='grc' dir='ltr'><strong><em>τῶν</em></strong></span> <span class='ocrx_word' id='word_1_153' title='bbox 483 2184 627 2253; x_wconf 85' lang='grc' dir='ltr'><strong><em>πιστῶν</em></strong></span> <span class='ocrx_word' id='word_1_154' title='bbox 652 2178 715 2253; x_wconf 81' lang='grc' dir='ltr'><strong><em>καὶ</em></strong></span> <span class='ocrx_word' id='word_1_155' title='bbox 725 2175 940 2306; x_wconf 82' lang='grc' dir='ltr'><strong><em>φρονίμων</em></strong></span> <span class='ocrx_word' id='word_1_156' title='bbox 967 2175 1187 2303; x_wconf 78' lang='grc' dir='ltr'><strong><em>ολκονόιιων,</em></strong></span> <span class='ocrx_word' id='word_1_157' title='bbox 1223 2175 1286 2252; x_wconf 83' lang='grc' dir='ltr'><strong><em>καῖ</em></strong></span> <span class='ocrx_word' id='word_1_158' title='bbox 1312 2175 1484 2274; x_wconf 78' lang='grc' dir='ltr'><strong><em>εὕρωμεν</em></strong></span> 
     </span>
     <span class='ocr_line' id='line_1_20' title="bbox 201 2274 1485 2379; baseline 0.004 -29"><span class='ocrx_word' id='word_1_159' title='bbox 201 2274 316 2374; x_wconf 91' lang='grc' dir='ltr'><strong><em>χάριν</em></strong></span> <span class='ocrx_word' id='word_1_160' title='bbox 349 2277 413 2353; x_wconf 86' lang='grc' dir='ltr'><strong><em>καὶ</em></strong></span> <span class='ocrx_word' id='word_1_161' title='bbox 445 2280 540 2364; x_wconf 76' lang='grc' dir='ltr'><strong><em>ἕλεος</em></strong></span> <span class='ocrx_word' id='word_1_162' title='bbox 572 2283 613 2354; x_wconf 79' lang='grc' dir='ltr'><strong><em>ἐν</em></strong></span> <span class='ocrx_word' id='word_1_163' title='bbox 644 2288 689 2377; x_wconf 80' lang='grc' dir='ltr'><strong><em>τῇ</em></strong></span> <span class='ocrx_word' id='word_1_164' title='bbox 715 2279 834 2379; x_wconf 75' lang='grc' dir='ltr'><strong><em>ἡαίρηι</em></strong></span> <span class='ocrx_word' id='word_1_165' title='bbox 860 2289 904 2378; x_wconf 83' lang='grc' dir='ltr'><strong><em>τῇ</em></strong></span> <span class='ocrx_word' id='word_1_166' title='bbox 933 2282 1078 2379; x_wconf 77' lang='grc' dir='ltr'><strong><em>φοβερᾷ</em></strong></span> <span class='ocrx_word' id='word_1_167' title='bbox 1104 2286 1169 2375; x_wconf 85' lang='grc' dir='ltr'><strong><em>τῆς</em></strong></span> <span class='ocrx_word' id='word_1_168' title='bbox 1195 2275 1485 2365; x_wconf 80' lang='grc' dir='ltr'><strong><em>ἀνταποδόσευίς</em></strong></span> 
     </span>
     <span class='ocr_line' id='line_1_21' title="bbox 206 2378 808 2482; baseline 0.003 -29"><span class='ocrx_word' id='word_1_169' title='bbox 206 2404 274 2454; x_wconf 92' lang='grc' dir='ltr'><strong><em>σου</em></strong></span> <span class='ocrx_word' id='word_1_170' title='bbox 299 2386 364 2475; x_wconf 81' lang='grc' dir='ltr'><strong><em>τῆς</em></strong></span> <span class='ocrx_word' id='word_1_171' title='bbox 389 2378 535 2465; x_wconf 73' lang='grc' dir='ltr'><strong><em>δικαίας</em></strong></span> <span class='ocrx_word' id='word_1_172' title='bbox 558 2381 623 2455; x_wconf 81' lang='grc' dir='ltr'><strong><em>καὶ</em></strong></span> <span class='ocrx_word' id='word_1_173' title='bbox 649 2382 808 2482; x_wconf 80' lang='grc' dir='ltr'><strong><em>ἀγαθῆς.</em></strong></span> 
     </span>
    </p>
   </div>
   <div class='ocr_carea' id='block_1_3' title="bbox 588 2527 1088 2620">
    <p class='ocr_par' dir='ltr' id='par_1_3' title="bbox 588 2527 1088 2620">
     <span class='ocr_line' id='line_1_22' title="bbox 588 2527 1088 2620; baseline 0.002 -23"><span class='ocrx_word' id='word_1_174' title='bbox 588 2527 675 2620; x_wconf 75' lang='grc' dir='ltr'><strong><em>Εάχη</em></strong></span> <span class='ocrx_word' id='word_1_175' title='bbox 698 2538 758 2598; x_wconf 85' lang='grc' dir='ltr'><strong><em>τοῦ</em></strong></span> <span class='ocrx_word' id='word_1_176' title='bbox 778 2527 1088 2616; x_wconf 80' lang='grc' dir='ltr'><strong><em>καταπετάσματος.</em></strong></span> 
     </span>
    </p>
   </div>
   <div class='ocr_carea' id='block_1_4' title="bbox 202 2647 1484 3463">
    <p class='ocr_par' dir='ltr' id='par_1_4' title="bbox 203 2647 1484 3463">
     <span class='ocr_line' id='line_1_23' title="bbox 283 2647 1484 2777; baseline 0 -55"><span class='ocrx_word' id='word_1_177' title='bbox 283 2650 421 2774; x_wconf 58' lang='lat' dir='ltr'><em>XJWIL</em></span> <span class='ocrx_word' id='word_1_178' title='bbox 449 2649 755 2746; x_wconf 82' lang='grc' dir='ltr'><strong><em>Εὐχαριστοῦμίν</em></strong></span> <span class='ocrx_word' id='word_1_179' title='bbox 781 2676 852 2739; x_wconf 91' lang='grc' dir='ltr'><strong><em>σοι,</em></strong></span> <span class='ocrx_word' id='word_1_180' title='bbox 879 2648 992 2748; x_wconf 80' lang='grc' dir='ltr'><strong><em>Κύριε</em></strong></span> <span class='ocrx_word' id='word_1_181' title='bbox 1019 2647 1184 2733; x_wconf 43' lang='grc' dir='ltr'><strong><em>ὁθεὸςῖ</em></strong></span> <span class='ocrx_word' id='word_1_182' title='bbox 1162 2656 1285 2746; x_wconf 86' lang='grc' dir='ltr'><strong><em>ημοῖν,</em></strong></span> <span class='ocrx_word' id='word_1_183' title='bbox 1311 2647 1484 2778; x_wconf 67' lang='lat'>6116661-</span> 
     </span>
     <span class='ocr_line' id='line_1_24' title="bbox 203 2749 1481 2880; baseline 0.001 -56"><span class='ocrx_word' id='word_1_184' title='bbox 203 2777 272 2832; x_wconf 90' lang='grc' dir='ltr'><strong><em>κας</em></strong></span> <span class='ocrx_word' id='word_1_185' title='bbox 295 2749 386 2845; x_wconf 80' lang='grc' dir='ltr'><strong><em>ἡμῖν</em></strong></span> <span class='ocrx_word' id='word_1_186' title='bbox 411 2750 616 2847; x_wconf 73' lang='grc' dir='ltr'><strong><em>παρρησίαν</em></strong></span> <span class='ocrx_word' id='word_1_187' title='bbox 642 2756 692 2835; x_wconf 81' lang='grc' dir='ltr'><strong><em>είς</em></strong></span> <span class='ocrx_word' id='word_1_188' title='bbox 717 2752 785 2850; x_wconf 82' lang='grc' dir='ltr'><strong><em>τὴν</em></strong></span> <span class='ocrx_word' id='word_1_189' title='bbox 808 2751 951 2836; x_wconf 74' lang='grc' dir='ltr'><strong><em>εῖςοιλον</em></strong></span> <span class='ocrx_word' id='word_1_190' title='bbox 975 2759 1054 2827; x_wconf 86' lang='grc' dir='ltr'><strong><em>τῶν</em></strong></span> <span class='ocrx_word' id='word_1_191' title='bbox 1076 2750 1196 2880; x_wconf 87' lang='grc' dir='ltr'><strong><em>ἀγίων</em></strong></span> <span class='ocrx_word' id='word_1_192' title='bbox 1222 2776 1304 2838; x_wconf 91' lang='grc' dir='ltr'><strong><em>σου,</em></strong></span> <span class='ocrx_word' id='word_1_193' title='bbox 1329 2749 1379 2847; x_wconf 78' lang='grc' dir='ltr'><strong><em>ἣν</em></strong></span> <span class='ocrx_word' id='word_1_194' title='bbox 1396 2751 1481 2827; x_wconf 88' lang='grc' dir='ltr'><strong><em>ἀνε-</em></strong></span> 
     </span>
     <span class='ocr_line' id='line_1_25' title="bbox 204 2851 1481 2951; baseline 0 -25"><span class='ocrx_word' id='word_1_195' title='bbox 204 2851 443 2946; x_wconf 73' lang='grc' dir='ltr'><strong><em>καίνιοαςγ</em></strong></span> <span class='ocrx_word' id='word_1_196' title='bbox 405 2851 496 2948; x_wconf 80' lang='grc' dir='ltr'><strong><em>ἡμῖν</em></strong></span> <span class='ocrx_word' id='word_1_197' title='bbox 530 2851 621 2928; x_wconf 83' lang='grc' dir='ltr'><strong><em>ὁόὸν</em></strong></span> <span class='ocrx_word' id='word_1_198' title='bbox 654 2852 868 2951; x_wconf 88' lang='grc' dir='ltr'><strong><em>πρόςφατον</em></strong></span> <span class='ocrx_word' id='word_1_199' title='bbox 893 2884 956 2930; x_wconf 91' lang='grc' dir='ltr'><strong><em>και</em></strong></span> <span class='ocrx_word' id='word_1_200' title='bbox 945 2853 1109 2945; x_wconf 85' lang='grc' dir='ltr'><strong><em>ζῶσαν</em></strong></span> <span class='ocrx_word' id='word_1_201' title='bbox 1136 2853 1199 2928; x_wconf 87' lang='lat'><strong><em>616</em></strong></span> <span class='ocrx_word' id='word_1_202' title='bbox 1226 2861 1294 2926; x_wconf 85' lang='grc' dir='ltr'><strong><em>τοῦ</em></strong></span> <span class='ocrx_word' id='word_1_203' title='bbox 1319 2881 1481 2927; x_wconf 87' lang='grc' dir='ltr'><strong><em>καταπε-</em></strong></span> 
     </span>
     <span class='ocr_line' id='line_1_26' title="bbox 204 2949 1480 3085; baseline 0.002 -59"><span class='ocrx_word' id='word_1_204' title='bbox 204 2950 393 3046; x_wconf 89' lang='grc' dir='ltr'><strong><em>τάσματος</em></strong></span> <span class='ocrx_word' id='word_1_205' title='bbox 423 2962 487 3050; x_wconf 78' lang='grc' dir='ltr'><strong><em>τῆς</em></strong></span> <span class='ocrx_word' id='word_1_206' title='bbox 513 2954 657 3081; x_wconf 86' lang='grc' dir='ltr'><strong><em>σαρκὸς</em></strong></span> <span class='ocrx_word' id='word_1_207' title='bbox 681 2965 749 3085; x_wconf 81' lang='lat'><strong><em>106</em></strong></span> <span class='ocrx_word' id='word_1_208' title='bbox 774 2962 944 3054; x_wconf 83' lang='grc' dir='ltr'><strong><em>Χριστοῦ</em></strong></span> <span class='ocrx_word' id='word_1_209' title='bbox 971 2983 1056 3031; x_wconf 90' lang='grc' dir='ltr'><strong><em>σου·</em></strong></span> <span class='ocrx_word' id='word_1_210' title='bbox 1091 2955 1385 3039; x_wconf 77' lang='grc' dir='ltr'><strong><em>καταξιωθέντες</em></strong></span> <span class='ocrx_word' id='word_1_211' title='bbox 1412 2949 1480 3030; x_wconf 86' lang='grc' dir='ltr'><strong><em>οὖν</em></strong></span> 
     </span>
     <span class='ocr_line' id='line_1_27' title="bbox 202 3053 1478 3158; baseline 0 -30"><span class='ocrx_word' id='word_1_212' title='bbox 202 3059 434 3138; x_wconf 79' lang='grc' dir='ltr'><strong><em>εῖςελθεῖν’</em></strong></span> <span class='ocrx_word' id='word_1_213' title='bbox 405 3086 454 3139; x_wconf 87' lang='grc' dir='ltr'><strong><em>εις</em></strong></span> <span class='ocrx_word' id='word_1_214' title='bbox 479 3053 595 3133; x_wconf 89' lang='grc' dir='ltr'><strong><em>τόπον</em></strong></span> <span class='ocrx_word' id='word_1_215' title='bbox 622 3056 863 3154; x_wconf 84' lang='grc' dir='ltr'><strong><em>σκηναίιιατος</em></strong></span> <span class='ocrx_word' id='word_1_216' title='bbox 889 3056 998 3155; x_wconf 73' lang='grc' dir='ltr'><strong><em>δόξης</em></strong></span> <span class='ocrx_word' id='word_1_217' title='bbox 1023 3084 1105 3144; x_wconf 91' lang='grc' dir='ltr'><strong><em>σου,</em></strong></span> <span class='ocrx_word' id='word_1_218' title='bbox 1139 3059 1210 3131; x_wconf 77' lang='grc' dir='ltr'><strong><em>ῖσω</em></strong></span> <span class='ocrx_word' id='word_1_219' title='bbox 1236 3086 1273 3129; x_wconf 87' lang='grc' dir='ltr'><strong><em>τε</em></strong></span> <span class='ocrx_word' id='word_1_220' title='bbox 1300 3059 1478 3158; x_wconf 82' lang='grc' dir='ltr'><strong><em>γενέσθαι</em></strong></span> 
     </span>
     <span class='ocr_line' id='line_1_28' title="bbox 203 3156 1478 3286; baseline 0.001 -56"><span class='ocrx_word' id='word_1_221' title='bbox 203 3165 271 3231; x_wconf 83' lang='grc' dir='ltr'><strong><em>τοῦ</em></strong></span> <span class='ocrx_word' id='word_1_222' title='bbox 304 3156 644 3285; x_wconf 80' lang='grc' dir='ltr'><strong><em>καταπετάσματος,</em></strong></span> <span class='ocrx_word' id='word_1_223' title='bbox 677 3160 740 3234; x_wconf 81' lang='grc' dir='ltr'><strong><em>καὶ</em></strong></span> <span class='ocrx_word' id='word_1_224' title='bbox 771 3161 817 3234; x_wconf 89' lang='grc' dir='ltr'><strong><em>τά</em></strong></span> <span class='ocrx_word' id='word_1_225' title='bbox 852 3160 941 3286; x_wconf 79' lang='grc' dir='ltr'><strong><em>ἅγια</em></strong></span> <span class='ocrx_word' id='word_1_226' title='bbox 967 3168 1046 3234; x_wconf 84' lang='grc' dir='ltr'><strong><em>τῶν</em></strong></span> <span class='ocrx_word' id='word_1_227' title='bbox 1072 3158 1191 3284; x_wconf 83' lang='grc' dir='ltr'><strong><em>ἁγίων</em></strong></span> <span class='ocrx_word' id='word_1_228' title='bbox 1217 3167 1478 3246; x_wconf 87' lang='grc' dir='ltr'><strong><em>κατοπτεῦσαι,</em></strong></span> 
     </span>
     <span class='ocr_line' id='line_1_29' title="bbox 204 3258 1476 3389; baseline 0.002 -58"><span class='ocrx_word' id='word_1_229' title='bbox 204 3258 476 3355; x_wconf 87' lang='grc' dir='ltr'><strong><em>προςπίπτοιιεν</em></strong></span> <span class='ocrx_word' id='word_1_230' title='bbox 490 3269 534 3357; x_wconf 87' lang='lat'><strong><em>16</em></strong></span> <span class='ocrx_word' id='word_1_231' title='bbox 549 3288 595 3358; x_wconf 90' lang='grc' dir='ltr'><strong><em>ση</em></strong></span> <span class='ocrx_word' id='word_1_232' title='bbox 579 3259 838 3389; x_wconf 84' lang='grc' dir='ltr'><strong><em>ἀγαθότητι</em></strong></span> <span class='ocrx_word' id='word_1_233' title='bbox 863 3262 1045 3350; x_wconf 84' lang='grc' dir='ltr'><strong><em>Δέσποτα,</em></strong></span> <span class='ocrx_word' id='word_1_234' title='bbox 1060 3259 1239 3356; x_wconf 82' lang='grc' dir='ltr'><strong><em>ελὲησαι</em></strong></span> <span class='ocrx_word' id='word_1_235' title='bbox 1221 3268 1333 3357; x_wconf 89' lang='grc' dir='ltr'><strong><em>ημοῖς·</em></strong></span> <span class='ocrx_word' id='word_1_236' title='bbox 1338 3258 1476 3387; x_wconf 73' lang='lat'>1116166</span> 
     </span>
     <span class='ocr_line' id='line_1_30' title="bbox 204 3360 1477 3463; baseline 0.001 -30"><span class='ocrx_word' id='word_1_237' title='bbox 204 3360 368 3459; x_wconf 78' lang='grc' dir='ltr'><strong><em>ἔμιμοβοί</em></strong></span> <span class='ocrx_word' id='word_1_238' title='bbox 391 3361 454 3435; x_wconf 85' lang='grc' dir='ltr'><strong><em>καὶ</em></strong></span> <span class='ocrx_word' id='word_1_239' title='bbox 481 3363 655 3462; x_wconf 74' lang='grc' dir='ltr'><strong><em>ἔντρομοί</em></strong></span> <span class='ocrx_word' id='word_1_240' title='bbox 679 3367 802 3460; x_wconf 80' lang='grc' dir='ltr'><strong><em>ἐσμεν,</em></strong></span> <span class='ocrx_word' id='word_1_241' title='bbox 828 3367 1021 3461; x_wconf 82' lang='grc' dir='ltr'><strong><em>μέλλοντες</em></strong></span> <span class='ocrx_word' id='word_1_242' title='bbox 1046 3364 1274 3461; x_wconf 77' lang='grc' dir='ltr'><strong><em>παρεστάναι</em></strong></span> <span class='ocrx_word' id='word_1_243' title='bbox 1300 3370 1356 3460; x_wconf 81' lang='grc' dir='ltr'><strong><em>τῷ</em></strong></span> <span class='ocrx_word' id='word_1_244' title='bbox 1383 3360 1477 3463; x_wconf 87' lang='grc' dir='ltr'><strong><em>ἀγίῳ</em></strong></span> 
     </span>
    </p>
   </div>
   <div class='ocr_carea' id='block_1_5' title="bbox 204 3593 1477 3755">
    <p class='ocr_par' dir='ltr' id='par_1_5' title="bbox 204 3593 1477 3755">
     <span class='ocr_line' id='line_1_31' title="bbox 288 3593 1475 3669; baseline -0.005 -17"><span class='ocrx_word' id='word_1_245' title='bbox 288 3601 346 3666; x_wconf 84' lang='lat' dir='ltr'><strong>Cap.</strong></span> <span class='ocrx_word' id='word_1_246' title='bbox 364 3602 451 3652; x_wconf 79' lang='lat' dir='ltr'>xxvn.</span> <span class='ocrx_word' id='word_1_247' title='bbox 486 3602 515 3651; x_wconf 83' lang='grc' dir='ltr'><strong><em>Μ.</em></strong></span> <span class='ocrx_word' id='word_1_248' title='bbox 534 3604 668 3653; x_wconf 73' lang='lat' dir='ltr'><strong>orationem</strong></span> <span class='ocrx_word' id='word_1_249' title='bbox 688 3602 736 3652; x_wconf 88' lang='grc' dir='ltr'><strong><em>τοῦ</em></strong></span> <span class='ocrx_word' id='word_1_250' title='bbox 753 3593 1000 3669; x_wconf 79' lang='grc' dir='ltr'><strong><em>καταπετάσματος</em></strong></span> <span class='ocrx_word' id='word_1_251' title='bbox 1018 3604 1090 3653; x_wconf 69' lang='lat' dir='ltr'><strong>habet</strong></span> <span class='ocrx_word' id='word_1_252' title='bbox 1108 3616 1184 3665; x_wconf 82' lang='grc' dir='ltr'><strong><em>ιιιηιτο</em></strong></span> <span class='ocrx_word' id='word_1_253' title='bbox 1202 3602 1231 3651; x_wconf 80' lang='grc' dir='ltr'><strong><em>τι]</em></strong></span> <span class='ocrx_word' id='word_1_254' title='bbox 1244 3601 1313 3650; x_wconf 81' lang='lat' dir='ltr'><strong>verba</strong></span> <span class='ocrx_word' id='word_1_255' title='bbox 1328 3602 1475 3660; x_wconf 81' lang='grc' dir='ltr'><strong><em>θυσιαστη-</em></strong></span> 
     </span>
     <span class='ocr_line' id='line_1_32' title="bbox 204 3682 1477 3755; baseline 0 -21"><span class='ocrx_word' id='word_1_256' title='bbox 204 3686 253 3749; x_wconf 77' lang='grc' dir='ltr'><strong><em>ρίῳ</em></strong></span> <span class='ocrx_word' id='word_1_257' title='bbox 271 3685 318 3734; x_wconf 88' lang='grc' dir='ltr'><strong><em>καλ</em></strong></span> <span class='ocrx_word' id='word_1_258' title='bbox 336 3686 540 3754; x_wconf 73' lang='grc' dir='ltr'><strong><em>προςιγίρομεν.</em></strong></span> <span class='ocrx_word' id='word_1_259' title='bbox 577 3689 704 3752; x_wconf 75' lang='lat' dir='ltr'>Sequitur:</span> <span class='ocrx_word' id='word_1_260' title='bbox 724 3686 770 3735; x_wconf 83' lang='grc' dir='ltr'><strong><em>καλ</em></strong></span> <span class='ocrx_word' id='word_1_261' title='bbox 788 3682 820 3736; x_wconf 83' lang='grc' dir='ltr'><strong><em>τὰ</em></strong></span> <span class='ocrx_word' id='word_1_262' title='bbox 838 3688 1016 3755; x_wconf 75' lang='grc' dir='ltr'><strong><em>περικείμενα</em></strong></span> <span class='ocrx_word' id='word_1_263' title='bbox 1034 3685 1089 3736; x_wconf 89' lang='grc' dir='ltr'><strong><em>κτλ.</em></strong></span> <span class='ocrx_word' id='word_1_264' title='bbox 1115 3687 1236 3751; x_wconf 65' lang='lat' dir='ltr'><strong>Papum:</strong></span> <span class='ocrx_word' id='word_1_265' title='bbox 1254 3682 1333 3734; x_wconf 80' lang='grc' dir='ltr'><strong><em>ἔλεον</em></strong></span> <span class='ocrx_word' id='word_1_266' title='bbox 1351 3693 1477 3748; x_wconf 77' lang='lat' dir='ltr'><strong>utsupra.</strong></span> 
     </span>
    </p>
   </div>
   <div class='ocr_carea' id='block_1_6' title="bbox 108 3760 1478 3839">
    <p class='ocr_par' dir='ltr' id='par_1_6' title="bbox 108 3760 1478 3839">
     <span class='ocr_line' id='line_1_33' title="bbox 108 3760 1478 3839; baseline -0.003 -19"><span class='ocrx_word' id='word_1_267' title='bbox 108 3826 114 3835; x_wconf 52' lang='grc'>,</span> <span class='ocrx_word' id='word_1_268' title='bbox 204 3770 233 3820; x_wconf 77' lang='lat' dir='ltr'><strong><em>El</em></strong></span> <span class='ocrx_word' id='word_1_269' title='bbox 257 3773 372 3822; x_wconf 78' lang='lat' dir='ltr'><strong>sacerdos</strong></span> <span class='ocrx_word' id='word_1_270' title='bbox 396 3781 462 3822; x_wconf 77' lang='lat' dir='ltr'><strong>orat:</strong></span> <span class='ocrx_word' id='word_1_271' title='bbox 481 3767 583 3836; x_wconf 73' lang='grc' dir='ltr'><strong><em>Ἀγαθὲ</em></strong></span> <span class='ocrx_word' id='word_1_272' title='bbox 602 3771 648 3820; x_wconf 84' lang='grc' dir='ltr'><strong><em>καλ</em></strong></span> <span class='ocrx_word' id='word_1_273' title='bbox 666 3765 849 3839; x_wconf 76' lang='grc' dir='ltr'><strong><em>ηιλάνθρωπε</em></strong></span> <span class='ocrx_word' id='word_1_274' title='bbox 868 3769 989 3822; x_wconf 74' lang='grc' dir='ltr'><strong><em>δέσποτα</em></strong></span> <span class='ocrx_word' id='word_1_275' title='bbox 1007 3764 1098 3835; x_wconf 85' lang='grc' dir='ltr'><strong><em>κάριε·</em></strong></span> <span class='ocrx_word' id='word_1_276' title='bbox 1123 3763 1221 3826; x_wconf 80' lang='grc' dir='ltr'><strong><em>ὁθεός</em></strong></span> <span class='ocrx_word' id='word_1_277' title='bbox 1238 3764 1318 3836; x_wconf 78' lang='grc' dir='ltr'><strong><em>ἡμῶν</em></strong></span> <span class='ocrx_word' id='word_1_278' title='bbox 1336 3760 1351 3818; x_wconf 92' lang='lat'><strong><em>6</em></strong></span> <span class='ocrx_word' id='word_1_279' title='bbox 1369 3761 1416 3817; x_wconf 79' lang='lat'><strong><em>616</em></strong></span> <span class='ocrx_word' id='word_1_280' title='bbox 1434 3767 1478 3829; x_wconf 75' lang='grc' dir='ltr'><strong><em>τῆς</em></strong></span> 
     </span>
    </p>
   </div>
   <div class='ocr_carea' id='block_1_7' title="bbox 201 3845 1479 4581">
    <p class='ocr_par' dir='ltr' id='par_1_7' title="bbox 202 3845 1478 4340">
     <span class='ocr_line' id='line_1_34' title="bbox 203 3845 1475 3921; baseline -0.001 -20"><span class='ocrx_word' id='word_1_281' title='bbox 203 3856 359 3917; x_wconf 72' lang='grc' dir='ltr'><strong><em>παρουσίας</em></strong></span> <span class='ocrx_word' id='word_1_282' title='bbox 382 3855 429 3904; x_wconf 86' lang='grc' dir='ltr'><strong><em>τοῦ</em></strong></span> <span class='ocrx_word' id='word_1_283' title='bbox 448 3854 618 3921; x_wconf 87' lang='grc' dir='ltr'><strong><em>μονογενοῦς</em></strong></span> <span class='ocrx_word' id='word_1_284' title='bbox 641 3855 688 3905; x_wconf 81' lang='grc' dir='ltr'><strong><em>τοῦ</em></strong></span> <span class='ocrx_word' id='word_1_285' title='bbox 712 3854 773 3905; x_wconf 82' lang='grc' dir='ltr'><strong><em>υἱοῦ</em></strong></span> <span class='ocrx_word' id='word_1_286' title='bbox 790 3855 836 3904; x_wconf 86' lang='grc' dir='ltr'><strong><em>καλ</em></strong></span> <span class='ocrx_word' id='word_1_287' title='bbox 854 3857 898 3915; x_wconf 80' lang='grc' dir='ltr'><strong><em>τῆς</em></strong></span> <span class='ocrx_word' id='word_1_288' title='bbox 916 3846 1080 3921; x_wconf 82' lang='grc' dir='ltr'><strong><em>ίλλάμψεως</em></strong></span> <span class='ocrx_word' id='word_1_289' title='bbox 1096 3854 1144 3904; x_wconf 81' lang='grc' dir='ltr'><strong><em>τοῦ</em></strong></span> <span class='ocrx_word' id='word_1_290' title='bbox 1163 3854 1304 3919; x_wconf 87' lang='grc' dir='ltr'><strong><em>παναγίου</em></strong></span> <span class='ocrx_word' id='word_1_291' title='bbox 1321 3850 1371 3902; x_wconf 84' lang='grc' dir='ltr'><strong><em>τοῦ</em></strong></span> <span class='ocrx_word' id='word_1_292' title='bbox 1387 3845 1475 3901; x_wconf 85' lang='grc' dir='ltr'><strong><em>πνεά-</em></strong></span> 
     </span>
     <span class='ocr_line' id='line_1_35' title="bbox 204 3928 1476 4009; baseline -0.002 -23"><span class='ocrx_word' id='word_1_293' title='bbox 204 3953 291 4000; x_wconf 87' lang='grc' dir='ltr'><strong><em>ματος</em></strong></span> <span class='ocrx_word' id='word_1_294' title='bbox 308 3932 478 3997; x_wconf 78' lang='grc' dir='ltr'><strong><em>καταξιώσας</em></strong></span> <span class='ocrx_word' id='word_1_295' title='bbox 493 3955 529 4009; x_wconf 90' lang='grc' dir='ltr'><strong><em>με</em></strong></span> <span class='ocrx_word' id='word_1_296' title='bbox 548 3936 596 3990; x_wconf 90' lang='grc' dir='ltr'><strong><em>τόν</em></strong></span> <span class='ocrx_word' id='word_1_297' title='bbox 612 3933 778 4007; x_wconf 78' lang='grc' dir='ltr'><strong><em>ἁμαρτωλὸν</em></strong></span> <span class='ocrx_word' id='word_1_298' title='bbox 795 3939 842 3988; x_wconf 85' lang='grc' dir='ltr'><strong><em>καλ</em></strong></span> <span class='ocrx_word' id='word_1_299' title='bbox 860 3934 973 4005; x_wconf 80' lang='grc' dir='ltr'><strong><em>ἀχρεῖον</em></strong></span> <span class='ocrx_word' id='word_1_300' title='bbox 990 3951 1041 3988; x_wconf 86' lang='grc' dir='ltr'><strong><em>σου</em></strong></span> <span class='ocrx_word' id='word_1_301' title='bbox 1059 3935 1159 3989; x_wconf 79' lang='grc' dir='ltr'><strong><em>δοῦλον</em></strong></span> <span class='ocrx_word' id='word_1_302' title='bbox 1177 3928 1349 4005; x_wconf 81' lang='grc' dir='ltr'><strong><em>παρεστάναι</em></strong></span> <span class='ocrx_word' id='word_1_303' title='bbox 1361 3929 1476 4002; x_wconf 81' lang='grc' dir='ltr'><strong><em>τρῖιῖγίρ</em></strong></span> 
     </span>
     <span class='ocr_line' id='line_1_36' title="bbox 203 4015 1478 4091; baseline -0.002 -21"><span class='ocrx_word' id='word_1_304' title='bbox 203 4032 255 4071; x_wconf 89' lang='grc' dir='ltr'><strong><em>σου</em></strong></span> <span class='ocrx_word' id='word_1_305' title='bbox 277 4025 465 4090; x_wconf 78' lang='grc' dir='ltr'><strong><em>θυσιαστηρίῳ</em></strong></span> <span class='ocrx_word' id='word_1_306' title='bbox 489 4023 536 4074; x_wconf 85' lang='grc' dir='ltr'><strong><em>καλ</em></strong></span> <span class='ocrx_word' id='word_1_307' title='bbox 559 4024 724 4091; x_wconf 78' lang='grc' dir='ltr'><strong><em>προςφίρειν</em></strong></span> <span class='ocrx_word' id='word_1_308' title='bbox 746 4022 794 4073; x_wconf 84' lang='grc' dir='ltr'><strong><em>καλ</em></strong></span> <span class='ocrx_word' id='word_1_309' title='bbox 816 4024 986 4089; x_wconf 86' lang='grc' dir='ltr'><strong><em>λειτουργεῖν</em></strong></span> <span class='ocrx_word' id='word_1_310' title='bbox 1010 4024 1066 4079; x_wconf 87' lang='grc' dir='ltr'><strong><em>τοῖς</em></strong></span> <span class='ocrx_word' id='word_1_311' title='bbox 1082 4025 1188 4079; x_wconf 86' lang='grc' dir='ltr'><strong><em>καινοῖς</em></strong></span> <span class='ocrx_word' id='word_1_312' title='bbox 1203 4019 1251 4071; x_wconf 85' lang='grc' dir='ltr'><strong><em>καλ</em></strong></span> <span class='ocrx_word' id='word_1_313' title='bbox 1268 4015 1418 4087; x_wconf 82' lang='grc' dir='ltr'><strong><em>ἀχράντοις</em></strong></span> <span class='ocrx_word' id='word_1_314' title='bbox 1434 4018 1478 4081; x_wconf 74' lang='grc' dir='ltr'><strong><em>τῆς</em></strong></span> 
     </span>
     <span class='ocr_line' id='line_1_37' title="bbox 203 4097 1475 4178; baseline -0.005 -21"><span class='ocrx_word' id='word_1_315' title='bbox 203 4097 338 4170; x_wconf 69' lang='grc' dir='ltr'><strong><em>διαθήκης</em></strong></span> <span class='ocrx_word' id='word_1_316' title='bbox 353 4121 405 4158; x_wconf 85' lang='grc' dir='ltr'><strong><em>σου</em></strong></span> <span class='ocrx_word' id='word_1_317' title='bbox 422 4111 590 4178; x_wconf 82' lang='grc' dir='ltr'><strong><em>μυστηρίοις,</em></strong></span> <span class='ocrx_word' id='word_1_318' title='bbox 613 4109 732 4170; x_wconf 87' lang='grc' dir='ltr'><strong><em>ποίησον</em></strong></span> <span class='ocrx_word' id='word_1_319' title='bbox 748 4101 810 4174; x_wconf 87' lang='grc' dir='ltr'><strong><em>μετ’</em></strong></span> <span class='ocrx_word' id='word_1_320' title='bbox 831 4103 902 4175; x_wconf 66' lang='grc' dir='ltr'><strong><em>ἐμοῦ</em></strong></span> <span class='ocrx_word' id='word_1_321' title='bbox 918 4110 1035 4175; x_wconf 87' lang='grc' dir='ltr'><strong><em>σημεῖον</em></strong></span> <span class='ocrx_word' id='word_1_322' title='bbox 1052 4108 1091 4164; x_wconf 78' lang='grc' dir='ltr'><strong><em>είς</em></strong></span> <span class='ocrx_word' id='word_1_323' title='bbox 1108 4101 1219 4173; x_wconf 78' lang='grc' dir='ltr'><strong><em>ἀγαθόν</em></strong></span> <span class='ocrx_word' id='word_1_324' title='bbox 1236 4106 1284 4155; x_wconf 89' lang='grc' dir='ltr'><strong><em>καλ</em></strong></span> <span class='ocrx_word' id='word_1_325' title='bbox 1301 4098 1424 4162; x_wconf 78' lang='grc' dir='ltr'><strong><em>ἀξίωσίν</em></strong></span> <span class='ocrx_word' id='word_1_326' title='bbox 1440 4118 1475 4170; x_wconf 86' lang='grc' dir='ltr'><strong><em>με</em></strong></span> 
     </span>
     <span class='ocr_line' id='line_1_38' title="bbox 202 4185 1477 4262; baseline -0.002 -22"><span class='ocrx_word' id='word_1_327' title='bbox 202 4186 234 4240; x_wconf 73' lang='grc' dir='ltr'><strong><em>ἐν</em></strong></span> <span class='ocrx_word' id='word_1_328' title='bbox 256 4191 372 4262; x_wconf 71' lang='grc' dir='ltr'><strong><em>καθαρῷ</em></strong></span> <span class='ocrx_word' id='word_1_329' title='bbox 396 4187 533 4242; x_wconf 80' lang='grc' dir='ltr'><strong><em>συνειδότι</em></strong></span> <span class='ocrx_word' id='word_1_330' title='bbox 557 4185 697 4258; x_wconf 77' lang='grc' dir='ltr'><strong><em>λατρεύειν</em></strong></span> <span class='ocrx_word' id='word_1_331' title='bbox 714 4205 759 4241; x_wconf 90' lang='grc' dir='ltr'><strong><em>σοι</em></strong></span> <span class='ocrx_word' id='word_1_332' title='bbox 775 4189 867 4248; x_wconf 78' lang='grc' dir='ltr'><strong><em>πάσας</em></strong></span> <span class='ocrx_word' id='word_1_333' title='bbox 884 4186 931 4248; x_wconf 84' lang='grc' dir='ltr'><strong><em>τὰς</em></strong></span> <span class='ocrx_word' id='word_1_334' title='bbox 947 4185 1051 4260; x_wconf 74' lang='grc' dir='ltr'><strong><em>ἡμέρας</em></strong></span> <span class='ocrx_word' id='word_1_335' title='bbox 1067 4192 1112 4256; x_wconf 78' lang='grc' dir='ltr'><strong><em>τῆς</em></strong></span> <span class='ocrx_word' id='word_1_336' title='bbox 1129 4191 1195 4256; x_wconf 80' lang='grc' dir='ltr'><strong><em>ζωῆς</em></strong></span> <span class='ocrx_word' id='word_1_337' title='bbox 1210 4208 1276 4260; x_wconf 87' lang='grc' dir='ltr'><strong><em>μου.</em></strong></span> <span class='ocrx_word' id='word_1_338' title='bbox 1312 4194 1337 4241; x_wconf 82' lang='lat' dir='ltr'><strong><em>R.</em></strong></span> <span class='ocrx_word' id='word_1_339' title='bbox 1357 4190 1477 4241; x_wconf 75' lang='lat' dir='ltr'><strong>consentit</strong></span> 
     </span>
     <span class='ocr_line' id='line_1_39' title="bbox 203 4279 499 4340; baseline -0.003 -14"><span class='ocrx_word' id='word_1_340' title='bbox 203 4292 256 4326; x_wconf 87' lang='lat' dir='ltr'><strong><em>cum</em></strong></span> <span class='ocrx_word' id='word_1_341' title='bbox 274 4279 367 4340; x_wconf 76' lang='lat' dir='ltr'><strong>vulgata</strong></span> <span class='ocrx_word' id='word_1_342' title='bbox 386 4279 499 4328; x_wconf 76' lang='lat' dir='ltr'><strong>editione.</strong></span> 
     </span>
    </p>

    <p class='ocr_par' dir='ltr' id='par_1_8' title="bbox 201 4361 1479 4581">
     <span class='ocr_line' id='line_1_40' title="bbox 286 4361 1477 4428; baseline -0.003 -17"><span class='ocrx_word' id='word_1_343' title='bbox 286 4363 389 4412; x_wconf 79' lang='lat' dir='ltr'><strong>loannes</strong></span> <span class='ocrx_word' id='word_1_344' title='bbox 408 4363 472 4411; x_wconf 78' lang='lat' dir='ltr'><strong>Maro</strong></span> <span class='ocrx_word' id='word_1_345' title='bbox 484 4363 618 4413; x_wconf 72' lang='lat' dir='ltr'><strong>Commeat.</strong></span> <span class='ocrx_word' id='word_1_346' title='bbox 637 4378 657 4412; x_wconf 88' lang='lat' dir='ltr'><strong><em>c.</em></strong></span> <span class='ocrx_word' id='word_1_347' title='bbox 670 4362 716 4411; x_wconf 80' lang='lat'><strong><em>25:</em></strong></span> <span class='ocrx_word' id='word_1_348' title='bbox 735 4363 814 4411; x_wconf 81' lang='grc' dir='ltr'><strong><em>Τετιίιι</em></strong></span> <span class='ocrx_word' id='word_1_349' title='bbox 833 4364 909 4412; x_wconf 73' lang='lat' dir='ltr'><strong>oratio</strong></span> <span class='ocrx_word' id='word_1_350' title='bbox 929 4363 1015 4413; x_wconf 74' lang='lat' dir='ltr'><strong>dicitnr</strong></span> <span class='ocrx_word' id='word_1_351' title='bbox 1032 4364 1165 4422; x_wconf 74' lang='lat' dir='ltr'><strong>velaminis,</strong></span> <span class='ocrx_word' id='word_1_352' title='bbox 1184 4364 1297 4428; x_wconf 83' lang='lat' dir='ltr'><strong>quoniam</strong></span> <span class='ocrx_word' id='word_1_353' title='bbox 1317 4364 1339 4411; x_wconf 81' lang='lat' dir='ltr'><strong><em>in</em></strong></span> <span class='ocrx_word' id='word_1_354' title='bbox 1359 4362 1411 4410; x_wconf 77' lang='lat' dir='ltr'>eius</span> <span class='ocrx_word' id='word_1_355' title='bbox 1430 4361 1477 4408; x_wconf 80' lang='grc' dir='ltr'><strong><em>ίιοε</em></strong></span> 
     </span>
     <span class='ocr_line' id='line_1_41' title="bbox 201 4443 1479 4514; baseline 0 -20"><span class='ocrx_word' id='word_1_356' title='bbox 201 4445 322 4497; x_wconf 77' lang='lat' dir='ltr'>Sacerdos</span> <span class='ocrx_word' id='word_1_357' title='bbox 339 4448 415 4497; x_wconf 72' lang='lat' dir='ltr'><strong>elevat</strong></span> <span class='ocrx_word' id='word_1_358' title='bbox 432 4447 539 4497; x_wconf 74' lang='lat' dir='ltr'><strong>velamen</strong></span> <span class='ocrx_word' id='word_1_359' title='bbox 558 4464 600 4497; x_wconf 85' lang='lat' dir='ltr'><strong><em>seu</em></strong></span> <span class='ocrx_word' id='word_1_360' title='bbox 626 4449 772 4511; x_wconf 75' lang='lat' dir='ltr'><strong>anaphoram</strong></span> <span class='ocrx_word' id='word_1_361' title='bbox 792 4450 856 4497; x_wconf 78' lang='lat' dir='ltr'><strong>etin</strong></span> <span class='ocrx_word' id='word_1_362' title='bbox 876 4455 984 4514; x_wconf 71' lang='lat' dir='ltr'><strong>apertum</strong></span> <span class='ocrx_word' id='word_1_363' title='bbox 1003 4449 1115 4513; x_wconf 75' lang='lat' dir='ltr'>producit</span> <span class='ocrx_word' id='word_1_364' title='bbox 1133 4450 1244 4512; x_wconf 78' lang='lat' dir='ltr'><strong>mysteria</strong></span> <span class='ocrx_word' id='word_1_365' title='bbox 1270 4448 1320 4507; x_wconf 79' lang='lat' dir='ltr'><strong>ina,</strong></span> <span class='ocrx_word' id='word_1_366' title='bbox 1345 4461 1407 4511; x_wconf 77' lang='lat' dir='ltr'><strong>qaae</strong></span> <span class='ocrx_word' id='word_1_367' title='bbox 1431 4443 1479 4494; x_wconf 75' lang='lat' dir='ltr'><strong><em>ab·</em></strong></span> 
     </span>
     <span class='ocr_line' id='line_1_42' title="bbox 201 4539 358 4581; baseline 0 -1"><span class='ocrx_word' id='word_1_368' title='bbox 201 4539 264 4581; x_wconf 82' lang='grc' dir='ltr'><strong><em>ιεοιε</em></strong></span> <span class='ocrx_word' id='word_1_369' title='bbox 282 4539 358 4581; x_wconf 79' lang='lat' dir='ltr'><strong>erant.</strong></span> 
     </span>
    </p>
   </div>
   <div class='ocr_carea' id='block_1_8' title="bbox 0 0 1527 4912">
    <p class='ocr_par' dir='ltr' id='par_1_9' title="bbox 0 0 1527 4912">
     <span class='ocr_line' id='line_1_43' title="bbox 0 0 1527 4912; baseline 0 0"><span class='ocrx_word' id='word_1_370' title='bbox 0 0 1527 4912; x_wconf 95' lang='lat' dir='ltr'><strong><em> </em></strong></span> 
     </span>
    </p>
   </div>
  </div>
 </body>
</html>
