3044 4912
725 234 800 307 340

200 420 252 495 ‘H
271 423 360 494 θεῖα
385 414 594 547 λειτουργία
618 425 687 493 τοῦ
712 415 801 494 66·t
779 414 899 519 αγίοις
928 417 1069 519 πατρὸς
1091 420 1203 519 ήμῶν
1221 417 1370 502 Ἶῶιίννοο

127 532 197 600 τοῦ
221 517 507 621 Χρυσοστόμου.

645 648 684 718 ‘0
707 647 871 733 διάκονος.

213 707 302 834 XIV.
329 750 547 858 Εῦλόγησον
571 753 743 830 δέσποτα.

589 884 755 977 Ὁίερεὺς
775 883 942 979 ἒκφῶνιος.

211 988 502 1123 Εὐλογημένη
479 1021 503 1088 η
530 989 709 1066 Βασιλεία
740 996 809 1119 τοῦ
835 990 991 1124 πατρὸς,
1024 992 1088 1067 καὶ
1111 1002 1181 1068 τοῦ
1206 994 1303 1086 υἱοῦ,
1327 994 1368 1071 κιὲ

126 1103 196 1172 τοῦ
220 1093 331 1197 ἁγίου
355 1091 577 1190 πνεύματος,
602 1100 677 1170 νῦν
700 1092 764 1167 καὶ
789 1092 859 1183 666,
884 1093 948 1169 καὶ
973 1098 1024 1179 ελς
1048 1094 1136 1180 τοὺς
1161 1100 1300 1235 αἰῶνας
1315 1104 1369 1172 τῶι

128 1194 289 1274 αλαίνιον.

208 1308 247 1380 ‘0
280 1308 389 1401 6⁰66
424 1292 553 1393 '²166

210 1406 307 1495 Εἶτα,
335 1406 597 1528 ἀποκρινομένου
624 1415 684 1480 τοῦ
710 1415 812 1500 χοροῦ
840 1406 889 1493 εἷς
914 1408 1052 1482 ἕκαστον
1071 1419 1138 1481 τῶν
1158 1410 1361 1503 ἓπομέντον’
1340 1440 1372 1525 τι·

54 1533 65 1555 ‘
127 1521 266 1606 ρηνικῶν
281 1514 338 1583 τὸ·
371 1498 486 1598 Κύρῑέ
511 1499 670 1596 6666006,
700 1511 805 1600 λέγει·

652 1626 691 1698 ‘0
713 1626 878 1712 διάκονος.

203 1736 275 1810 Ἐν
294 1729 460 1865 εὸρήνη
485 1742 568 1812 τοῦ
594 1731 774 1834 Κυρίου
794 1733 1060 1863 δεηθῶμεν.

206 1835 330 1937 Ὑπὲρ
367 1844 446 1934 τῆς
481 1837 671 1915 ἄνωθεν
705 1833 908 1965 είρήνης,
945 1838 1021 1913 καὶ
1054 1846 1133 1935 τῆς
1169 1839 1379 1942 σωτηρίαι

126 1947 218 2016 τῶν
243 1947 412 2069 ηυρχῶν
431 1937 583 2036 ήμῶν,
607 1945 692 2014 τοῦ
716 1937 895 2068 Κυρίου
921 1937 1100 2038 δεηθῶρ
1101 1969 1180 2071 ιεγ.

204 2039 328 2140 Ὑπὲρ
362 2049 440 2137 τῆς
463 2037 673 2169 ελΗρήνης
690 2048 772 2115 τοῦ
805 2036 1076 2137 σύμπαντος
1105 2039 1384 2172 κήσυου,εῦ-

127 2141 308 2271 σταθείας
338 2151 417 2218 τῶν
436 2142 573 2272 ἁγίων
606 2151 675 2218 τοῦ
702 2146 796 2217 Θεοῦ
831 2145 1045 2269 ἐκκλησιῶν,
1081 2144 1159 2219 καὶ
1193 2152 1275 2243 τῆς
1305 2151 1384 2220 τῶν

126 2241 317 2320 πάντων
359 2239 585 2334 ἕναίσεως,
628 2252 711 2320 τοῦ
752 2240 931 2343 Κυρίου
974 2244 1223 2345 δεηθῶμεν
1260 2246 1385 2344 (Ῑαο.9.

178 2404 308 2546 Ὑπὲρ
342 2456 414 2574 τοῦ
444 2445 554 2574 ἁγίου
587 2451 691 2523 οἰίιου
721 2443 870 2536 τούτου,
902 2446 967 2522 καὶ
998 2457 1078 2524 τῶν
1109 2447 1203 2545 μετὰ
1229 2446 1386 2536 πίστεως,

126 2549 319 2645 εὐλαβείας
354 2548 417 2622 καὶ
456 2546 582 2647 φόβου
611 2554 703 2624 θεοῦ
729 2546 917 2633 εἲςιόντιον
941 2551 1054 2625 ἐν
1010 2558 1126 2648 αυτῷ,
1158 2559 1229 2626 τοῦ
1254 2549 1385 2651 Κυρίου

126 2649 335 2775 δεηίήῶμεν.

204 2749 308 2848 Υπὲρ
341 2758 408 2824 τοῦ
442 2746 727 2847 ἀρχιεπισκόπου
758 2750 869 2848 ήμῶν
900 2774 973 2852 (τοῦ
1000 2770 1130 2852 δεῖνος),
1170 2763 1240 2829 τοῦ
1272 2754 1382 2852 τιμίου

126 2849 406 2950 πρεσβυτερίου,
432 2860 496 2948 τῆς
522 2855 562 2926 ἐν
578 2856 733 2978 Χριστῷ
759 2853 963 2945 διακονίας,
990 2856 1128 2940 παντὸς
1152 2865 1222 2932 τοῦ
1247 2856 1380 2957 κλήρου,

124 2953 187 3029 καὶ
212 2962 279 3028 τοῦ
305 2961 410 3042 λαοῦ,
435 2962 503 3028 τοῦ
527 2953 671 3052 Κυρίου
697 2954 905 3055 δεηθῶμεν.

203 3055 307 3153 Υπὲρ
346 3063 426 3182 τῶν
463 3054 753 3154 εῦςεβεστοίτων,
794 3057 857 3133 καὶ
896 3054 1171 3156 θεοφυλοίκτων
1203 3060 1379 3135 Βασιλέων

124 3158 244 3281 ἡμῶν,
279 3157 417 3239 παντὸς
449 3166 518 3232 τοῦ
544 3159 739 3234 Παλατίου
772 3160 835 3234 καὶ
866 3168 935 3236 τοῦ
961 3160 1229 3260 Στρατοπεδου
1257 3164 1377 3246 αὐτῶν,

125 3267 192 3333 τοῦ
218 3258 361 3356 Κυρίου
388 3258 597 3354 δεηθῶμεν

117 3408 188 3415 ...--
216 3408 289 3413 -—--
303 3407 429 3415 ——-

209 3482 266 3545 Cap.
285 3482 340 3531 xiv.
375 3482 442 3532 Mum
472 3482 502 3530 ab
535 3483 582 3533 hoc
610 3485 687 3547 capite
717 3483 844 3533 ordiuntur
870 3484 965 3535 Missam
994 3485 1169 3548 chrysostomi,
1199 3487 1328 3549 praemissa
1348 3491 1376 3532 ιι·

125 3582 178 3616 men
198 3568 305 3616 oralione
324 3567 498 3634 προθέσεωςι
518 3557 531 3614 6
554 3561 628 3629 Θεὸς,
648 3559 662 3615 6
680 3559 747 3622 Θεὸς
764 3559 842 3630 ήμῶν
859 3567 915 3615 κτλ.
927 3593 957 3604 -·-
976 3569 1001 3617 B.
1021 3569 1111 3634 absque
1130 3570 1200 3619 titulo
1220 3572 1314 3635 incipit:
1329 3559 1376 3615 Κί·

123 3665 164 3717 ριε
183 3643 197 3698 6
220 3643 287 3707 Θεὸς
303 3643 390 3717 ήμῶν,
420 3642 434 3700 6
453 3649 583 3715 προςδελς
600 3646 698 3700 ἑαυτὸν
716 3647 808 3717 ἀμνὸν
826 3643 946 3718 ἁμωμον
964 3644 1033 3745 ὑπὲρ
1060 3652 1105 3715 τῆς
1121 3653 1170 3703 τοῦ
1187 3646 1296 3721 κόσμου
1313 3648 1374 3712 (666⁶

123 3731 200 3783 ἔπιδε
220 3729 295 3799 ἐφ’
284 3735 355 3801 ηαὰς
371 3732 419 3783 καί
436 3731 483 3783 ἐπὶ
500 3728 548 3782 τὸν
565 3725 650 3803 ι’ίρτον
668 3732 764 3783 τοῦτον
781 3733 828 3783 καὶ
845 3733 892 3784 ἐπὶ
910 3729 939 3784 τὸ
957 3727 1088 3802 ποτήριον
1105 3738 1199 3788 τοῦτο·
1218 3737 1374 3800 καλποίησον

123 3812 190 3867 αὐτὸ
213 3810 353 3883 ἁχραντόν
376 3831 426 3869 σου
448 3817 529 3884 σῶμα
553 3817 600 3866 καὶ
617 3810 709 3884 τίμιόν
725 3828 778 3868 σου
794 3807 864 3885 αἷμα
882 3817 922 3875 είς
936 3812 1095 3887 μετάληψιν
1111 3823 1211 3888 ψυχῶν
1228 3824 1277 3874 καλ
1293 3810 1375 3920 σαρᾶ

122 3915 185 3950 των.
214 3895 272 3951 Ὅτι
288 3897 416 3969 ἡγίασται
433 3902 479 3952 καὶ
497 3893 704 3959 δεδόξασται
677 3918 706 3953 το
724 3898 864 3967 πιίντιμον
881 3903 927 3952 καὶ
943 3917 992 3970 με)
993 3902 1165 4002 αλοπρεπίς.
1194 3911 1308 3976 Sequitur
1323 3893 1373 3968 εὸχῇ

122 4000 168 4045 της
184 3978 350 4039 εὲςοδου
374 3990 402 4037 M.
423 3991 449 4040 G
468 3990 524 4037 Ven.
543 3988 591 4037 687
616 3997 672 4052 ροτι
689 3980 759 4055 ὑπὲρ
778 3987 825 4036 τοῦ
842 3985 992 4056 660666‘666:
1018 3983 1084 4054 εῦχή
1101 3985 1263 4056 ἁντιφοίνου
1280 3983 1373 4060 πρῶτον

120 4069 273 4134 μυστικῶς·
297 4064 412 4140 Κύριε
401 4088 415 4121 ο
438 4065 535 4128 Θεός“
523 4071 600 4138 ημῶν
619 4074 648 4134 (e.
663 4074 701 4132 15)
720 4088 766 4122 του
756 4070 878 4138 Ηίερεοις
894 4072 1023 4138 λέγοντος
1040 4071 1088 4136 τήν
1105 4067 1190 4139 εὐχήν
1205 4078 1337 4142 μυστικῶς
1349 4069 1373 4122 ὲν

121 4151 159 4216 τῷ
179 4145 289 4219 βήματι,
313 4151 344 4203 ἒν
367 4156 405 4218 τηῖ
422 4151 495 4219 αὐτῷ
511 4155 599 4221 καιρῷ
616 4150 630 4206 6
649 4151 779 4215 διάκονος
795 4156 868 4222 λέγει
885 4154 937 4214 ἔξω
955 4157 1003 4207 τοῦ
1018 4153 1142 4225 βήματος
1158 4154 1191 4207 τὰ
1209 4153 1339 4228 εἰρηνικά·
1353 4152 1371 4205 εί

121 4235 155 4287 δέ
170 4231 220 4287 οὐκ
237 4235 311 4287 ἔστιν
328 4231 462 4301 διάκονος,
480 4234 568 4306 ἱερεὺς
583 4236 652 4308 μετὲι
670 4236 718 4302 τὴν
735 4235 819 4306 εὐχήν
835 4242 909 4308 λέγει
927 4234 975 4305 τήν
992 4236 1152 4310 ἔκφιίνησιν
1167 4241 1216 4292 καὶ
1225 4240 1295 4311 μετὰ
1307 4241 1371 4294 ταῦτα

121 4318 154 4368 τὰ
170 4316 302 4388 εἰρηνική.
334 4318 506 4385 Ἀντιλαβοῦ·
532 4323 578 4417 της
594 4327 739 4390 παναγίας.
776 4328 885 4377 Chorus:
909 4325 963 4376 Σοί
980 4319 1073 4394 Κύριε.
1108 4329 1246 4381 Sacerdos:
1270 4319 1372 4388 ὅτιπρί·

120 4418 174 4456 πει
200 4401 283 4455 Μετὰ
301 4401 332 4455 τὸ
351 4402 503 4471 εἰρηνικὰ“
490 4424 505 4456 ο
520 4401 604 4473 χόρος
621 4401 721 4474 ψάλλει
738 4405 768 4459 τὸ
785 4410 897 4477 πρῶτον
914 4406 1106 4479 ἀντίφων’
1090 4430 1105 4476 η
1124 4407 1157 4463 τὰ
1175 4409 1276 4465 τυπααὲ
1293 4411 1316 4463 ελ
1329 4406 1372 4460 6⁶¹⁶

121 4486 244 4558 κυριακή,
261 4484 304 4539 εἴτ’
327 4475 379 4541 οὖν
395 4489 442 4551 τῆς
457 4483 571 4561 ἡμέρας.
