3044 4912
660 268 731 347 671

350 442 436 519 Εέτα
457 450 611 543 ἐπερωτᾷ
632 448 733 523 αῦτὸν
754 449 773 523 ό
796 450 912 545 ἱερεὺς,
934 453 1053 543 λέγων·

152 564 197 635 Τι’
216 568 417 657 προςῆλθες,
440 565 576 660 ἀῦελφέ,
604 568 825 661 προςπίπτων
851 576 899 662 τῷ
921 568 1005 664 άγίρι
1025 572 1256 666 θυσιαστηρίῳ
1276 575 1334 646 καὶ

95 670 103 757 ξ
124 662 205 758 άγίᾳ
225 667 364 761 συνοδίᾳ
384 667 506 762 ταύτης

145 764 352 857 Ἀπόκρισις.
394 777 525 841 Ποθῶν
544 772 603 840 τόν
623 772 699 861 βίον
719 780 780 863 τῆς
801 770 978 864 ἀσκήσεως,
999 772 1090 863 τίμιε
1110 773 1229 866 πάτερ.

145 866 332 961 Ἐρώτησις.
373 878 507 954 Ποθεῖς
527 870 718 965 ἀξιωθῆναι
736 882 797 944 τοῦ
819 872 990 965 ἀγγελικοῦ
1010 875 1177 967 σχήματος
1197 878 1255 948 καὶ
1273 902 1334 947 κα-

95 978 246 1061 ιταγηναι
267 973 302 1041 ἐν
322 980 371 1064 τῷ
389 980 478 1065 χορῷ
498 982 564 1042 τών
583 974 810 1063 μοναζόντωνς

144 1068 350 1163 Ἀπόκρισις.
392 1076 473 1158 Ναί,
497 1074 587 1164 τίμιε
607 1075 726 1167 πάτερ.

616 1209 783 1301 Οίερεός.

144 1321 269 1408 Ὄντως
295 1326 397 1395 καλόν
423 1323 518 1417 ἔργον
538 1330 594 1398 καὶ
614 1327 778 1420 μακάρων
798 1328 946 1413 ἐξελέξω,
977 1326 1047 1400 ἀλλ’
1070 1330 1129 1401 ἐὰν
1149 1332 1207 1403 καὶ
1226 1334 1333 1403 τελεω

95 1450 161 1521 της.
208 1428 260 1497 Τά
279 1428 341 1519 γάρ
363 1428 448 1498 καλά
470 1427 549 1518 ἔργα
569 1427 665 1522 κόπῳ
686 1438 828 1501 κτῶνται
847 1431 904 1501 καί
924 1429 1020 1524 πόνῳ
1040 1441 1297 1521 κατορθοῦνται

144 1526 331 1619 Ἐρώτησις.
372 1526 525 1623 Ἐκουσίρ
546 1556 606 1601 σου
627 1540 668 1623 τῇ
688 1530 799 1626 γνώμη
820 1534 982 1628 προςέρχη
1003 1542 1052 1625 τῷ
1072 1532 1205 1627 Κυρίρις

142 1626 349 1720 Ἀπόκρισις.
391 1632 471 1713 Ναὶ,
493 1631 583 1721 τίμιε
604 1634 723 1723 πάτερ.

142 1730 330 1824 Ἐρώτησις.
372 1732 434 1821 Μὴ
458 1731 494 1801 ἔκ
514 1759 605 1816 τινος
624 1732 774 1825 ἀνάγκης,
795 1731 818 1824 ἢ
837 1733 933 1822 βίαςς

142 1830 349 1923 Ἀπόκρισις.
396 1830 487 1918 Ου’γί,
509 1833 599 1921 τίμιε
619 1834 737 1926 πάτερ.

143 1930 331 2028 Ἐρώτησις.
370 1932 564 2027 Ἀποτάσση
591 1944 639 2027 τῷ
664 1936 778 2028 κόσμῳ
798 1937 855 2005 καί
875 1942 948 2018 τοῖς
968 1936 1004 2006 ἐν
1024 1943 1072 2027 τῷ
1093 1934 1217 2029 κόσμηι,
1247 1940 1333 2008 κατὰ

95 2064 119 2105 ν
140 2032 277 2127 ἐντολὴν
296 2043 357 2105 τοῦ
377 2036 523 2126 Κυρίους

141 2134 347 2229 Ἀπόκρισις.
390 2138 472 2221 Ναί,
493 2146 554 2208 τοῦ
577 2144 665 2209 Θεοῦ
686 2146 926 2229 συνεργοῦντος,
951 2136 1041 2227 τίμιε
1061 2136 1180 2230 πάτερ,

143 2236 331 2331 Ἐρώτησις.
373 2240 587 2329 Παραμένεις
614 2248 663 2331 τῷ
691 2238 901 2332 μοναστηρίῳ
931 2241 989 2310 καί
1019 2248 1059 2331 τῇ
1087 2237 1234 2331 ἀσκήσει,
1267 2242 1331 2324 ἐως

95 2339 201 2433 χάτης
221 2366 282 2411 σου
304 2339 493 2432 ἀναπνοῆςς

142 2440 348 2533 Ἀπόκρισις.
391 2444 472 2524 Ναί,
494 2440 585 2530 τίμιε
604 2441 722 2533 πάτερ.

142 2540 330 2635 Ἐρώτησις.
372 2543 496 2628 Σώζεις
520 2547 618 2631 μέχρι
644 2543 796 2615 θανάτου
823 2544 883 2635 την
904 2542 1054 2635 ῦπακοήν
1074 2550 1122 2635 τῷ
1142 2551 1332 2634 προεστώτι

95 2644 117 2715 ιλ
136 2644 230 2737 πάσῃ
251 2653 292 2737 τῇ
313 2645 348 2715 ἐν
367 2652 505 2735 Χριστηῦ
527 2642 748 2737 ἀῦελφότητις

142 2742 348 2836 Ἀπόκρισις.
391 2747 472 2828 Ναί,
494 2755 554 2816 τοῦ
577 2754 666 2818 Θεοῦ
686 2754 926 2837 συνεργοῦντος,
950 2744 1041 2836 τίμιε
1061 2744 1179 2837 πάτερ.

143 2845 328 2939 Ἐρώτησις.
368 2845 563 2934 Ὑπομένεις
590 2856 704 2919 πᾶσαν
729 2848 854 2941 θλίψιν
874 2850 930 2919 καὶ
951 2850 1169 2941 στενοχωρίαν
1189 2854 1250 2919 τοῦ
1267 2875 1333 2938 μο-

95 2947 180 3040 ἷροες
200 2947 287 3035 βίου,
311 2950 368 3018 ἀιά
389 2951 448 3041 τὴν
468 2950 642 3036 βασιλείαν
663 2958 730 3019 τών
751 2949 913 3038 οῦρανώνς

144 3048 348 3141 Ἀπόκρισις.
391 3052 472 3132 Ναὶ,
494 3059 555 3119 τοῦ
578 3057 666 3120 Θεοῦ
687 3059 928 3141 συνεργοῦντος,
950 3048 1041 3136 τίμιε
1061 3047 1179 3136 πάτερ.

144 3149 330 3243 Ἐρώτησις.
377 3151 560 3233 Θυλάττεις
581 3152 720 3221 σεαυτὸν
739 3152 775 3222 ἐν
795 3148 966 3243 παρθενίᾳ
986 3149 1043 3219 καὶ
1065 3147 1261 3243 σωφροσύνη
1274 3150 1333 3221 καὶ

95 3253 236 3346 λαβείᾳς

143 3353 348 3445 Ἀπόκρισις.
390 3354 471 3436 Ναί,
493 3361 553 3422 τοῦ
577 3359 665 3423 Θεοῦ
686 3362 928 3445 συνεργοῦντος,
949 3351 1040 3441 τίμιε
1060 3350 1178 3443 πάτερ.

471 3489 542 3558 Καὶ
563 3486 666 3570 εὐθὺς
685 3487 706 3577 ἡ
728 3488 913 3580 κατήχησις.

145 3592 270 3675 Βλέπε,
292 3596 413 3675 τέκνον,
436 3594 511 3672 οἵας
531 3590 699 3681 συνθήκας
720 3589 822 3672 ῦίῦως
841 3598 889 3681 τῷ
911 3588 1057 3681 δεσπότῃ
1078 3593 1226 3678 Χριστῷ.
1247 3580 1331 3677 ’Ἀγ-

95 3698 152 3764 λοι
173 3694 233 3784 γὰρ
255 3693 411 3784 πάρεισιν
433 3690 583 3780 ἀοράτως
605 3690 882 3784 ἀπογραφόμενοι
902 3693 961 3782 την
982 3689 1160 3780 ὁμολογίαν
1174 3715 1236 3759 σου
1250 3688 1331 3759 ταῦ-

95 3824 127 3879 ν,
155 3791 196 3887 ἣν
223 3797 279 3865 καί
306 3797 439 3882 μέλλεις
465 3793 690 3863 ἀπαιτεῖσθαι
711 3795 746 3863 ἐν
766 3802 806 3885 τῇ
828 3794 966 3886 δευτέρᾳ
986 3790 1158 3884 παρουσίᾳ
1178 3798 1238 3859 τοῦ
1259 3798 1330 3859 Κυ-

95 3924 135 3967 ου
162 3896 256 3989 ἡμῶν
281 3894 389 3988 Ἰησοῦ
415 3904 575 3986 Χριστοῦ.
615 3893 824 3987 Ὑφηγοῦμαι
857 3888 915 3965 οῦν
948 3918 1004 3964 σοι
1036 3894 1095 3985 τὴν
1121 3891 1330 3983 τελειοτάτην

95 4000 157 4091 ιη’ν,
180 4000 216 4069 ἐν
236 3992 258 4091 ᾖ
278 3999 362 4068 κατὰ
382 3996 520 4089 μίμησιν
541 3995 560 4088 ἦ
584 4002 645 4066 τοῦ
665 3994 792 4084 Κυρίου
814 3996 970 4066 πολιτεία
986 3993 1220 4065 ῦιαῦείκνυται.
1242 4000 1330 4063 Δια-

95 4099 327 4193 ιρτεροίμενος
354 4098 440 4189 άπερ
465 4101 525 4189 χρὴ
555 4096 781 4168 ἀσπάσασθαί
801 4123 839 4166 σε
859 4099 916 4167 καί
937 4090 1045 4184 ὦνπερ
1068 4098 1145 4166 δέον
1166 4098 1330 4187 ἐκφυγεῖν.

95 4200 274 4293 ’ἀποταγῆ
298 4199 407 4270 τοίνυν
429 4197 526 4269 οίόὲν
547 4196 627 4269 άλλο
651 4199 722 4269 ἐστὶ
742 4201 827 4269 κατὰ
848 4201 905 4269 τὸν
927 4198 1076 4281 εἰπόντα,
1109 4197 1205 4288 εἰμὴ
1228 4223 1330 4266 σταυ-

95 4312 121 4375 ῦ
150 4306 208 4374 καὶ
234 4303 385 4374 θανάτου
408 4301 598 4390 ἐπαγγελία.
640 4310 673 4369 Γ
671 4300 785 4370 ίνωσκε
808 4295 865 4369 οὖν
887 4299 956 4371 ἀπὸ
977 4309 1035 4391 τῆς
1056 4299 1227 4390 παροῦοης
1247 4297 1330 4389 ἡμέ-

95 4433 120 4488 ις
149 4414 382 4495 σταυροῦσθαι
408 4404 464 4472 καὶ
490 4412 691 4493 νεκροῦσθαι
718 4409 766 4493 τῷ
792 4400 921 4494 κόσμῳ,
951 4402 1008 4472 διὰ
1037 4410 1096 4493 τῆς
1120 4398 1330 4493 τελειοτάτης

95 4516 243 4597 τοταγης.
275 4503 467 4597 Ἀποτάσση
488 4505 550 4596 γάρ
572 4513 729 4594 γονεῦσιν,
751 4502 921 4597 ἀδελφοῖς,
944 4505 1081 4594 γυναικί,
1102 4506 1239 4587 τέκνοις,
1260 4526 1330 4573 πα-
