3044 4912
680 302 753 377 321

105 510 194 557 inum
222 489 395 573 summatim
424 487 579 569 expositae
604 486 652 551 rel
679 505 806 568 quorum
832 487 1001 553 viraemoa
1028 500 1161 570 emunt,
1187 513 1299 560 noman
1325 509 1356 565 at

105 593 341 658 immemoratio.
371 590 467 673 ‘Sane'
485 607 557 653 vero
579 589 655 652 haec
676 588 829 653 succincta
844 589 978 653 vitarum
999 594 1149 659 enarratio
1170 595 1203 659 in
1221 597 1355 665 Menoeis

105 714 204 777 reque
232 693 311 756 inter
333 692 471 756 Canones
497 690 667 773 postOdeu
688 680 802 755 santam
825 692 965 769 occurrit,
987 694 1042 757 sad
1062 708 1218 778 praeterea
1238 708 1356 769 vastum

105 814 276 863 onaeornm
302 793 442 857 volumen
469 800 562 855 totam
592 793 687 855 officii
714 792 824 857 seriem
847 794 982 859 eontinet
1002 814 1100 877 neque
1124 806 1171 863 ast
1191 801 1354 881 quoddle-

105 898 236 978 ologium
250 897 375 960 Menneu
396 894 624 977 permisceatur,
646 901 680 956 ut
694 894 805 958 lactum
821 903 876 958 est.
909 896 1016 960 Narrat
1028 897 1178 965 Batonius
1191 896 1230 965 'od
1244 920 1355 967 anuum

105 1002 156 1075 86,
184 997 330 1061 Basilium
350 996 543 1060 Macedonem
564 994 766 1074 lleuologium
793 996 987 1061 scribendum
1013 1016 1135 1065 curasse
1156 1012 1246 1085 atquo
1265 1004 1357 1069 eliam

105 1100 266 1181 paginibus
288 1117 461 1175 exornasse,
483 1097 592 1179 quibus
613 1096 800 1178 singulorum
816 1101 994 1164 Sanctorum
1009 1103 1248 1183 exprimerentur
1260 1115 1357 1169 cena·

105 1200 174 1266 dna.
218 1201 249 1263 Is
276 1200 356 1264 liber
383 1200 479 1263 lorma
508 1199 651 1281 quadrata
680 1199 711 1262 iu
742 1199 825 1263 loliis
845 1202 1034 1281 pergamenis
1057 1205 1257 1287 conscriptus,
1284 1207 1355 1271 olra-

105 1303 251 1367 rotemhus
280 1300 513 1381 elegantissimis
535 1300 632 1363 literis
655 1319 732 1382 quae
750 1301 894 1383 capitales
915 1313 1060 1369 vocantur
1081 1306 1181 1370 aureis
1203 1316 1233 1371 et
1254 1308 1356 1371 multis

105 1403 256 1469 liniaturis
283 1406 328 1481 (ut
352 1406 503 1485 pictorum
530 1421 604 1466 voce
632 1404 711 1480 utar)
740 1403 869 1483 insignis
897 1423 977 1469 nuno
998 1416 1168 1471 asservatur
1188 1409 1221 1471 in
1241 1408 1356 1473 Biblio-

105 1526 172 1572 reoa
201 1507 353 1570 lausana.
395 1504 598 1584 Menologium
626 1522 662 1567 ex
682 1504 815 1568 llenaeis
838 1505 1020 1569 Graecorum
1049 1520 1166 1572 erutum
1194 1518 1225 1573 et
1245 1510 1276 1574 iu
1297 1511 1356 1573 liu-

105 1628 173 1673 uam
202 1609 383 1671 Graecorum
416 1604 604 1669 vernaculam
634 1624 753 1669 versum
786 1626 804 1668 a
830 1607 958 1671 Maximo
984 1609 1128 1691 Margine,
1162 1611 1357 1692 cythararum

105 1711 243 1793 piscopo,
265 1709 360 1773 edidit
379 1708 528 1772 Antonius
548 1707 693 1771 Piuellus.
716 1707 848 1771 Venetiis
862 1712 953 1775 1529.
995 1711 1071 1774 Post
1090 1712 1239 1775 Pinellum
1260 1713 1357 1776 Gana-

105 1812 199 1886 rardi,
222 1810 332 1885 Condi,
358 1809 538 1873 assemanni
559 1808 640 1873 curis
660 1807 830 1888 llenologia
851 1808 883 1871 iu
903 1809 1001 1873 lucam
1023 1812 1180 1892 prodiere:
1213 1814 1358 1893 singulari

105 1913 175 1976 rude
197 1912 332 1974 ornanda
360 1917 407 1975 ast
429 1908 522 1973 editio
543 1910 697 1972 llarcellii.
740 1902 955 1995 Μηνολόγιον
976 1914 1043 1976 τῶν
1064 1904 1261 1996 εὐαγγελίων
1282 1905 1359 1998 ἑορ-

106 2015 250 2079 mansis
276 2033 301 2075 s.
323 2010 563 2088 Kalendarium¹l
590 2010 743 2073 Ecclesiae
772 2011 1121 2094 Constantinopolitanae
1143 2015 1181 2076 ll.
1211 2033 1358 2077 annorum

106 2125 233 2180 etustate
261 2114 389 2194 insigne,
416 2112 557 2195 primitus
587 2111 812 2175 eliilrliothsca
834 2113 967 2185 Romana
987 2114 1170 2177 Albanorum
1199 2114 1230 2177 iu
1259 2115 1358 2178 lucem

105 2219 201 2281 ditum
222 2223 254 2279 et
274 2226 407 2278 veterum
419 2222 679 2276 monumentorum
694 2214 918 2294 comparatione
937 2215 1113 2295 diurnisque
1134 2216 1359 2279 commentariis

105 2318 267 2383 llustratum
297 2335 368 2381 cura
395 2315 522 2397 Steph.
550 2315 630 2377 Ant.
650 2314 834 2378 Marcelli.
877 2316 953 2379 Voll'.
975 2316 1014 2378 ll.
1056 2316 1169 2379 Romae
1193 2318 1284 2382 1788.
1327 2322 1358 2382 4.

105 2420 204 2484 lamen
226 2438 302 2499 opus
317 2417 537 2480 Marcellianum
559 2417 682 2498 proprie
702 2435 765 2480 nou
779 2426 826 2481 est
840 2416 1040 2497 llenologium
1055 2418 1109 2481 sed
1123 2437 1194 2498 pars
1209 2419 1360 2500 posterior

105 2520 324 2602 lraugelistarii,
347 2539 423 2600 quae
445 2520 623 2582 Sanctorum
645 2518 823 2582 festivitates
846 2519 1065 2600 complectitur.

172 2623 248 2685 XIV.
269 2620 557 2700 anthologium,
578 2610 865 2703 Ἀνθολόμιον,
888 2620 1016 2683 maxime
1035 2622 1208 2685 necessaria
1229 2621 1359 2685 elloro-

105 2725 181 2805 ogio,
202 2723 336 2787 Menaeis
359 2733 389 2788 et
402 2722 588 2786 Paracletico
610 2721 773 2803 praecipue
795 2740 979 2785 summarum
1001 2722 1194 2786 festivitatum
1217 2723 1317 2787 oillcia
1330 2731 1362 2786 et

105 2825 318 2907 praedicuntur
339 2825 508 2888 communia
530 2824 685 2903 congessit
705 2841 760 2903 pro
783 2824 840 2887 iter
861 2823 1018 2903 agentibus
1040 2835 1071 2886 et
1092 2824 1169 2898 aliis,
1193 2825 1243 2905 qui
1267 2826 1358 2887 choro

105 2937 238 2991 uteresse
259 2935 388 3008 possunt
407 2925 455 2990 rel
476 2924 671 2988 maximorum
692 2925 876 2989 voluminum
891 2925 1071 3005 aliquapinm
1087 2925 1204 2988 ratione
1218 2942 1361 3005 premun-

105 3049 137 3092 ur
156 3028 309 3092 molestia.
352 3027 556 3106 Florilegium,
588 3026 668 3108 quod
692 3026 723 3088 in
744 3025 841 3088 Nealii
863 3024 1001 3088 manibus
1023 3034 1078 3099 est,
1107 3044 1281 3106 expressum
1303 3027 1360 3088 Ve-

105 3132 180 3194 retiis
204 3132 286 3195 1838
310 3128 498 3210 amplectitur
519 3127 608 3190 haec:
635 3121 705 3202 Τὰς
726 3119 761 3190 ἐν
781 3127 829 3210 τῷ
848 3118 1036 3211 μηνολογίυρ
1064 3116 1270 3203 ἀκολουθίας
1296 3127 1362 3190 τῶν

105 3230 297 3297 λεοποτικῶν
316 3225 373 3296 καί
393 3229 643 3314 θοομητορικαῖν
664 3220 798 3311 ἑορτῶν,
818 3220 876 3290 καὶ
896 3228 961 3289 τῶν
983 3219 1227 3311 ἑορταζομένων
1248 3220 1361 3312 ἁγίων,

105 3329 145 3398 :oi
171 3354 265 3409 τινας
294 3334 362 3396 τῶν
388 3327 423 3396 ἐν
447 3323 602 3416 Τραρδίομ
628 3323 685 3393 καί
706 3321 974 3414 ποντηκοοταρίῳ
995 3325 1200 3393 δεσποτικῶν
1221 3323 1362 3415 ἑορτῶν·

105 3431 133 3498 :d
154 3430 271 3500 ἕνδεκα
293 3427 422 3498 ἑωθινὰ
443 3425 633 3515 εὐαγγέλια·
660 3425 722 3506 τὰς
741 3432 801 3515 alig
821 3421 987 3515 ὀκνωήχου
1009 3421 1255 3511 ἀνασναοιμοὺς
1283 3424 1362 3494 ἀκο-

105 3531 251 3612 λουθίας·
278 3531 340 3611 τὰς
364 3528 415 3611 είς
434 3526 548 3618 ἁγίους
567 3527 612 3618 μὴ
637 3524 895 3618 ἑορταζομένους
923 3523 1113 3613 ἀνωνύμους
1140 3523 1362 3607 ἀκολουθίας·

105 3633 150 3722 nir
177 3634 211 3703 ἐν
239 3629 367 3721 ἑκάστῳ
393 3629 502 3724 ἡμέρα
528 3637 588 3721 τῆς
615 3626 803 3716 ἑβδομάδος
829 3624 1049 3697 ἀκολουθίαν·
1076 3627 1134 3696 καὶ
1160 3626 1221 3697 ἐπὶ
1246 3628 1363 3709 τέλους

105 3736 170 3815 τοὺς
197 3733 258 3804 δίο
285 3732 550 3825 παρακλητικοὺς
575 3729 717 3812 κανόνας
745 3737 805 3820 τῆς
825 3725 1001 3799 θεοτόκου.

178 3838 239 3906 XV.
261 3841 537 3922 Panegyricus,
559 3829 863 3924 Πανηγυρικόν,
886 3837 1020 3899 continet
1041 3837 1219 3898 Sanctorum
1241 3835 1363 3897 Petrum

105 3944 271 4007 stallorum
293 3944 474 4024 scriptorum
496 3941 658 4005 celebrium
682 3940 713 4002 in
728 3938 839 4002 Christi
854 3938 974 4000 Domini
998 3948 1029 4000 et
1043 3941 1220 4000 Sanctorum
1241 3936 1363 3999 sollem-

105 4043 202 4109 nitates
230 4065 395 4109 sermones.
438 4044 544 4108 Varius
573 4053 620 4107 est
646 4060 701 4123 pro
732 4040 927 4104 ecclesiarum
952 4038 1096 4102 varietate
1118 4057 1153 4101 ac
1173 4038 1285 4120 pietate
1306 4056 1364 4101 uec

181 4231 520 4298 nidernmunster.
539 4229 830 4296 p.8:„Graeriserlem
849 4225 1264 4279 dierumlestorumllalrndarium
1282 4237 1365 4274 axor-
1409 4284 1415 4291 Ι

107 4311 281 4387 λονδολόγιαν
298 4337 347 4372 non
366 4321 455 4380 disere,
474 4316 540 4383 quod
557 4315 622 4381 apud
639 4328 682 4365 eos
700 4315 802 4380 prolana
819 4328 862 4363 rou
880 4320 954 4371 esset,
971 4327 1016 4363 neo
1034 4325 1087 4361 eam
1104 4311 1243 4361 Latinorum
1256 4307 1365 4359 moraad

105 4415 165 4458 sarra
181 4407 349 4458 traduxerunt:
368 4401 571 4471 quamadmodum
589 4399 696 4452 declarat
715 4415 766 4451 can.
776 4396 793 4449 3
810 4397 940 4465 Nicephori
957 4396 1138 4448 Conlessionis:
1155 4386 1204 4457 κήν
1221 4382 1366 4443 ἀποκάλυ-

107 4490 153 4548 ψιν
166 4506 214 4542 sov
203 4483 347 4555 Παύλου
364 4486 412 4539 καὶ
428 4481 461 4538 adr
479 4475 618 4552 λεγόμενα
639 4477 822 4552 βροννολόμεα
845 4481 894 4534 καὶ
909 4468 1144 4587 neareonpagon*
1126 4496 1144 4543 η
1160 4472 1365 4546 καλανδολόγοα

105 4567 363 4649 “viriditates
378 4569 481 4639 uasta
495 4562 552 4639 ric
568 4582 670 4653 ww
1143 4653 1182 4707 tt
