3044 4912
804 226 853 303 26

194 433 348 477 sacrorum
371 413 469 485 rerba,
493 431 566 492 quae
587 412 631 487 ad
645 410 727 475 solos
748 412 916 494 Episcopos
938 420 969 474 et
990 411 1166 476 Sacerdotes
1189 411 1371 492 spectabant.
1403 412 1467 476 00·

193 517 287 579 currit
307 516 339 578 in
360 515 526 597 primorum
548 512 733 576 sacerdorum
753 513 889 577 historiis
911 514 1151 594 frequentissima
1172 513 1339 578 traditionis
1361 532 1468 577 sacro-

193 636 261 680 rum
283 616 466 680 voluminum
487 614 643 690 memoria,
663 614 700 678 de
720 630 777 696 qna
799 615 910 677 tamdiu
931 634 997 678 cnm
1011 614 1175 678 Donatistis
1198 624 1341 678 certatum
1361 616 1417 679 init
1430 616 1467 679 ab

192 719 339 787 Africanis
353 717 500 782 Patribus.
541 717 634 779 Erant
655 716 697 778 illi
719 735 820 780 sacrae
841 717 1006 798 scripturae
1027 717 1157 793 codices,
1178 725 1208 780 et
1229 717 1326 781 nudus
1349 736 1467 781 memo·

193 822 257 893 riae
277 821 418 902 prodidit,
440 819 605 888 interillos
627 818 876 882 Sacramentalem
897 818 990 881 ullum
1011 818 1149 882 traditum
1172 819 1341 882 infidelibus
1361 818 1467 894 fuisse,

193 921 302 1003 quibus
323 922 397 985 baec
409 920 608 985 Ecclesiamm
630 919 725 1002 spolia
747 921 861 983 cariora
882 919 970 1000 longe
990 921 1088 984 lutura
1101 921 1239 994 luissent,
1261 939 1349 1001 quam
1364 939 1466 985 exem-

192 1023 285 1107 plaria
306 1022 470 1105 scripturae
490 1040 603 1096 sacrae,
626 1021 710 1085 cuins
733 1021 975 1102 qualeorcumque
995 1022 1195 1101 cognitionem
1215 1020 1374 1085 hebebant.
1408 1021 1467 1097 Qui

192 1124 271 1188 enim
292 1143 348 1206 per
369 1132 515 1188 tormenta
536 1122 742 1187 aGbristianis
764 1132 846 1187 tanto
868 1123 968 1187 studio
991 1122 1227 1199 sciscitabantur,
1248 1122 1318 1203 qnid
1340 1123 1372 1186 in
1387 1123 1466 1205 Syn·

191 1225 297 1289 axibus
329 1235 475 1306 ageretur,
509 1225 608 1287 omnia
630 1244 665 1287 ex
687 1225 770 1287 libris
793 1224 1060 1288 sacramentalibus
1083 1226 1160 1287 scire
1181 1225 1360 1306 potuissent,
1387 1243 1465 1305 quo·

192 1326 408 1393 ruminastis
431 1327 599 1406 Martyrum,
621 1333 672 1388 snt
692 1326 722 1388 in
746 1326 846 1390 Gestis
868 1336 971 1390 contra
986 1326 1155 1389 Donatistas
1177 1327 1289 1391 nullum
1312 1334 1393 1390 extat
1411 1343 1466 1413 se·

190 1429 343 1510 stigium.“

278 1528 438 1609 Conspirat
459 1546 525 1591 cum
541 1527 716 1591 Renaldotio
733 1527 958 1609 Bingbamns
980 1530 1014 1604 V,
1033 1531 1093 1593 116
1105 1546 1151 1608 sq.
1174 1527 1224 1608 qni
1246 1526 1358 1589 multus
1374 1527 1467 1589 estin

192 1640 368 1712 argumento
390 1630 426 1694 ab
447 1628 706 1712 persecutionibus
728 1629 885 1711 desumpto
909 1631 1081 1712 explicatius
1097 1629 1283 1711 exponendo.
1312 1627 1468 1691 Laudabili

192 1741 292 1797 tamen
315 1732 451 1795 cautione
472 1731 545 1794 baec
565 1740 681 1795 monet:
714 1732 806 1809 „Nos
828 1733 1064 1797 concludendum
1086 1731 1155 1795 iios
1175 1741 1221 1795 est
1242 1732 1313 1812 (quo
1334 1730 1469 1794 imbecil-

181 1834 232 1899 'ls's
254 1838 369 1917 inperii
388 1835 520 1897 iomirses
542 1835 679 1916 sortasse
699 1833 901 1910 isselirsniust)
923 1835 1002 1917 quod
1022 1833 1127 1897 nullos
1149 1835 1215 1897 ideo
1231 1833 1381 1915 liturpiss,
1404 1835 1468 1913 sios

192 1947 291 2002 stotos
313 1937 410 2000 dissiti
429 1934 528 1999 cultus
549 1936 669 2016 formos
693 1935 771 1998 iisse
793 1936 977 2000 turbulentis
993 1936 1177 2018 temporibus
1194 1920 1374 1999 induerint:
1397 1936 1468 2015 quio

115 2072 119 2083 ·
192 2038 363 2101 clarissim
386 2038 563 2101 documento
582 2040 616 2100 iu
637 2041 828 2100 eontrarium
849 2048 1013 2119 suppetunt
1029 2071 1119 2083 --
1142 2037 1202 2100 Sed
1217 2038 1271 2100 ios
1285 2035 1385 2099 solum
1399 2035 1470 2097 iude

192 2139 334 2205 ensebii
354 2147 483 2219 oportet,
505 2139 585 2220 quod
607 2156 656 2201 eos
677 2156 741 2200 rou
761 2142 805 2201 ito
824 2143 991 2220 sesmotim
1017 2139 1115 2202 literis
1146 2140 1398 2219 eomipsmoerirst,
1421 2140 1472 2200 uti

192 2242 309 2323 quidem
330 2240 521 2322 sequentibus
542 2238 681 2313 surculis,
704 2240 757 2304 sed
776 2244 951 2304 immoritur
972 2250 1091 2304 tortum
1111 2239 1175 2302 illis
1196 2244 1249 2302 usi
1267 2250 1349 2311 sust,
1368 2238 1469 2321 pisis·—

193 2362 248 2425 pus
266 2361 324 2423 per
345 2352 450 2405 mrtom
470 2350 499 2405 et
522 2351 710 2404 constantem
732 2346 850 2422 procis
865 2345 1024 2405 certiorem
1038 2360 1144 2404 eomsm
1157 2344 1296 2407 sotitiom
1311 2340 1466 2413 dederirrt;

123 2510 129 2523 ¹
192 2443 438 2526 quemadmodum
459 2441 544 2505 iodie
557 2440 650 2504 multi
657 2445 868 2522 precationum
880 2441 1026 2522 formulis
1040 2453 1184 2514 utuntur,
1208 2443 1304 2505 litem’s
1317 2461 1368 2504 eos
1383 2442 1469 2504 ioud

193 2549 434 2625 compunctos.“

278 2643 332 2706 Cui
360 2642 525 2705 sententiae
554 2659 619 2703 cnm
642 2660 659 2705 a
681 2642 781 2706 multis
802 2641 874 2704 viris
897 2642 1003 2717 doctis,
1011 2645 1032 2721 ¹)
1054 2652 1117 2706 tom
1140 2645 1312 2727 nuperrime
1330 2645 1469 2725 plausum

193 2753 241 2810 est
266 2764 284 2807 a
313 2742 542 2806 'l'bierscbio
569 2742 726 2823 llircbeng.
748 2743 773 2805 l.
800 2764 829 2825 p.
846 2747 924 2809 297:
961 2745 1046 2818 „Wie
1076 2750 1125 2809 sire
1154 2746 1245 2824 jeder
1283 2747 1385 2810 Cirist
1422 2749 1471 2810 isi

193 2849 249 2912 der
273 2846 369 2926 leuse
400 2845 453 2907 dns
479 2843 567 2909 Voter
592 2844 691 2908 Uoser
721 2846 785 2908 uod
817 2847 872 2909 dos
901 2846 1075 2927 Symbolum
1107 2847 1261 2911 miudlici
1291 2848 1469 2928 mitoetieilt

193 2950 304 3025 irione,
335 2966 386 3010 um
414 2965 445 3010 es
472 2949 513 3008 im
534 2945 812 3011 Hersensssireirse
839 2967 881 3010 zu
910 2949 1076 3021 ierooirm,
1110 2968 1144 3012 so
1165 2955 1289 3014 missso
1309 2951 1388 3013 nuci
1410 2952 1468 3014 deu

192 3050 352 3114 Prissterrs
373 3051 419 3111 die
439 3052 657 3128 Arusisursyers
678 3067 741 3111 zur
755 3049 842 3112 Feisr
864 3051 918 3112 der
934 3051 1100 3130 Mysteriers
1114 3051 1268 3115 miodir'ci
1282 3061 1470 3117 nocertrout

191 3154 318 3216 socrdem
348 3155 421 3214 seire.
465 3149 579 3229 nestor
600 3149 717 3231 sprs'sit
738 3151 833 3214 scion
855 3152 900 3214 die
917 3151 1057 3229 judiscie
1079 3152 1136 3214 Art
1158 3152 1213 3216 der
1239 3152 1469 3234 linterneisoup

191 3257 225 3317 irs
248 3254 305 3316 ders
325 3251 494 3315 miscuere
515 3252 571 3314 der
595 3248 695 3323 Vites,
718 3252 826 3316 rosicis
846 3252 1073 3317 Joiriunderte
1096 3253 1166 3334 lersy
1187 3254 1265 3317 eius
1286 3254 1470 3336 dusseirei-

193 3356 274 3436 iuno
310 3371 372 3416 coss
393 3352 488 3414 Mursd
518 3371 560 3413 zu
582 3351 678 3415 Mursd
697 3356 784 3434 pium
819 3354 920 3418 iiemit
941 3359 1054 3418 atimmt
1073 3355 1182 3436 sereser
1203 3357 1250 3419 die
1273 3356 1359 3438 lotape
1380 3359 1468 3436 sort-

190 3464 321 3539 peruste
341 3454 511 3517 mindiisie
526 3453 708 3534 Brudiluuy
730 3455 784 3517 der
802 3454 1037 3521 Wundertiotes
1053 3456 1176 3520 Ciristi.
1213 3456 1283 3520 Nur
1296 3477 1331 3520 so
1345 3458 1468 3538 plouite

189 3576 262 3621 mess
284 3559 331 3621 dis
352 3557 479 3636 ieiliyerr
502 3555 705 3637 Houdlunyes
728 3558 782 3619 der
802 3556 942 3626 Ciristm
963 3576 1022 3620 vor
1036 3558 1233 3639 Estmeiiusp
1250 3559 1402 3623 'scirtium
1424 3580 1467 3623 su

191 3658 321 3723 iissem.
350 3656 510 3722 Asiaticis
534 3655 683 3738 Vorsoros
703 3676 770 3721 soor
790 3663 824 3721 iss
845 3660 902 3723 ders
916 3658 1081 3739 Mystsriers
1103 3661 1157 3723 der
1170 3659 1286 3724 Heidere
1303 3664 1466 3746 ostroffm.

192 3759 266 3823 Meu
286 3760 397 3823 iorsrste
418 3760 490 3823 aler
514 3761 576 3838 nus
593 3761 701 3824 diesem
725 3758 807 3839 Wsye
829 3761 875 3823 die
900 3759 1050 3824 Wuirieit
1071 3761 1208 3824 wariliei
1228 3762 1288 3842 eus
1305 3762 1468 3827 ioiriurs-

192 3862 276 3924 deris
306 3861 406 3925 sicier
435 3860 552 3930 stelles,
585 3878 647 3923 uos
679 3864 713 3924 iu
742 3861 796 3924 der
827 3862 992 3925 mederum
1012 3862 1079 3943 Zeit
1101 3862 1184 3925 uicit
1213 3863 1301 3927 meir
1330 3864 1468 3945 oeliuoeu

191 3962 305 4026 uiris.
351 3962 423 4025 Mors
449 3960 561 4025 iorme
589 3980 620 4024 es
646 3965 689 4024 im
710 3960 891 4034 Aitsrtium,
924 3963 994 4026 weil
1020 3964 1067 4026 die
1088 3962 1220 4046 liiidusp
1241 3964 1320 4029 uoci
1341 3984 1375 4027 so
1400 3971 1466 4028 eiss-

136 4146 139 4151 ,
189 4062 272 4159 susi,
295 4064 342 4125 die
355 4060 452 4143 Krost
472 4062 523 4127 iss
538 4061 767 4127 deditissimus
789 4064 868 4127 uoci
888 4063 1131 4144 unsersplittert,
1154 4064 1199 4129 die
1216 4064 1317 4130 discit
1330 4067 1386 4130 der
1400 4068 1463 4130 du-

188 4180 491 4217 ““““““““ᾝ““““

278 4233 303 4296 1)
319 4200 503 4285 abstrusis
516 4212 609 4285 nuent.
627 4234 736 4285 lrcbiol.
755 4232 839 4299 pass
857 4233 1049 4298 „lilelitnrgien
1067 4236 1186 4300 pllsnsten
1204 4235 1369 4300 sichlnimgs
1388 4237 1466 4288 durch

190 4316 231 4368 dle
247 4310 403 4385 παράδοσις
419 4308 551 4385 ἄγραφος
566 4317 623 4369 lort.
657 4318 713 4371 Erst
735 4318 768 4369 lm
785 4319 875 4369 elersen
893 4319 1053 4370 labrbuodert
1070 4322 1184 4373 sebeioeo
1202 4321 1238 4370 sie
1256 4320 1466 4384 oiedergesebrie·

189 4400 236 4450 beo
267 4416 296 4452 sn
325 4400 406 4455 sein-‘⁶
444 4400 523 4453 ideas
547 4417 643 4468 qnoque
665 4402 854 4487 lidbsnsrnsn
878 4404 895 4455 l.
912 4420 932 4456 c.
950 4420 974 4470 p.
991 4404 1094 4471 202sq.
1125 4396 1232 4471 eiusdem
1262 4408 1396 4458 sententiae
1419 4422 1465 4472 pa-

190 4492 297 4537 tronum.
695 4492 724 4559 i*
757 4518 765 4559 ¹.
1088 4498 1094 4509 ’
