3044 4912
727 238 800 315 348

144 468 151 485 ·
214 434 253 506 Ὁ
273 433 381 524 χορός,
432 415 544 518 Κύριε
569 421 726 518 ἐλέησον.

213 520 327 624 Κύριε
359 520 639 618 παντοκράτωρ,
674 524 693 598 ὃ
723 523 810 608 Θεὸς
842 532 919 599 τῶν
952 525 1124 623 πατέρων
1157 526 1278 623 ἡμῶν,

130 623 234 725 μεθοί
260 652 342 714 σου,
367 621 587 714 ἐπάκουσον,
612 624 676 699 καί
700 626 857 722 ἐληέσον.

206 729 375 823 Ἐλέησον
398 725 496 821 ἡμᾶς
521 724 542 800 ὸ
571 726 669 816 Θεὸς,
695 727 787 801 κατὰ
812 726 855 802 τὸ
881 730 975 830 μέγα
1001 724 1095 811 ἐλεὸς
1123 753 1204 817 σου,
1238 732 1295 803 ἐπε

132 854 211 919 σον,
237 828 301 903 καί
325 827 482 924 ἐλέησον.

512 954 598 1047 Εὐχή
620 963 680 1048 τῆς
701 958 848 1040 ἐκτενοῧς
868 957 1003 1040 ἱκεσίας.

211 1058 324 1161 Κύριε
351 1061 371 1138 ὸ
401 1061 488 1145 Θεὸς
510 1062 631 1158 ἡμῶν,
667 1061 735 1159 τήν
761 1067 884 1158 ἐκτενῆ
909 1061 1050 1160 ταύτην
1074 1064 1217 1140 ἱκεσίαν
1243 1094 1295 1162 πρ.

130 1169 187 1251 ξαι
213 1164 314 1266 παρὰ
339 1172 417 1240 τῶν
443 1171 522 1238 σῶν
547 1161 705 1252 δούλων,
732 1165 794 1239 καὶ
819 1169 966 1261 ἐλέησον
989 1165 1098 1262 ἡμᾶς,
1124 1165 1220 1240 κατὰ
1247 1167 1288 1241 τὸ

128 1271 199 1350 θος
231 1275 299 1341 τοῦ
332 1267 452 1350 ἐλέους
484 1292 565 1352 σου,
598 1264 676 1339 καί
708 1266 816 1350 τοὺς
842 1264 1116 1364 ολκτιρμούς
1142 1293 1225 1342 σου
1251 1298 1295 1344 κο

128 1388 314 1466 πεμφον
349 1367 415 1463 ἐφ’
445 1365 584 1461 ἡμᾶς,
618 1366 695 1440 καί
730 1367 803 1441 ἐπὶ
838 1366 988 1443 ποίντα
1024 1367 1106 1444 τὸν
1141 1367 1255 1445 λαόν
1289 1401 1295 1444 ι

127 1470 209 1559 τὸν
244 1465 619 1562 ἀπεκδεχόμενον
653 1466 702 1541 τὸ
738 1469 859 1567 παρὰ
897 1477 979 1544 σοῦ
1011 1467 1238 1546 πλούσιον
1270 1473 1295 1546 ἐ.

128 1574 203 1668 (lac.
232 1574 304 1667 22).

126 1694 129 1699 ’
202 1671 278 1744 Ἔτι
310 1666 476 1766 δεύμεθα
507 1667 599 1769 ύπέρ
624 1677 691 1744 τοῦ
717 1667 1002 1770 ἀρχιεπισκόπου
1026 1671 1136 1767 ήμῶν
1162 1693 1235 1765 (τοῦ
1263 1690 1295 1755 δι

127 1780 195 1847 τοῦ
220 1771 344 1870 τιμίου
370 1770 647 1869 πρεσβυτερίου.
1234 1857 1239 1867 .

202 1875 278 1948 Ἔτι
303 1868 468 1970 δεόμεθα
493 1872 585 1971 ὑπὲρ
610 1881 689 1949 τῶν
715 1872 890 1969 ἀδελφῶν
914 1869 1035 1967 ἡμῶν,
1071 1880 1150 1947 τῶν
1174 1874 1295 1968 ἱερέων

128 1972 363 2075 ρομονοίχων,
388 1974 451 2049 καί
475 1972 593 2072 πάσης
617 1982 681 2071 τῆς
706 1976 746 2048 ἐν
770 1979 923 2070 Χριστῷ
949 1972 1057 2069 ἡμῶν
1082 1973 1295 2075 ἀδελφότητι

191 2079 268 2151 Ἔτι
290 2074 455 2174 δεύμεθα
473 2076 564 2175 ὑπὲρ
581 2076 701 2161 ἐλέους
719 2075 824 2172 ζωῆς,
851 2070 1006 2173 εέρήνης,
1031 2073 1169 2178 ὑγείας,
1197 2102 1295 2175 σωτη

126 2180 359 2277 ἐπισκέψεως,
394 2175 659 2280 συγχωρήσεως
691 2177 754 2252 καὶ
788 2177 952 2273 ἀφέσεως
977 2175 1173 2275 ἁμαρτιῶν
1198 2189 1277 2255 τῶν

127 2288 203 2356 λων
228 2289 295 2354 τοῦ
324 2286 416 2355 Θεοῦ
441 2289 519 2355 τῶν
545 2278 719 2378 ἀδελφῶν
743 2286 807 2374 τῆς
833 2276 941 2406 ἀγίας
963 2286 1081 2374 μονῆς
1106 2277 1253 2377 ταύτης.

200 2383 277 2456 Ἔτι
309 2379 476 2476 δεόμεθα
502 2380 593 2478 ὑπὲρ
619 2388 697 2455 τῶν
722 2407 929 2477 μακαριων,
962 2378 1024 2453 καί
1051 2379 1238 2476 ἀοιδίμων
1261 2412 1295 2457 κι

127 2512 205 2579 ρων
237 2491 302 2579 τῆς
333 2480 441 2582 ἀγίας
474 2491 592 2577 μονῆς
623 2479 770 2578 ταύτης,
802 2480 865 2555 καὶ
897 2478 989 2577 ὑπὲρ
1015 2480 1170 2557 πάντων
1196 2493 1274 2559 τῶν

127 2584 451 2677 αναπαυσαμένων
483 2584 664 2678 πατέρων,
696 2583 758 2656 καί
791 2581 966 2680 ἀδελφῶν
990 2582 1110 2678 ήμῶν,
1145 2594 1223 2659 τῶν
1249 2590 1295 2661 ἐν.

126 2685 287 2780 εὐσεβῶς
310 2683 500 2777 κειμένων,
526 2684 588 2757 καί
615 2683 830 2777 ἁπανταχοῦ
858 2682 1086 2780 ὸρθοδύξων.

201 2786 275 2857 Ἔτι
319 2782 484 2879 δεύμεθα
527 2783 638 2882 ὑπὲρ
681 2794 773 2859 τῶν
814 2783 1268 2884 καρποφορούντων,

125 2882 529 2987 καλλιεργούντων
556 2890 629 2981 (Iac.
650 2890 709 2984 22)
737 2890 777 2962 ἐν
803 2894 855 2983 τῷ
884 2886 978 2988 ἁγίῳ
1004 2887 1065 2961 καί
1092 2891 1289 2986 πανσέπτφ

125 2984 256 3086 τούτῳ,
292 2985 520 3076 κοπιώντων,
557 2986 788 3086 φαλλόντων,
824 2988 886 3061 καί
922 2988 1011 3084 ὑπὲρ
1048 2998 1114 3062 τοῦ
1150 3017 1294 3088 περιεστ

125 3098 229 3179 λαοῦ,
262 3099 329 3164 τοῦ
363 3090 655 3186 ἀπεκδεχομένου
688 3089 730 3164 τὸ
764 3090 863 3185 παρὸ
890 3094 958 3163 σοῦ
984 3091 1077 3192 μέγα
1112 3092 1174 3164 καί
1212 3101 1295 3166 πλοι

124 3193 229 3274 ἔλεος.

647 3285 857 3379 Ἔκφῶνηοις.

198 3391 280 3467 Ὅτι
314 3387 487 3486 ἐλεήμων,
520 3393 583 3465 καί
615 3392 882 3492 φιλάνθρωπος
912 3391 997 3474 Θεὸς
1022 3391 1207 3490 ἀπείργεις,
1241 3394 1295 3469 καί

122 3493 191 3589 τήν
217 3490 331 3576 δόξαν
349 3493 625 3587 ἀναπέμπομεν,
643 3503 695 3591 τῷ
714 3492 837 3591 πατρὶ,
864 3494 925 3565 καὶ
943 3502 995 3590 τῷ
1013 3496 1096 3590 υἱῷ,
1122 3497 1185 3569 καί
1211 3506 1263 3593 τῷ
1291 3533 1295 3567 ι

122 3591 317 3691 πνεύματι,
343 3602 415 3671 νῦν
440 3594 502 3668 καί
529 3596 596 3684 ἀεί,
623 3596 684 3669 καὶ
711 3601 759 3678 είς
784 3595 869 3677 τοὺς
895 3600 1034 3678 αἰῶνας
1057 3604 1135 3670 τῶν
1162 3596 1295 3674 αἰῶνωι

646 3743 683 3811 Ὁ
706 3743 867 3822 διάκονος.

205 3849 294 3921 ΧΧΙ.
322 3848 537 3930 Εύξασθε
565 3849 605 3921 οἱ
630 3844 970 3943 κατηχούμενοι
998 3856 1051 3945 τῷ
1078 3850 1218 3946 Κυρίῳ.

208 3949 253 4024 Οἱ
279 3948 399 4022 πιστοὶ
425 3947 536 4047 ὑπὲρ
562 3958 653 4023 τῶν
678 3949 1035 4045 κατηχουμένων
1062 3950 1295 4047 δεηθῶμει

194 4048 287 4124 Ἵνα
313 4049 333 4123 ὃ
359 4047 530 4148 Κύριος
556 4049 724 4133 αὐτούς
749 4048 919 4146 ἐλεήσῃ.

121 4322 259 4372 collectam:
283 4314 367 4387 Κύριε
385 4315 400 4371 ὸ
421 4316 497 4377 Θεός.
532 4325 556 4373 Si
575 4325 708 4385 rogaverint
725 4324 873 4374 sacerdotem
893 4332 917 4373 ιιι
935 4333 986 4374 oret
1003 4340 1047 4389 pro
1066 4325 1179 4375 defuncto
1198 4328 1295 4392 quodam

121 4396 293 4469 ἐκφιύνησιν·
312 4397 354 4454 ι’ίιι
371 4398 495 4470 ἐλεήμων
512 4416 565 4457 orat
582 4424 626 4471 pro
645 4409 722 4456 anima
741 4410 800 4458 eius.

206 4490 263 4554 Cup.
281 4492 342 4541 ΧΧΙ.
374 4490 418 4541 [λλ.
436 4489 512 4541 Clem.
531 4506 551 4541 c.
561 4490 584 4544 3.
594 4491 618 4541 4.
629 4492 651 4543 5.
686 4491 802 4542 conferas
821 4501 944 4558 praeterea
963 4494 1042 4545 locum
1062 4496 1225 4560 Chrysoslomi
1243 4497 1294 4562 p.5
