3044 4912
724 242 797 319 teo

207 431 366 495 Consuetis
388 429 483 511 signis
504 429 695 493 indicavimus
717 430 910 510 apostolicam
932 431 1021 493 officii
1037 438 1162 512 partem,
1184 428 1373 492 Alexandrina

124 535 265 599 ecclesiae
287 533 472 607 traditiones,
495 532 623 611 denique
645 532 752 594 saeculi
775 533 872 613 quarti
893 540 923 594 et
944 533 1037 613 quinti
1055 532 1265 608 additamenta,
1287 542 1373 595 tamen

123 647 158 699 ut
177 636 327 699 existimat
346 634 538 698 Renaldotius
560 634 683 696 concilio
707 633 938 697 chalcedonensi
960 633 1159 710 vetustioru¹i

123 891 201 943 serbis
219 899 244 942 et
260 890 418 951 orationibus,
443 903 495 939 ιιιιι
514 896 681 954 repraesentet
696 889 775 939 simile
793 889 908 949 ollicium,
933 888 997 952 qnod
1016 889 1040 938 in
1059 886 1165 951 Coptieis
1183 885 1297 935 omnibns
1316 900 1373 935 eren

123 976 241 1041 pleribus,
265 976 286 1025 ei
304 976 425 1036 Liturgiae
448 989 509 1038 quae
527 973 609 1024 basilii
627 987 715 1023 nomeu
733 974 814 1035 babet,
837 972 1011 1038 praemittitur;
1037 973 1100 1021 idem
1119 978 1207 1031 temen,
1232 980 1373 1034 quantumi

122 1060 255 1111 seutentius
280 1059 466 1122 orationumque
483 1066 507 1109 et
524 1059 613 1108 rituum
632 1057 815 1122 dispositionem
833 1071 896 1119 esse,
920 1057 991 1107 lecile
1009 1058 1155 1119 agnoscitur.
1190 1055 1324 1119 Supererat
1340 1069 1373 1119 pa:

122 1136 229 1205 ιἰὴιιιιι
251 1144 276 1193 in
300 1158 346 1208 qua
369 1144 448 1193 maior
470 1143 569 1192 omniuo
588 1140 669 1203 ilorci,
687 1150 711 1192 et
727 1142 808 1192 basilii
826 1143 986 1204 Litnrgiernm
1003 1141 1136 1192 diversitas.
1170 1140 1214 1190 Est
1231 1139 1331 1204 quidem
1348 1153 1373 1188 nc

124 1228 215 1280 inillis
233 1228 315 1290 modo,
333 1228 376 1278 sed
395 1228 418 1278 in
437 1229 550 1278 omuibus
567 1228 672 1291 antiquis
689 1227 743 1278 eliis
762 1229 933 1292 cuiuscumque
951 1227 1055 1288 linguae,
1073 1224 1136 1274 idern
1154 1224 1225 1285 ordo,
1243 1224 1373 1274 orationis:

122 1300 232 1365 eamdem
250 1313 394 1363 seutentiam
412 1312 589 1372 couvenientes,
607 1312 668 1362 ritus
685 1312 787 1373 similes,
804 1313 848 1361 sed
866 1313 966 1374 insignis
984 1324 1012 1360 er
1029 1309 1155 1359 verborum
1174 1308 1373 1359 serietatedirere

123 1406 168 1448 ιιι.
203 1398 238 1447 Eo
256 1398 328 1460 igitur
346 1394 483 1446 coniectura
502 1394 613 1457 ducebat,
639 1403 665 1445 nt
682 1396 712 1446 de
730 1396 779 1446 illis
808 1396 870 1445 idem
889 1410 917 1445 ac
935 1396 964 1445 de
982 1395 1082 1459 reliquis
1100 1393 1264 1444 Orientalibus
1282 1392 1372 1443 iudicia

122 1482 235 1540 leuetur,
260 1495 302 1531 ees
326 1480 420 1530 scilicet
443 1480 550 1544 quamvis
574 1494 621 1530 nou
646 1493 674 1529 ex
698 1489 764 1531 certo
789 1480 869 1544 aliquo
893 1480 977 1530 codice
995 1469 1086 1531 Gracco
1105 1491 1233 1542 expressae
1251 1477 1342 1539 loreut,
1365 1490 1373 1527 t

122 1565 257 1630 simplicem
277 1564 404 1630 quamdam
423 1572 447 1615 ot
463 1564 597 1629 principem
615 1565 726 1615 secrillcii
745 1565 861 1615 offerendi
879 1565 967 1628 legem,
985 1579 1047 1629 quae
1064 1563 1177 1613 omnibns
1195 1558 1315 1611 beclesiis
1327 1564 1373 1623 pie

123 1650 203 1700 mauis
220 1650 291 1709 foret,
309 1649 385 1699 luisse
403 1651 553 1699 constitutas.
589 1651 619 1701 ttt
635 1651 698 1699 enim
717 1650 748 1699 ita
768 1651 856 1700 lactum
875 1665 930 1702 esse
948 1647 1222 1710 circaLiturgiesSgres
1240 1636 1373 1710 multiplice

124 1735 160 1786 riu
176 1740 256 1798 potest
274 1732 386 1794 dubitari,
404 1734 436 1784 ita
454 1733 484 1784 da
502 1734 735 1799 tribuslegyptiacis
753 1743 779 1786 nt
796 1734 950 1796 iudicaretur,
969 1735 1103 1798 proximum
1121 1738 1180 1781 crat.
1202 1730 1289 1781 Omnia
1308 1728 1373 1795 quipp

123 1819 334 1869 Sacramentorum
359 1819 447 1879 olllcia,
472 1818 543 1868 etiam
567 1818 590 1868 in
614 1819 660 1869 ritu
685 1821 761 1881 magis
785 1818 889 1881 diverso,
913 1819 992 1884 qnalii
1011 1826 1048 1868 est
1066 1814 1237 1875 Occidentalis,
1260 1815 1373 1878 iaqueus

122 1917 195 1963 unus,
219 1902 346 1953 contenire
370 1910 461 1952 certum
486 1910 531 1963 ιιι,
554 1902 579 1952 in
604 1903 716 1953 omnibns
740 1902 789 1954 illis
805 1906 924 1969 partibus,
948 1918 1010 1969 quae
1027 1900 1169 1952 essentiales
1187 1900 1282 1951 censeri
1301 1899 1373 1949 deber

123 1988 188 2037 luter
206 1986 290 2037 Olbeie
314 2002 370 2037 vero
389 1987 481 2038 dirersa
500 1988 622 2038 obseruari
640 1989 776 2038 orationum
795 1988 899 2053 aliquam
918 1988 1148 2047 dissimilitudinem,
1171 1986 1200 2034 eo
1218 1984 1316 2035 lucilius
1333 1999 1373 2034 acc

123 2071 166 2134 dit,
192 2070 266 2136 quod,
291 2079 317 2122 ιιι
335 2086 363 2122 ιι
379 2071 469 2123 ΒιιίΙιο
488 2074 631 2134 notavimus,
649 2088 662 2122 a
680 2073 723 2124 SS.
742 2074 852 2124 Patribus
875 2075 966 2138 scripto
991 2072 1076 2123 tradita
1101 2086 1150 2121 non
1173 2071 1277 2120 inerant.
1312 2069 1373 2133 ltaqt

122 2157 147 2206 in
164 2156 224 2205 setis
242 2156 334 2221 prolixe
352 2171 452 2222 precum
471 2165 494 2207 ιι
511 2159 669 2208 formularum
689 2159 761 2220 serie,
780 2159 898 2223 quosdam
916 2158 1031 2219 strictius,
1054 2157 1170 2222 quiedam
1190 2155 1267 2204 insius
1287 2154 1373 2220 erpriu

122 2255 176 2292 oum
198 2241 316 2291 sententia
340 2255 438 2307 semper
456 2250 521 2293 essct
538 2243 631 2304 eadem,
655 2243 742 2293 mirum
761 2258 810 2293 non
828 2251 887 2294 erat.
922 2243 957 2293 Ne
975 2251 1054 2292 tamen
1072 2254 1187 2291 successu
1205 2247 1344 2303 temporum
1362 2246 1372 2288 t

121 2325 241 2389 liturgiae
259 2324 431 2388 scriberentur,
456 2335 516 2393 quot
531 2327 660 2393 Episcopie
676 2326 817 2392 placuisset,
841 2343 895 2378 eum
914 2328 938 2378 iu
956 2341 1028 2377 unam
1046 2325 1190 2376 sententiam
1207 2337 1294 2372 omnes
1311 2320 1373 2374 seen

121 2411 172 2463 siae
190 2412 353 2470 conuenirent,
372 2411 395 2460 in
413 2411 524 2474 siugulis,
543 2427 604 2477 quae
623 2413 699 2475 magis
716 2413 823 2475 insigues
841 2420 932 2474 essent,
956 2411 1159 2462 Patriarcltelibus
1176 2408 1332 2474 praesertim,
1355 2422 1373 2457 ιι

122 2508 219 2544 crorum
241 2494 363 2545 lormulee
387 2497 531 2546 constitutae
548 2504 613 2558 sunt,
637 2511 650 2545 a
669 2497 756 2561 quibus
773 2496 888 2548 recedere
906 2512 954 2547 nou
972 2496 1065 2559 liceret,
1089 2511 1150 2560 quae
1167 2493 1300 2544 indubitate
1318 2492 1373 2542 diret

122 2593 202 2628 sarum
221 2579 380 2640 liturgiarum
409 2581 477 2641 origo
505 2587 549 2629 ιιι.
585 2581 693 2644 Cumque
719 2596 764 2630 usn
792 2589 946 2633 consecratae
974 2580 1103 2646 aliqnando
1130 2581 1209 2629 iorcnt
1237 2579 1261 2629 in
1278 2577 1373 2629 Ecclesi

121 2664 245 2714 orationes
269 2664 409 2724 nonnullae,
434 2678 494 2727 ques
518 2663 609 2714 aboleri
633 2665 686 2714 sine
710 2664 788 2729 plebis
812 2666 891 2731 aliqua
914 2666 1095 2731 perturbatione
1113 2664 1226 2729 Episcopi
1249 2677 1297 2712 non
1322 2674 1373 2727 post

121 2746 268 2805 indicabant,
285 2746 383 2796 relictae
401 2756 458 2796 sunt
475 2755 499 2797 ιι
515 2748 612 2813 scriptis
631 2749 793 2811 consignatae,
812 2759 838 2800 ut
855 2751 999 2816 quibusdam
1015 2749 1101 2801 diebus
1119 2756 1303 2812 usurparentur.

209 2829 232 2889 l)
251 2826 356 2893 castigat
374 2831 588 2883 lleualdotius
606 2834 769 2898 thtttttvtlt
788 2837 1013 2900 intemperantiores
1032 2835 1137 2897 criticos,
1156 2834 1196 2898 qni
1215 2832 1322 2898 lapidem
1340 2850 1372 2885 nu

127 2914 176 2965 lum
201 2914 324 2965 immotum
349 2916 478 2981 reliquere,
503 2925 528 2965 ut
551 2918 636 2967 laisum
660 2918 780 2983 planeque
803 2921 981 2985 supposititiam
998 2918 1129 2983 liturgiam
1147 2928 1330 2983 propugnarent
1352 2935 1373 2980 „¹

121 2998 182 3051 atbtt
205 2999 282 3050 dicem
306 3000 336 3051 de
352 3001 439 3050 briano
458 3001 548 3053 Sandio
572 3005 654 3068 quiin
673 3018 742 3054 caseo
760 3004 803 3053 illo
822 3012 867 3054 sno
885 3006 1001 3056 liistoriae
1018 3002 1196 3057 ecclesiastices
1214 3004 1301 3053 nucleo
1321 3019 1373 3054 mer

122 3098 188 3134 mum
213 3084 326 3150 quiddam
350 3088 471 3151 reperisse
496 3101 524 3137 se
548 3088 676 3138 arbitratus
700 3097 744 3149 est,
768 3090 824 3140 dunt
843 3089 915 3140 blarci
932 3088 1044 3155 Apostoli
1060 3088 1171 3152 liturgiae
1189 3096 1322 3150 auctorem,
1347 3105 1373 3140 nt

121 3169 311 3233 Euangelistum,
341 3171 385 3220 sed
408 3172 631 3237 praestigiatorem,
661 3173 691 3222 de
715 3188 762 3238 quo
786 3174 901 3225 lrenuens
925 3183 948 3225 et
972 3174 1121 3240 Epiphanius
1146 3172 1252 3237 loquitur
1274 3175 1373 3227 iudicari

121 3252 204 3318 Neque
222 3268 281 3303 saue
299 3261 336 3303 est
354 3271 396 3305 cnr
414 3256 443 3305 ad
462 3256 520 3306 baec
539 3265 646 3307 monstra
665 3258 806 3321 opinionum
825 3269 938 3325 stupeant
956 3261 979 3310 in
998 3240 1060 3324 qnos
1077 3258 1141 3308 lucili
1155 3259 1250 3320 negotio
1264 3258 1373 3312 devolant

122 3346 175 3397 tur,
200 3339 241 3403 qni
265 3339 408 3388 traditonem
432 3342 613 3391 contemnunt.“
649 3342 766 3394 Conlecaa
780 3358 845 3415 quae
868 3345 1027 3395 dissernimus
1046 3360 1070 3409 p.
1081 3344 1105 3392 5.
1141 3342 1286 3407 Ceteroqniu
1311 3346 1373 3396 reris

122 3421 179 3471 mile
205 3429 249 3483 est,
277 3421 349 3473 blarci
373 3424 492 3486 liturgiam
519 3442 547 3475 eo
575 3442 622 3491 qno
647 3442 711 3479 nnnc
729 3429 804 3479 fertur
821 3436 884 3479 textu
903 3431 1061 3494 compositam
1080 3443 1134 3479 esse
1153 3443 1166 3476 a
1185 3426 1274 3490 Cyrillo
1293 3430 1373 3481 Aleria

122 3506 200 3569 drino,
219 3522 290 3573 qnam
309 3508 340 3559 ob
358 3523 409 3558 rem
427 3511 534 3574 Aegyptii
551 3510 670 3573 liturgiam
690 3513 772 3577 Cgrilli
796 3523 881 3564 nocant
905 3530 958 3565 eam
982 3528 1043 3580 quae
1067 3521 1104 3562 ιιι
1121 3512 1145 3561 in
1164 3511 1297 3575 Coptorum
1317 3515 1373 3568 libri

124 3605 178 3642 cnm
197 3591 275 3644 Marco
294 3594 345 3644 iere
364 3595 387 3644 iu
406 3595 519 3645 omnibus
537 3610 678 3648 consonam.
712 3599 802 3649 Farcnt
819 3600 925 3665 opinioni
944 3602 1069 3650 dsscma
1080 3613 1116 3647 un
1129 3611 1181 3663 us,
1197 3595 1343 3652 Nealins.
