3044 4912
811 258 888 333 rm

202 442 523 619 il'llldliil
549 442 820 639 lllllfll
843 466 907 645 lli
931 439 1483 643 ltltllmllttlffllt

203 690 211 701 ·
289 645 386 721 luter
409 656 545 721 cnutum
569 646 858 723 cleri-Sacerdos
882 646 966 721 lucc
992 656 1069 721 oret
1091 656 1243 721 accrate:
1468 704 1471 709 .

204 810 209 821 .
290 748 421 823 liertiae
447 750 578 845 agimur
603 748 678 844 tihi,
703 752 916 849 omnipotens
938 748 1168 848 Pater„quod
1192 746 1370 845 retugium
1392 742 1483 819 nolin

211 848 335 925 dedisti
368 862 404 924 et
434 862 585 925 raucum
617 851 793 926 ecclesiam
817 860 913 925 tuum
940 852 1101 950 templum
1125 849 1331 942 emnium,
1362 848 1401 922 in
1424 870 1482 947 quo

62 946 69 963 '
120 962 126 980 “
214 952 336 1027 Sancta
361 951 509 1026 Trinitas
535 954 750 1050 glorificatur.
801 954 952 1029 Alleluia.

187 1102 195 1122 .
290 1052 421 1129 Gratias
446 1055 579 1151 ‘agimus
605 1056 679 1150 tibi,
705 1055 851 1151 (ibride,
885 1080 946 1131 rex
970 1064 1097 1149 noster,
1130 1053 1220 1151 quod
1245 1051 1381 1125 ririlico
1406 1048 1483 1146 (liic-

214 1158 376 1255 creating)
401 1167 436 1231 et
460 1168 577 1231 sancto
603 1169 661 1231 tuo
687 1180 830 1257 corpore
855 1168 890 1235 et
913 1156 1078 1254 sanguine
1103 1156 1205 1229 ritem
1229 1152 1332 1229 nobie
1350 1150 1482 1249 largitus

213 1282 262 1334 es.
282 1258 577 1435 dltedepppticnom
609 1270 645 1334 et
673 1283 838 1356 magnam·
863 1270 955 1337 lnam
987 1256 1253 1335 miscricordiam
1293 1253 1397 1331 nobis
1428 1254 1482 1327 im-

166 1384 174 1401 ’
237 1384 280 1435 en
304 1386 334 1435 e.
438 1362 536 1436 eluia.

212 1384 236 1461 P
291 1461 421 1535 Gratias
448 1464 577 1559 egimus
603 1461 675 1554 tibi,
702 1460 811 1535 lidelis
834 1461 979 1560 Spiritus
1006 1460 1240 1560 (true-Spirit),
1267 1458 1361 1559 quod
1385 1456 1481 1533 ercle·

213 1565 298 1639 siam
333 1573 424 1637 tuam
456 1573 605 1637 sanctam
642 1555 794 1661 (noviter)
828 1564 985 1639 fundasti.
1037 1564 1223 1638 conserves
1249 1584 1325 1635 eam
1352 1560 1390 1635 in
1412 1582 1479 1633 san·

214 1664 382 1739 ctissimae
414 1662 588 1739 Trinitatis
626 1664 835 1762 professione
876 1665 1029 1741 stabilem
1061 1678 1096 1740 et
1128 1664 1368 1740 inconcussum
1399 1682 1479 1737 nnnc
1514 1724 1516 1731 .

214 1766 310 1841 etin
336 1767 479 1841 saecula.
529 1767 679 1841 Alleluia.
1512 1816 1516 1993 ¹

291 1885 419 1959 llelioc
437 1884 605 1961 Sacerdos
629 1888 731 1963 currit
755 1897 875 1961 coacto
901 1886 1064 1961 cicercula
1087 1910 1163 1961 cum
1179 1885 1300 1959 timore
1326 1892 1362 1957 ct
1386 1880 1478 1956 dcco·

215 1985 348 2085 riomss)
719 2058 729 2077 ,
1514 2052 1516 2057 .

206 2080 210 2087 ’
292 2086 473 2164 lliccorue.
526 2086 596 2163 Nos
635 2090 693 2188 qui
729 2090 765 2163 in
798 2089 864 2165 lide
896 2088 1085 2187 recepimus
1117 2088 1201 2161 lraec
1234 2086 1369 2181 divina,
1406 2084 1478 2159 haec

214 2203 348 2285 sancta,
382 2190 557 2287 coelestia,
590 2191 807 2286 immortalia,
842 2190 925 2265 haec
957 2189 1137 2289 purissima
1171 2200 1270 2289 atque
1296 2189 1478 2285 incorrupta

122 2314 126 2323 ·
214 2297 384 2392 mysteria,
409 2293 531 2367 iterum
557 2294 737 2368 etiterum
763 2293 798 2368 in
823 2316 906 2393 pace
932 2292 1119 2367 llominum·
1139 2291 1371 2391 deprecemur.
1407 2288 1478 2363 lira·
1514 2312 1516 2335 ²

215 2396 279 2471 lias
305 2418 442 2493 agamus
468 2394 622 2469 Domino.
806 2424 813 2436 ⁶

293 2496 449 2572 Gir-oruc.¹
486 2496 616 2571 Gratias
650 2497 781 2593 agimus
815 2495 888 2590 tibi,
915 2494 1069 2589 Domine,
1106 2494 1195 2593 quod
1223 2519 1264 2567 ex
1289 2518 1406 2568 mensa
1430 2501 1476 2564 tur

214 2601 391 2672 immortali
428 2623 488 2670 nos
522 2600 658 2690 cibasti,
701 2620 822 2694 corpus
868 2609 901 2670 et
936 2597 1133 2693 sanguinem
1169 2607 1262 2671 tuum
1298 2596 1418 2669 dedisti
1446 2592 1475 2664 in

216 2702 477 2796 redemptionem
511 2701 625 2771 mundi
669 2711 702 2771 et
740 2701 839 2771 vitam
883 2700 1067 2773 animarum
1104 2711 1306 2772 nostrarum.
1352 2690 1476 2792 'opert

215 2795 487 2894 μεταλαβόντες
511 2825 543 2896 p.
562 2801 647 2873 370.

292 2903 337 2977 Et
363 2911 437 2974 oret
466 2902 632 2975 Sacerdos
660 2911 809 2974 secreto:

292 3005 421 3078 Gratias
455 3006 583 3098 agimus
619 3004 677 3076 tibi
706 3003 837 3076 Christe
864 3004 954 3076 Deus
989 3014 1114 3097 noster,
1150 3002 1238 3101 quod
1274 3027 1314 3074 ex
1341 3001 1475 3074 bonitate

214 3119 270 3181 tua
305 3108 345 3180 ad
371 3118 471 3178 vitam
499 3120 644 3178 nostram
671 3107 938 3179 sanctificandam
967 3107 1055 3179 hunc
1082 3106 1192 3178 cibum
1222 3104 1356 3176 dedisti.
1407 3102 1475 3174 Eius

213 3211 335 3282 virtute
369 3234 430 3280 nos
464 3234 574 3281 serves
607 3233 710 3306 puros
738 3221 770 3281 et
797 3210 1023 3281 immaculatos
1050 3209 1113 3282 sub
1141 3207 1250 3279 divino
1278 3217 1336 3278 tuo
1364 3203 1474 3302 praesi-

215 3311 282 3384 dio.
335 3310 492 3381 Enutrias
520 3335 581 3382 nos
609 3314 642 3382 in
670 3312 802 3407 pascuis
826 3324 959 3384 sanctae
987 3323 1062 3383 tuae
1089 3321 1122 3383 et
1140 3311 1245 3382 bonae
1263 3301 1473 3395 voluntatis‚')

214 3426 252 3486 ut
285 3425 400 3485 contra
435 3413 572 3484 insidias
608 3413 727 3484 diaboli
762 3414 897 3486 stabiliti
934 3414 1025 3508 digni
1053 3413 1254 3503 efficiamur,
1291 3412 1348 3508 qui
1375 3429 1473 3480 rocem

215 3525 305 3589 tuam
340 3516 511 3588 audiamus
539 3525 572 3586 et
599 3526 642 3607 te,
680 3526 848 3612 pastorem
876 3540 978 3588 unum
1005 3526 1039 3587 et
1065 3540 1178 3588 verum
1205 3512 1377 3609 sequendo
1404 3507 1473 3583 obti-

214 3642 353 3690 neamus
381 3619 494 3689 sedem
521 3616 580 3690 abs
609 3627 640 3688 te
667 3618 763 3691 nolris
791 3631 1020 3715 praeparatam
1047 3618 1081 3688 in
1108 3639 1212 3711 regno
1241 3616 1418 3687 coelorum.

292 3720 340 3791 Tu
369 3745 458 3810 vero,
486 3720 575 3791 Deus
603 3743 641 3791 ac
668 3719 830 3791 [lominus
858 3731 890 3791 et
916 3721 1107 3816 redemptor
1133 3728 1247 3790 noster
1273 3717 1367 3790 lesus
1394 3711 1471 3786 Chri·

216 3832 300 3913 stus,
339 3823 386 3893 sis
414 3822 608 3893 benedictus
637 3845 711 3892 cum
740 3822 835 3893 Patre
862 3832 895 3893 et
921 3823 1049 3918 Spiritu
1076 3822 1199 3893 Sancto
1227 3844 1318 3891 nunc
1345 3828 1379 3890 et
1402 3837 1470 3889 scm·

213 3948 274 4021 per
302 3934 335 3995 et
363 3925 395 3994 in
424 3925 563 3997 saccula.
615 3924 732 3995 lmen.

302 4198 325 4255 ll
349 4197 433 4246 Steclr:
459 4197 521 4245 lituo
546 4197 568 4246 in
594 4196 639 4245 den
667 4196 750 4245 llolrcn
779 4195 828 4255 Uir,
853 4195 897 4245 der
914 4194 949 4243 lln
974 4209 1019 4244 nne
1043 4195 1165 4259 gespaiset
1189 4195 1251 4244 nasu.
1287 4193 1337 4242 Der
1365 4191 1399 4239 lln
1420 4184 1467 4234 clm

214 4283 336 4332 lutheron
364 4298 409 4331 uns
435 4284 547 4344 sprisret,
575 4283 653 4342 siesse
681 4281 723 4330 aul
748 4296 793 4331 uns
811 4280 901 4329 Deinen
928 4280 1045 4341 geistigcn
1064 4280 1142 4343 Segen
1162 4294 1213 4329 rus.
1248 4279 1312 4328 Ehre
1330 4278 1355 4327 in
1373 4268 1466 4325 dcnlll·

215 4365 261 4415 hen
282 4367 330 4426 Uir,
350 4367 393 4414 der
412 4381 456 4415 uns
475 4368 596 4429 gespeiset
618 4368 664 4414 het.

300 4448 326 4507 2)
344 4452 410 4509 erre
429 4459 593 4500 remanserunt
613 4451 782 4499 communione
801 4449 915 4499 laicorum
934 4456 1041 4514 peracte.

300 4532 326 4593 3>
344 4535 429 4584 Stecl:
448 4535 513 4583 Leite
532 4550 576 4585 une
596 4537 637 4585 eni
654 4536 709 4586 dem
728 4536 801 4597 Wepe
818 4548 911 4584 mnu.
