3044 4912
758 192 859 319 ⁴aa

190 428 254 504 καὶ
278 429 346 514 τάς
371 427 557 531 μακαρίας
581 427 707 527 φνχάς
732 425 941 504 ἀναπαύων
964 425 1060 526 μετὰ
1077 426 1198 530 syloe
1213 425 1277 503 καὶ
1294 427 1464 518 δικαίων,

189 539 235 628 τῇ
263 531 380 608 αὐτοῦ
402 530 529 631 χάριτι
552 529 617 606 καὶ
641 530 925 630 φιλανθρωπίᾳ,
949 538 1023 608 νῦν
1048 531 1112 605 καὶ
1138 530 1195 604 ἀεὶ
1219 530 1283 605 καὶ
1308 529 1465 616 stecoris

191 638 333 718 αἰῶνας
357 642 436 710 τῶν
461 631 622 710 uideor.
654 630 782 730 Ἀμήν.

505 774 591 850 Εἶτα
611 780 701 872 λέγει
722 778 741 850 ἀ
765 779 918 864 ὄιάκονος
938 779 1118 872 συναπτήν.
1125 787 1146 866 ¹)

221 912 224 917 ’
266 906 325 979 lx.
344 904 408 979 Ἕν
433 900 558 1001 εἰρήνη
583 910 651 978 τοῦ
676 901 821 998 Κυρίου
848 903 1056 1001 ἀεηθῶμεν.

261 1003 365 1104 Ὑπὲρ
397 1012 463 1104 τῆς
493 1006 649 1081 ἀνωθεν
680 1002 826 1103 εἰρήνης
856 1006 920 1081 καὶ
952 1010 1047 1080 Θεοῦ
1081 1002 1370 1101 φιλανθρωπίας
1404 1003 1467 1079 καὶ

191 1106 372 1204 σωτηρίας
397 1115 475 1184 τῶν
499 1106 783 1206 pinguissimis,
809 1117 877 1184 τοῦ
904 1106 1047 1206 Κυρίου
1072 1105 1284 1202 ἀεηθῶμεν.

260 1207 364 1308 Ὑπὲρ
396 1218 461 1308 τῆς
493 1206 639 1308 εἰρήνης
669 1217 738 1284 τοῦ
772 1207 988 1305 σύμπαντος
1019 1205 1176 1304 κόσμου,
1210 1207 1274 1283 καὶ
1298 1201 1469 1292 armosos

188 1319 323 1387 πασῶν
353 1317 433 1387 τῶν
465 1310 586 1412 ἁγίων
618 1319 686 1386 τοῦ
724 1316 817 1387 Θεοῦ
849 1316 1068 1407 ἐκκλησιῶν,
1102 1317 1170 1384 τοῦ
1203 1308 1348 1408 Κυρίου
1380 1307 1469 1405 ἀτη·

188 1414 333 1507 θῶμεν.

261 1512 367 1611 Ὑπὲρ
392 1511 558 1612 ἀφέσεως
579 1521 658 1589 τῶν
675 1513 872 1613 ἁμαρτιῶν
887 1513 951 1589 καὶ
969 1509 1237 1616 συρχωρήσεως
1249 1518 1330 1585 τῶν
1346 1519 1468 1608 πλημ-

188 1612 412 1712 μελημάτων
442 1613 564 1712 ἡμῶν,
599 1615 662 1691 καὶ
694 1624 763 1691 τοῦ
796 1619 985 1714 ῥωσθῆναι
1010 1615 1108 1712 ἡμᾶς
1134 1612 1207 1688 ἀπὸ
1233 1610 1353 1710 πάσης
1379 1610 1468 1687 θλίμ

277 1773 300 1832 1)
318 1773 447 1817 collectam.

274 1975 332 2039 Cap.
350 1974 389 2025 lh.
424 1974 484 2024 hoto
508 1975 659 2025 orationem:
683 1966 753 2041 ὑπὲρ
771 1970 815 2036 τῆς
832 1970 883 2040 alp.
901 1971 957 2022 ael.
976 1974 1060 2023 inserit
1077 1972 1104 2023 tt.
1122 1972 1262 2037 petitionem
1281 1986 1327 2036 pro
1345 1971 1425 2021 saluts
1442 1978 1468 2023 st

190 2058 277 2110 aoittio
305 2059 512 2109 sanctissimorum
541 2066 637 2124 patrum
664 2066 689 2110 st
715 2060 861 2110 sanctissimi
879 2059 1041 2118 Patriarchoc,
1071 2057 1176 2107 universi
1200 2055 1265 2106 Cleri
1293 2065 1318 2105 et
1341 2055 1466 2111 Christum

187 2145 291 2195 amentis
314 2144 408 2209 populi,
433 2151 456 2193 et
480 2143 517 2193 his
541 2142 655 2208 precihus
678 2144 782 2194 adnectit
806 2144 910 2195 editum:
939 2134 1010 2209 ὑπὲρ
1033 2134 1160 2208 ἀφίσεως
1175 2162 1209 2176 -
1226 2135 1385 2207 δεηθῶμεν.
1420 2136 1468 2190 Se·

188 2229 271 2294 quitor
288 2229 487 2279 commemoratio
504 2224 532 2279 B.
544 2228 641 2290 hariae,
660 2229 757 2279 loannis
772 2228 903 2292 Baptistse,
921 2227 1101 2292 Apostolorum,
1120 2227 1295 2290 Prophetarum
1314 2234 1338 2275 ot
1356 2226 1467 2277 omniun

187 2312 331 2363 Sanctorum
355 2321 401 2375 „ut
424 2314 534 2378 ipsorum
558 2302 672 2378 precibus
696 2322 721 2364 st
744 2312 958 2365 intercessionibus
984 2326 1029 2362 nos
1047 2310 1239 2361 misericordiam
1257 2307 1467 2374 consequamur.“

189 2396 296 2463 Populos
314 2398 383 2460 llyria
400 2405 446 2447 ter.
478 2394 517 2457 tt,
537 2405 563 2446 ot
581 2396 692 2458 diximus,
710 2398 777 2449 initio
797 2395 894 2447 mutilus
913 2397 969 2446 item
988 2396 1135 2445 mentionem
1153 2395 1211 2445 lacit
1228 2392 1253 2444 Β.
1264 2394 1382 2457 liminis,
1400 2396 1466 2461 Δρο-

188 2482 317 2541 stolorum,
335 2481 463 2544 ldartgrum
482 2489 527 2530 etc.
539 2481 564 2530 S
576 2478 691 2545 Stephani
704 2504 731 2514 -—
745 2476 792 2526 καὶ
808 2480 949 2546 μακαρίου
966 2471 1069 2545 πατρὸς
1086 2471 1166 2546 ἡμῶν
1178 2470 1312 2541 Ἰακώβου
1330 2477 1378 2527 καὶ
1389 2472 1467 2529 ἀπο-

98 2560 102 2578 ’
187 2559 287 2615 στόλου
304 2558 553 2630 καὶάδείφοθίου.
589 2564 705 2613 Oratione
723 2562 843 2626 completa
863 2564 921 2614 dicit
938 2565 1059 2614 Sacerdos
1078 2565 1212 2614 orationem
1230 2564 1341 2626 Trisagii.

272 2649 335 2699 Nes
345 2649 411 2698 lius
429 2647 518 2699 'l‘ctrsl
530 2649 573 2697 Lit.
592 2663 617 2712 p.
631 2646 680 2697 2³0
690 2663 726 2712 sq.
746 2649 854 2706 Quatoor
872 2648 964 2711 hymnis
983 2648 1098 2712 liturgicis
1117 2651 1191 2699 utitor
1207 2649 1309 2698 ecclesio
1320 2647 1465 2697 orientalis:

187 2748 284 2797 nempe,
303 2733 421 2795 angelico,
440 2741 477 2782 ter
494 2741 586 2793 sancto,
606 2733 744 2793 cherubim,
762 2733 915 2797 triomphali:
934 2736 1041 2797 quamvis
1059 2735 1203 2800 saepissima
1221 2736 1284 2783 inter
1300 2733 1466 2782 seheereoss

187 2817 374 2869 contundantur.
410 2819 516 2882 Hymnus
534 2817 657 2880 angelicus
675 2819 696 2866 is
714 2825 758 2878 est,
778 2818 818 2882 qui
837 2817 900 2882 apud
918 2833 963 2867 nos
982 2818 1093 2869 Gloria
1112 2821 1141 2868 in
1161 2818 1303 2868 excelsis
1322 2817 1418 2866 dicitur.
1436 2814 1466 2865 ht

186 2917 242 2952 vero
267 2902 290 2951 in
315 2903 442 2952 missorum
467 2902 629 2952 sollemnitate
653 2917 681 2951 eo
706 2917 753 2952 non
772 2903 846 2952 utitur
864 2902 965 2952 ecclesia
986 2903 1265 2967 Constantinopolitano:
1290 2903 1364 2951 utitor
1383 2909 1463 2950 autern

187 2985 282 3050 liturgia
300 2985 470 3052 Apostolorum
489 2987 640 3038 Nestorisue.
676 2988 723 3036 Ter
740 2994 837 3037 sanctos
856 2987 876 3037 is
895 2996 940 3048 est,
959 2988 987 3037 ad
1007 3002 1077 3052 qoem
1096 2988 1143 3037 iam
1162 2988 1321 3051 pervenimus.
1358 2987 1464 3037 Decius

186 3070 336 3121 institutione
354 3071 415 3122 haec
433 3072 608 3135 Theophanes:
630 3065 693 3119 ’tant
711 3068 789 3120 τοῦτο
808 3068 854 3120 τοῦ
871 3065 904 3120 ἐν
920 3063 1010 3137 ἁγίοις
1026 3063 1155 3137 Πρόκλου
1170 3073 1242 3134 (idem
1262 3080 1299 3121 est
1318 3073 1357 3135 qni
1377 3072 1463 3120 adm-

186 3169 228 3204 sos
246 3156 383 3206 Nestorium
401 3170 480 3205 reram
499 3155 525 3206 n.
538 3157 602 3206 tn.
620 3157 769 3205 θεοτοκίαν
786 3164 834 3206 tarn
853 3158 977 3219 magnillus
996 3156 1113 3216 defendit)
1129 3154 1240 3221 σεισμοὶ
1256 3147 1390 3221 γεγόνασι
1408 3167 1463 3222 με·

186 3234 271 3305 γάίοι
287 3235 318 3287 ὲν
336 3238 367 3308 τῇ
383 3231 676 3289 Κωνσταντινουπόίει
692 3236 740 3289 ἐπὶ
758 3239 892 3309 τέσσαρας
908 3240 999 3307 μῆνας
1076 3237 1107 3290 ἰν
1123 3238 1176 3307 μιᾷ
1192 3225 1244 3289 οὖν
1255 3240 1465 3306 κυμαινομένης

186 3322 232 3386 τῆς
255 3322 312 3389 γῆς,
337 3322 384 3372 καί
407 3318 510 3380 παντὸς
533 3322 581 3375 τοῦ
602 3322 669 3373 λαοῦ
691 3318 836 3390 κράζοντας
859 3319 888 3373 τὸ
905 3319 989 3391 Κύριε
1008 3321 1128 3388 ἐλέησον,
1153 3321 1275 3385 ἐκτενῶς,
1299 3321 1365 3389 περὶ
1384 3317 1462 3391 ῶραν

187 3407 287 3474 τρίτην,
306 3400 398 3475 ἄφνω,
416 3400 530 3458 πάντων
544 3399 681 3473 ὁρώντων,
700 3407 801 3471 συνέβη
819 3401 874 3458 ἀπὸ
891 3408 970 3465 θείας
987 3402 1133 3474 δυνάμεως
1147 3402 1269 3472 ἀρθῆναι
1286 3404 1347 3454 τινὰ
1366 3407 1463 3455 νεανί-

186 3503 255 3541 σκον
278 3492 317 3549 είς
341 3493 389 3542 τὸν
413 3485 489 3559 ἀέρα,
515 3491 563 3541 καὶ
587 3485 704 3541 ἀκοῦσαιΙ
725 3493 805 3550 θείας
821 3492 916 3558 φωνῆς
933 3485 1121 3557 παραινούσης
1138 3485 1223 3541 αὐτὸν
1240 3486 1407 3557 ἀναγγεῖλαι
1425 3489 1463 3555 τῷ

185 3570 329 3640 ίπισκόπῳ
347 3577 394 3625 καὶ
412 3576 449 3640 τῷ
465 3577 524 3639 lupi
540 3567 691 3625 λιτανεύειν
709 3570 807 3632 οὕτως·
825 3569 950 3641 ‘Hymeti
973 3568 1047 3640 Θεός,
1064 3575 1120 3627 κτλ.
1156 3579 1199 3628 llic
1217 3592 1264 3627 non
1284 3578 1313 3626 de
1333 3577 1461 3636 miraculo,

186 3663 253 3726 qnasi
273 3664 338 3728 quod
356 3678 401 3727 per
418 3678 445 3712 se
463 3662 604 3713 incredibile
622 3663 661 3723 sit,
680 3663 788 3726 quaestio
807 3670 857 3711 ost:
876 3662 919 3711 sed
937 3662 1085 3711 doctioribus
1103 3677 1246 3726 persuasum
1259 3670 1296 3711 est
1306 3665 1461 3712 vetustiorem

186 3753 294 3811 tempore
312 3748 338 3796 S.
356 3747 435 3797 Procli
460 3748 523 3796 huno
546 3747 659 3809 hymnum
685 3762 746 3796 esse.
782 3748 861 3796 Unum
879 3755 1044 3807 argumentum
1062 3747 1138 3796 instar
1155 3747 1319 3797 sitomoiom.
1355 3747 1381 3797 S.
1401 3748 1462 3796 Pro-

185 3831 238 3880 olns
254 3831 408 3895 bysuntinum
426 3833 503 3882 tenuit
520 3832 633 3881 thronum
651 3831 680 3880 ab
699 3846 761 3880 anno
778 3830 829 3880 434
847 3845 924 3894 usqne
943 3831 972 3880 od
991 3845 1079 3880 annum
1097 3831 1161 3881 447:
1187 3847 1234 3896 quo
1253 3830 1367 3881 coelestia
1387 3847 1462 3895 regna

185 3915 306 3976 migrarit:
325 3916 427 3980 ideoque
445 3917 507 3967 intra
526 3916 573 3966 hoc
590 3925 685 3979 tempus
703 3915 844 3964 miraculum
863 3915 980 3964 accidisse
998 3930 1098 3965 necesse
1116 3925 1160 3966 est.
1184 3922 1212 3967 ht
1229 3917 1254 3965 iu
1272 3917 1375 3967 coneilio
1387 3917 1464 3967 Chal·

186 3998 325 4062 sedunensi,
344 3999 407 4064 quod
426 4001 489 4050 hl).
508 4000 557 4050 451
577 4000 683 4050 habitum
703 4006 748 4059 est,
767 3997 906 4047 exclamatio
925 3999 993 4058 haec,
1018 4006 1131 4063 tanquam
1150 3983 1284 4060 notissima,
1309 4017 1321 4049 a
1340 4002 1464 4066 patribus,

184 4084 295 4133 sessione
325 4086 410 4148 prima,
441 4087 504 4135 inter
528 4093 650 4145 caeteras,
680 4084 801 4133 etlluxisse
826 4083 908 4131 lectur.
953 4083 1062 4132 Forsitan
1088 4083 1117 4132 ab
1142 4084 1283 4148 apostolicis
1307 4086 1464 4149 temporibus

184 4169 302 4230 originem
321 4169 420 4231 ducens,
440 4185 487 4219 non
506 4171 552 4218 nisi
570 4170 615 4218 sub
635 4169 658 4217 S.
679 4168 765 4218 l‘roclo
784 4169 808 4217 in
827 4167 947 4229 liturgiam
966 4174 1078 4230 receptus
1097 4177 1134 4218 cst
1151 4170 1261 4231 hymnus.
1298 4171 1343 4227 Qoi
1363 4170 1393 4219 de
1415 4172 1466 4222 hos

183 4252 253 4316 plora
277 4253 335 4313 vult,
360 4255 380 4303 is
404 4255 578 4318 praelationem
603 4253 672 4302 adeat
689 4253 714 4302 il.
733 4252 757 4301 ί.
776 4251 898 4301 Michaelis
917 4252 948 4300 Le
968 4253 1043 4309 Quieo
1062 4253 1087 4301 in
1105 4261 1232 4304 tractatum
1250 4254 1274 4303 S.
1294 4254 1392 4304 loannis
1412 4256 1465 4306 Da·

183 4339 289 4387 masoeni
308 4339 338 4388 de
356 4339 444 4402 hymno
461 4339 560 4400 trisagio
579 4338 657 4399 (Tum.
669 4338 687 4387 Ι.
705 4335 773 4397 478).

268 4423 387 4474 lacohitae
405 4423 629 4486 addont'lrisagio:
649 4424 701 4488 qni
720 4423 900 4473 crucifixus
918 4430 966 4472 est
983 4437 1040 4487 pro
1058 4424 1166 4484 nohis,
1185 4425 1252 4473 cuins
1265 4424 1394 4475 additionis
1414 4442 1465 4478 au·

181 4511 273 4556 ctorem
292 4507 368 4556 luisse
386 4508 468 4558 dicunt
486 4509 581 4560 Petrum
601 4509 750 4572 Goapheum,
768 4507 961 4573 llooophysitam
978 4516 1000 4560 ct
1013 4508 1174 4559 hntiochenao
1192 4508 1257 4560 sedis
1275 4510 1422 4563 invasorem.
