3044 4912
664 250 736 325 1¹19

95 429 202 506 Petris
229 445 271 506 et
297 434 848 534 commtrnieatinSpiritus
874 439 1035 531 sancti,
1064 440 1123 514 sit
1149 465 1239 516 cum
1259 468 1338 517 om·

95 535 186 610 nibus
210 536 339 609 nobis
365 560 494 630 nnnc,
522 548 586 609 etc.
670 558 673 567 ·

143 655 258 749 squar
283 665 505 742 sacramento,
534 665 566 727 el
592 656 803 752 respondent.
855 657 995 730 Amen.

95 839 196 850 -—-——

95 939 164 1000 iriste,
182 949 205 990 et
224 955 306 992 coram
325 942 416 1005 Spiritu
433 950 518 991 sancto
543 941 794 993 consistunt'nilleua
812 942 888 994 millia
905 945 1045 995 sublimium
1064 946 1196 1010 Spiritntrm
1215 956 1239 998 et
1255 949 1338 1000 decies

95 1023 148 1073 illies
170 1025 254 1075 decem
280 1025 354 1074 millia
372 1026 517 1088 Angelorum
541 1033 690 1088 sanctorum,
714 1041 816 1092 quorum
841 1029 901 1078 ritae
925 1029 1035 1093 voluptas
1059 1040 1096 1079 est
1113 1031 1136 1079 iu
1155 1035 1274 1083 constanti
1292 1049 1337 1084 sua

95 1106 186 1170 lentate,
206 1117 231 1158 nt
249 1123 338 1158 nomen
357 1117 422 1159 tuum
442 1124 553 1172 maguum
573 1119 597 1160 et
613 1107 733 1172 sunctum,
751 1110 889 1163 laudatione
906 1121 1022 1178 perpetua
1040 1116 1197 1165 sanctificent.
1233 1117 1335 1180 Dignum

95 1192 132 1242 ient
149 1194 227 1244 lecisti
245 1193 352 1267 Domine¹
366 1209 410 1258 per
428 1195 527 1256 gratiam
547 1201 611 1244 tuam
630 1209 706 1256 penus
724 1202 835 1244 nostrum
853 1188 983 1258 iulirr‘uum,
1002 1197 1126 1248 bominum
1145 1201 1292 1261 mortalium,
1310 1210 1337 1252 ut

95 1291 118 1327 tet
132 1278 240 1328 coetibus
259 1277 371 1328 omnibus
394 1272 544 1340 sublimium,
568 1279 686 1328 maiestati
710 1286 764 1328 tuse
782 1280 894 1330 omuibus
912 1281 1045 1332 dominanti
1064 1282 1159 1332 landem
1178 1292 1202 1334 et
1219 1285 1337 1336 bonorem

95 1362 187 1423 lsrrsnt,
211 1376 266 1412 cum
291 1361 341 1411 illis
366 1362 406 1426 qui
428 1376 527 1426 semper
550 1377 632 1413 eoram
656 1362 759 1412 maxima
784 1363 910 1414 sanctitate
934 1373 974 1415 tua
999 1366 1099 1416 iubilant
1117 1368 1146 1417 ad
1165 1367 1336 1420 celebrandam
1413 1418 1424 1427 ,

95 1445 160 1496 trient
172 1447 299 1497 Trinitatis
315 1454 371 1497 tuae
388 1446 517 1510 gloriosse.
553 1447 645 1498 Canon.
668 1447 840 1507 vociferanter,
857 1448 1021 1511 glorificantes
1038 1450 1211 1514 indesinenter,
1228 1453 1337 1505 clamau-

95 1544 143 1594 tque
160 1545 224 1581 anus
242 1532 272 1581 ed
291 1531 402 1591 alterum,
421 1530 528 1581 dicentes
547 1539 571 1581 ct
585 1530 775 1595 respondentes:
793 1531 905 1594 Sanctus,
923 1535 1034 1586 Sanctus.
1062 1535 1182 1586 Sacerdos
1200 1537 1257 1588 dicit
1275 1538 1338 1589 lianc

95 1615 206 1665 stiomm.
242 1616 353 1666 Sanctus.
388 1616 501 1666 Sanetus.
535 1615 638 1665 Sanctus
655 1614 773 1666 Dominus
790 1625 887 1680 putens.

142 1715 264 1766 Prselatiu
282 1716 444 1767 Nestorii:
465 1717 542 1781 Supra
562 1717 585 1765 in
604 1715 706 1766 excelsis
723 1717 878 1778 sublimibus,
896 1719 920 1768 in
939 1720 1037 1781 regione
1056 1719 1160 1769 timenda
1178 1729 1202 1769 et
1218 1720 1336 1783 gloriosa,

107 1814 151 1864 qne
175 1802 281 1850 cessatio
306 1815 354 1850 nou
372 1808 410 1850 est
428 1801 550 1863 agitationi
569 1799 662 1849 alarum
681 1799 820 1864 Cherubim,
847 1809 871 1850 et
888 1801 1031 1865 hymnorum
1049 1811 1210 1868 cantuumque
1227 1806 1336 1855 suarium

95 1884 274 1935 netidcationum
292 1885 430 1949 Serrpbim,
455 1884 505 1934 illic
527 1885 576 1932 sint
600 1890 693 1933 tuentes
715 1891 818 1936 restrae.
851 1886 881 1937 lit
902 1885 1058 1949 respondent
1092 1886 1127 1934 Ad
1151 1894 1174 1935 te
1197 1896 1254 1937 snut
1270 1888 1337 1939 Deus

95 1968 185 2029 ntem,
204 1970 274 2019 isaac
291 1976 315 2018 et
332 1969 418 2030 lsrael,
436 1969 484 2018 Rea
502 1967 603 2030 glorias.
637 1967 720 2018 Elerat
736 1983 828 2032 rocem,
853 1970 1006 2034 extenditque
1024 1984 1110 2021 manus
1126 1984 1234 2031 sursum,
1259 1973 1337 2022 cauit·

95 2068 240 2104 sunonem
260 2053 355 2103 tertium
375 2061 399 2102 ot
415 2053 578 2118 prosequitur.
615 2051 710 2102 Obletio
728 2053 777 2103 rire
795 2061 820 2103 et
836 2053 961 2104 rationulis
979 2053 1139 2118 primitiarum
1156 2061 1296 2105 nostrerum
1312 2062 1338 2107 st
1435 2089 1439 2095 ·

95 2138 160 2199 tisis,
177 2153 227 2187 uon
247 2137 379 2197 immolata,
403 2144 427 2186 et
444 2135 600 2201 acceptabilis
618 2135 660 2185 lllii
679 2137 774 2200 qenerls
792 2136 878 2200 nostri,
902 2153 973 2202 quam
992 2137 1127 2202 Prophetae
1146 2139 1266 2202 mysteriis
1283 2139 1336 2189 suis

95 2221 252 2285 meismet,
270 2220 413 2285 ettlpostoll
431 2221 558 2270 manifeste
576 2220 781 2284 praedicaverunt,
799 2228 823 2270 et
831 2219 947 2285 blsrtyres
964 2222 1081 2284 sanquine
1099 2221 1217 2272 cervicum
1235 2236 1336 2272 suarum

95 2305 252 2370 qnisixeruut3
269 2305 388 2355 Doctores
406 2305 430 2354 in
439 2304 548 2355 Ecclesia
567 2306 759 2369 explicaverunt:
776 2305 965 2370 sacerdotesque
982 2320 1058 2370 saper
1074 2304 1151 2356 altar'e
1167 2315 1276 2356 sanetum
1289 2306 1337 2356 ob·

95 2389 167 2442 ltrsst
181 2398 207 2443 et
223 2388 424 2441 immolaverunt:
442 2390 535 2439 Leritse
553 2389 660 2439 brachiis
676 2389 728 2439 suis
745 2396 909 2455 portaverunt,
927 2389 1012 2455 populi
1023 2390 1053 2440 ud
1063 2391 1222 2454 expiationem
1232 2390 1337 2442 delicto·

95 2487 116 2523 ts
136 2488 238 2524 suorum
255 2481 425 2538 susceperuut,
448 2488 494 2539 pro
512 2474 625 2523 omnibus
643 2473 742 2523 omuino
761 2473 887 2534 creaturis,
911 2474 962 2524 Deo
980 2475 1087 2524 omnium
1105 2474 1208 2524 Domino
1227 2477 1336 2527 ollertur.

95 2558 223 2622 spondent.
254 2557 355 2619 Dignum
381 2567 405 2608 et
429 2559 516 2607 iustum
543 2567 586 2607 est
623 2558 751 2608 Diaconos.
781 2558 949 2608 discordamini
973 2559 1161 2623 dispensationis
1186 2559 1336 2610 admirabilis

95 2642 148 2693 tristi
165 2642 297 2692 Salretoris
321 2643 406 2703 nostri,
430 2657 491 2706 quae
516 2657 561 2706 pro
580 2642 651 2690 nobis
669 2641 787 2705 completa
807 2651 852 2704 est,
877 2651 900 2692 et
918 2658 962 2707 per
980 2651 1058 2693 ortum
1077 2657 1147 2693 suum
1167 2643 1265 2693 abstulit
1282 2645 1337 2693 lun·

96 2712 148 2776 cres
173 2734 281 2776 nostros.
317 2725 434 2775 Decenter
451 2727 523 2788 igitur
540 2733 602 2775 state
620 2734 644 2775 ct
661 2734 735 2775 orate.
772 2727 818 2776 Pax
835 2727 906 2776 nobis
924 2728 1045 2777 omnibns.
1078 2726 1206 2778 Sacerdos.
1233 2728 1336 2778 Domine

95 2825 124 2859 us
140 2812 221 2872 lortis,
240 2811 270 2859 dn
289 2809 358 2858 nobis
376 2819 484 2873 apertam
503 2811 588 2858 laniem
610 2824 692 2861 coram
711 2817 741 2859 te.
776 2811 805 2860 lit
821 2813 978 2876 prosequitur
995 2812 1096 2862 dicendo
1115 2812 1179 2862 hanc
1196 2813 1336 2863 Orationem
1403 2866 1407 2873 ,

95 2908 116 2943 m
137 2895 293 2945 inclinatione
315 2903 417 2943 secreto.
453 2894 486 2942 Tc
505 2895 606 2943 Domine
631 2893 710 2955 tortis,
733 2897 846 2956 existens,
871 2905 978 2956 aeterne,
1003 2897 1066 2945 Deus
1084 2905 1154 2961 pater
1171 2898 1335 2960 omnipotens,

95 2979 144 3028 ies
161 2987 281 3043 perpetuu
300 2979 324 3028 id
342 2979 406 3043 quud
425 2993 460 3038 es,
478 2978 576 3040 dignum
594 2986 639 3039 est,
657 2979 746 3028 decens
764 2981 896 3040 etiustum,
915 2995 960 3030 nos
972 2980 1079 3040 laudare,
1097 2981 1215 3040 conllteri,
1233 2979 1336 3030 adorare

104 3064 205 3112 exaltare
223 3077 330 3126 semper,
348 3071 372 3113 et
390 3078 542 3128 quocumque
560 3071 678 3127 tetupore.
716 3063 752 3112 Tu
770 3065 834 3113 euim
850 3078 877 3113 cs
894 3063 959 3114 Deus
976 3078 1055 3124 rerus,
1068 3065 1337 3128 incompreheusibilis,

95 3147 176 3208 baites,
201 3147 385 3212 inexplicabilis,
411 3148 545 3202 iurisibilis,
569 3162 617 3197 non
642 3149 801 3211 compositus,
824 3163 871 3198 uec
893 3164 966 3198 sensu
984 3137 1159 3213 perceptibilis,
1181 3149 1336 3211 immortalis,

95 3231 172 3282 blimis
190 3239 214 3281 et
232 3231 341 3282 excelsus
359 3247 433 3297 supr-s
451 3232 621 3295 cogitationem
639 3239 664 3281 et
680 3231 862 3293 intelligentiam
880 3235 988 3282 omnium
1006 3241 1184 3283 creaturarum:
1207 3235 1248 3298 qui
1267 3249 1293 3284 es
1311 3235 1336 3285 in
1439 3276 1443 3284 .
1463 3218 1469 3231 ⁶

95 3329 213 3380 tecumque
232 3315 295 3376 loco,
314 3331 359 3366 nce
376 3325 455 3366 tamen
474 3315 528 3366 loen
546 3314 769 3379 comprehenderis,
788 3323 814 3365 ιιι
832 3323 856 3366 st
873 3316 946 3366 Filius
965 3323 1020 3367 tuus
1038 3318 1173 3380 unigenitus
1191 3327 1216 3368 et
1231 3319 1337 3384 Spiritus

95 3414 121 3450 ss
132 3408 239 3450 unctus.
267 3401 303 3450 'lu
312 3401 414 3451 Domine
432 3402 462 3451 da
481 3401 552 3451 nobis
570 3401 677 3460 verbum,
695 3400 725 3448 ad
743 3413 785 3449 nra
804 3406 887 3449 nostra
905 3415 988 3451 rersns
1006 3410 1029 3451 te
1046 3401 1212 3466 aperiendum,
1231 3412 1256 3452 ut
1274 3404 1336 3453 olle·

96 3497 145 3534 mss
160 3485 204 3535 tibi
221 3485 295 3535 corde
313 3486 426 3546 contrito,
444 3491 468 3535 et
486 3485 509 3534 in
528 3485 614 3546 spiritu
633 3483 783 3544 humilitatis,
801 3485 894 3535 lruetus
911 3485 1050 3549 spirituales
1060 3486 1177 3535 labiorum
1188 3495 1336 3549 nostrorum,

95 3567 221 3620 isistsrinm
240 3570 398 3620 rationabile:
416 3577 441 3618 to
459 3583 486 3618 es
504 3571 567 3619 enim
586 3569 652 3619 Deus
669 3574 760 3628 noster,
778 3575 803 3616 et
819 3575 889 3631 pater
906 3569 1001 3619 Domini
1018 3569 1083 3631 regis
1101 3577 1125 3618 et
1141 3569 1271 3618 Salretoris
1288 3581 1336 3618 uo·

95 3652 111 3700 ri
124 3653 176 3703 lesu
187 3653 286 3714 Christi,
303 3654 356 3718 spei
374 3661 485 3703 nostroe:
503 3655 528 3703 in
546 3668 594 3717 quo
612 3652 747 3702 absconditi
763 3659 821 3701 suut
838 3665 924 3702 omnes
941 3653 1048 3702 thesauri
1064 3651 1196 3716 sapientiae
1214 3659 1238 3702 et
1254 3651 1337 3725 seien-

95 3751 128 3800 te;
143 3747 167 3789 et
183 3753 228 3803 per
245 3753 317 3804 quem
335 3739 473 3802 accepimus
491 3739 652 3800 coguitionem
670 3737 774 3801 Spiritus
791 3737 876 3797 sancti,
894 3737 1000 3800 Spiritus
1016 3736 1121 3785 reritstis
1139 3735 1179 3798 qui
1198 3751 1211 3785 a
1229 3744 1253 3787 te
1266 3722 1338 3787 reeb

95 3823 180 3881 recedit,
203 3831 228 3873 et
251 3831 333 3873 estex
351 3830 434 3872 nature
453 3822 593 3872 abscondita
611 3821 739 3872 divinitatis
757 3829 820 3870 tuae.
854 3819 911 3884 lpse
928 3828 966 3869 est
982 3833 1028 3884 per
1045 3833 1116 3884 quem
1134 3827 1234 3870 naturee
1251 3835 1337 3871 omues

95 3906 193 3958 idunales
210 3907 318 3957 risibiles
337 3914 360 3956 et
377 3905 517 3967 invisibiles,
535 3907 690 3966 roborantur,
708 3905 888 3957 sanctificantur
905 3911 929 3954 et
946 3904 1111 3969 perllclnutur.
1145 3903 1175 3953 Et
1192 3905 1244 3966 tibi,
1262 3904 1337 3956 Filio-

95 4002 115 4038 te
130 3999 169 4041 luo
186 3992 320 4053 unigenito,
337 3999 362 4040 et
379 3991 479 4055 Spiritui
497 3998 539 4041 tuo
557 3998 650 4052 sancto,
676 3990 761 4041 leudes
779 3997 909 4054 perpetuas
927 3989 1032 4038 ollerunt
1049 4002 1201 4052 quocumque
1218 3996 1337 4054 tempore,
1379 3996 1409 4065 q

95 4074 123 4123 tia
137 4090 221 4126 omnes
239 4089 303 4140 opus
320 4082 387 4125 tuum
404 4083 469 4126 suut.
499 4076 534 4126 'lu
554 4076 617 4126 enim
636 4089 663 4124 ex
687 4075 763 4124 nibilo
791 4089 836 4124 nos
863 4080 889 4122 ut
913 4086 1024 4124 essemus
1049 4072 1193 4136 produxisti,
1219 4081 1242 4123 et
1269 4073 1340 4123 ordi·

95 4160 139 4209 stt
183 4160 334 4210 Offendimus
367 4170 391 4210 et
416 4161 562 4223 cecidimus3
596 4169 667 4225 atque
699 4166 814 4210 vetustate
846 4164 986 4208 consumtus
1018 4157 1106 4207 iterum
1127 4148 1181 4207 bos
1206 4157 1337 4219 renovasti,

95 4244 159 4294 uisu
181 4253 206 4295 et
229 4246 384 4308 acquisivisti,
408 4259 486 4308 neque
510 4245 610 4295 censesti
629 4246 685 4310 quin
701 4244 810 4293 visitares
827 4257 873 4293 uos
890 4256 975 4293 omnes
995 4257 1049 4293 eum
1068 4256 1236 4304 unnenscare.
1271 4240 1337 4290 Adeo

95 4336 99 4376 t
117 4343 159 4380 nos
184 4331 215 4381 ed
234 4327 329 4381 coelum
347 4329 477 4379 ascendere
496 4330 591 4389 leceris,
615 4337 638 4378 ct
656 4342 756 4390 regnum
774 4335 898 4378 tenturum
916 4332 983 4378 tuutlt
1002 4343 1046 4393 per
1063 4326 1254 4377 misericordiam
1271 4332 1338 4374 tuam

95 4411 136 4463 nbis
157 4414 265 4464 dederis.
299 4414 328 4463 Et
345 4422 446 4478 propter
463 4414 544 4463 omnia
562 4412 677 4463 benelicla
696 4420 735 4462 tus
755 4427 810 4475 erge
829 4427 883 4474 nos,
908 4413 996 4475 gratias
1014 4415 1106 4475 aqimus
1125 4411 1167 4461 tibi
1185 4408 1249 4459 Deus
1265 4408 1339 4487 ΙΙξριιι
1401 4418 1409 4429 ·

95 4509 129 4558 ιιι,
145 4499 240 4549 etl'ilio
259 4507 300 4548 tuo
318 4499 448 4561 unigenito,
467 4505 490 4549 et
499 4498 599 4563 Spiritui
617 4505 658 4547 tuo
675 4497 725 4548 riro
744 4504 768 4549 et
783 4505 884 4561 sancto;
902 4497 1079 4571 adoremusque
1096 4504 1120 4545 te
1139 4501 1240 4561 propter
1255 4492 1344 4559 omnis

1082 4578 1139 4636 Ὠ*
