3044 4912
656 256 729 338 δῦδ
803 264 806 269 ’

29 432 99 517 ’-.,.
116 438 178 531 3‘0
198 437 315 528 ίερεύς.
356 438 480 533 Εἰρήνη
500 447 598 512 πάσι.

75 542 95 631 {1
137 539 178 612 ‘0
199 542 363 625 διάκονος.
408 544 479 624 Τὰς
498 543 649 635 κεφαλάς
668 540 759 630 ὐμῶν
779 550 828 636 τῷ
848 541 965 635 Κυρίῳ
984 541 1125 615 νλίνατε.

10 718 15 723 ,
69 676 98 745 j.
119 643 245 734 ’Κύριε
272 641 292 714 δ
314 644 402 726 Θεὸς
426 641 529 736 ἡμῶν,
556 643 577 735 ἦ
599 643 698 727 έλπίς
716 645 774 715 καί
793 646 966 737 καταφογι)
987 645 1123 715 πάντων
1142 652 1208 716 τῶν
1230 647 1328 718 ἐλπι-

130 769 177 813 αιν
199 744 259 816 ίπὸ
279 745 329 829 σί,
350 740 371 816 δ
392 744 577 838 διαφόρους
597 744 698 830 δδσὸς
717 744 883 839 σωτηρίας
902 744 981 837 ἡμῖν
1001 744 1184 831 ὑποδείξας
1197 749 1256 820 διὰ
1268 753 1328 838 τῆς

83 914 86 921 ,
180 845 343 933 ωπύσιως
362 853 423 916 τοῦ
443 854 594 936 Χριστοῦ
615 871 687 931 σου,
708 845 891 938 πρόςδεξαι
910 848 969 917 τὸν
990 846 1111 917 δοῦλόν
1130 872 1192 918 σου
1208 847 1328 934 (τάνδε)

64 1028 85 1045 .-
132 942 349 1017 ἀπολιπόντα
380 948 442 1029 τάς
460 949 621 1036 κοσμικὰς
643 947 907 1036 ἐπιθυμίαςκαὶ
928 947 1046 1018 ἑαυτὸν
1066 949 1327 1040 προςενέγκαντά

94 1054 186 1138 ιτῷ-
202 1047 359 1142 δεσπότῃ,
383 1048 508 1120 θυσίαν
529 1051 637 1134 ζῶσαν
658 1046 845 1140 εὐάρεστον.
887 1048 1030 1139 Περίελε
1050 1047 1108 1118 ἀπ’
1134 1048 1236 1121 αὐτοῦ
1257 1059 1328 1122 πά-

33 1178 37 1183 ·
71 1174 119 1219 αν
138 1149 294 1241 οαριιικίμ
314 1150 503 1238 ίπιθομίαν
523 1152 580 1221 καί
600 1151 661 1233 τάς
681 1149 822 1240 ἀλόγους
841 1150 1060 1242 προςλήψεις,
1081 1154 1138 1221 ἵνα
1157 1160 1198 1243 τῇ
1220 1149 1326 1244 ἀφαι-

47 1250 148 1343 ρέσει
166 1258 233 1319 τῶν
254 1249 468 1343 ἀναισθήτων
488 1260 606 1342 τριχῶν
627 1252 902 1343 συναποβάληται
920 1255 978 1322 καί
997 1254 1058 1335 τάς
1072 1250 1212 1343 ἀλόγους
1226 1255 1327 1324 ένθο-

46 1350 174 1443 μήσιις
193 1377 230 1421 τε
250 1353 308 1422 καί
327 1352 468 1440 πράξεις
486 1354 543 1423 καί
564 1351 696 1446 ἀξιωθῇ
717 1352 895 1443 ἀναλαβεῖν
915 1354 974 1424 τὸν
995 1354 1090 1444 ζυγόν
1104 1379 1165 1425 σου
1178 1356 1237 1425 τὸν
1248 1382 1327 1446 χρη-

47 1454 135 1525 στὸν
154 1453 211 1523 καί
230 1454 270 1523 τὸ
291 1454 438 1546 ἐλαφράν
458 1480 520 1525 σου
542 1457 681 1547 φορτίον
700 1456 758 1526 καί
779 1449 861 1542 ἀραι
880 1457 939 1527 τὸν
958 1458 1110 1547 σταυρὸν,
1138 1454 1327 1547 ἀκολουθῆ-

13 1554 115 1627 *ool
141 1578 199 1624 σοι
223 1563 271 1646 τῷ
297 1555 454 1650 δεσπότῃ.
497 1556 709 1648 Διατήρησον
736 1554 837 1628 αὐτὸν
859 1556 907 1640 είς
927 1558 985 1627 τὸν
1005 1558 1064 1627 σὸν
1086 1555 1250 1648 άγιασμὸν
1269 1557 1327 1627 καί

52 1654 207 1748 δυίρησαι
234 1655 324 1748 αὐτῷ
349 1657 517 1747 πρόθεσιν
545 1656 677 1749 ἀγαθὴν
704 1660 740 1729 έν
765 1666 807 1750 τῇ
826 1657 961 1751 τηρήσει
981 1666 1047 1727 τῶν
1068 1657 1171 1749 άγίων
1191 1684 1252 1729 σου
1273 1658 1328 1729 ἀν-

49 1760 171 1841 τολῶν,
199 1765 414 1848 συναροθμῶν
441 1757 541 1830 αὐτὸν
567 1761 603 1830 έν
628 1766 732 1850 καιρῷ
754 1758 885 1850 εὐθέτῳ
906 1767 954 1850 τῷ
972 1767 1063 1850 χορῷ
1082 1769 1148 1829 τῶν
1169 1761 1327 1830 ἐκλεκτῶν

49 1880 127 1931 σου.
170 1858 297 1951 Χάριτι
323 1862 380 1930 καί
409 1860 653 1954 φιλανθρωπίᾳ
677 1868 739 1931 τοῦ
764 1868 963 1950 μονογενοῦς
989 1886 1051 1930 σου
1072 1860 1157 1944 υίοῦ,
1182 1861 1262 1949 μεθ’
1285 1855 1326 1932 οὐ

51 1956 232 2059 εὐλογητὸς
252 1958 293 2045 εί,
314 1963 374 2032 οὐν
394 1971 443 2053 τῶ
471 1962 624 2053 παναγίῳ
651 1964 709 2032 καί
735 1960 858 2053 ἀγαθῶ
884 1963 941 2031 καί
964 1964 1121 2052 ζωοποιῶ
1140 1987 1202 2031 σου
1223 1961 1325 2031 πνεί-

47 2088 147 2151 ματι,
169 2070 225 2132 νῦν
244 2065 301 2133 καί
323 2061 387 2148 ἀεί,
407 2065 464 2134 καί
485 2064 535 2147 είς
554 2065 633 2146 τοὸς
654 2063 777 2146 αἰῶνας
796 2071 862 2132 τῶν
883 2062 1022 2135 αἰώνων.
1061 2062 1176 2153 Ἀμήν.

138 2158 224 2234 Βίτα
251 2165 397 2248 ἐκτείνας
422 2168 482 2257 τὴν
506 2173 602 2257 χεῖρα
629 2163 731 2236 αὐτοῦ
758 2163 777 2236 δ
807 2162 913 2255 ίερεὸς
939 2163 988 2247 είς
1014 2167 1054 2236 τὸ
1075 2165 1171 2254 άγιον
1191 2163 1326 2255 εὐαγγέ-

48 2267 138 2349 λιον,
159 2268 263 2355 λέγει·

57 2412 62 2419 -
137 2365 222 2436 Ἰδοὸ
244 2366 264 2437 δ
285 2369 432 2460 Χριστὸς
453 2367 605 2459 ἀοράτως
625 2371 774 2439 ἐνταῦθα
794 2366 949 2459 πάρεστι.
990 2370 1115 2451 Βλέπε,
1138 2367 1193 2438 ὅτι
1214 2366 1325 2452 οὐδείς

50 2492 93 2541 σε
122 2465 297 2558 ἀναγκάζει
324 2472 438 2541 ἐλθεῖν
465 2471 524 2541 έπί
551 2480 650 2540 τοῦτο
671 2471 709 2541 τὸ
731 2476 850 2561 σχῆμα.
892 2469 1017 2551 Βλέπε,
1045 2468 1099 2538 ὅτι
1120 2470 1160 2538 οὐ
1182 2471 1218 2540 ἐκ
1238 2498 1325 2560 προ-

52 2571 186 2651 θέσεως
221 2571 337 2653 θέλεις
368 2574 425 2642 τὸν
463 2569 638 2664 ἀρραβῶνα
669 2578 729 2641 τοῦ
759 2570 905 2660 μεγάλου
939 2572 999 2640 καί
1036 2567 1207 2659 ἀγγελικοῦ
1245 2571 1324 2663 σχή-

50 2696 171 2759 ουτοι.

136 2770 340 2864 Ἀπόκρισις.
383 2776 463 2858 Ναί,
485 2773 575 2862 τίμιε
595 2774 712 2866 πάτερ,
735 2775 772 2846 ἔκ
791 2774 1000 2864 προθέσεως.

138 2876 211 2944 Καί
230 2876 315 2963 μετὰ
335 2876 374 2945 τὸ
397 2876 637 2960 συντάξασθαι,
659 2878 747 2966 λέγει
767 2877 855 2966 πρὸς
877 2874 977 2945 αὐτὸν
998 2872 1017 2945 δ
1041 2874 1161 2966 ίερεύς·

137 2976 240 3064 Λάβε
260 2979 300 3047 τὸ
321 2978 483 3069 ψαλίδιον
503 2980 560 3049 καί
580 2977 699 3060 ἐπίδος
718 3005 779 3065 μοι
800 2975 893 3046 αὐτά.
939 2974 1030 3061 Τρίς.

115 3166 118 3171 1
140 3079 219 3148 Καί·
239 3080 416 3161 ἐπιδόντος
443 3079 546 3149 αὐτοῦ
572 3081 611 3149 τὸ
639 3078 810 3170 ψαλίδιον,
839 3079 928 3166 λέγει
948 3074 1052 3144 πάλιν
1073 3079 1160 3165 πρὸς
1180 3075 1281 3145 αὐτὸν
1303 3073 1322 3146 δ

53 3177 179 3270 λερεύς·

137 3280 223 3352 Ἰδοὸ
251 3283 287 3352 έκ
313 3289 373 3372 τῆς
398 3282 508 3371 χειρὸς
534 3287 594 3351 τοῦ
622 3287 770 3370 Χριστοῦ
801 3277 983 3366 λαμβάνεις
1010 3275 1102 3349 αὐτὸ.
1144 3280 1259 3351 Βλέπε
1285 3280 1325 3353 δὲ

49 3383 121 3455 τίνι
142 3383 317 3475 συντάοσῃ,
338 3382 404 3454 τίνι
424 3384 587 3475 προςέρχῃ
609 3383 666 3452 καί
685 3380 751 3450 τίνι
774 3378 960 3474 ἀποτάσσῃ.

140 3486 211 3553 Καὶ
231 3488 343 3571 λαβὼν
364 3483 382 3554 ὁ
406 3482 512 3573 ίερεὸς
531 3485 570 3553 τὸ
585 3483 747 3573 ψαλίδιον
760 3484 796 3554 ίκ
810 3490 871 3554 τοῦ
885 3481 981 3572 ἁγίου
995 3479 1195 3571 εὐαγγελίου,
1216 3482 1323 3572 λέγει·

139 3582 327 3677 Εὐλογητὸς
352 3582 371 3655 ὸ
395 3587 490 3668 Θεὸς,
517 3584 537 3655 δ
565 3587 678 3656 θέλων
703 3584 834 3667 πάντας
861 3582 1065 3673 ἀνθρώπους
1090 3591 1245 3675 σωθῆναι
1265 3585 1323 3655 καί

49 3686 105 3770 είς
126 3686 305 3777 ἐπίγνωσιν
326 3685 489 3779 ἀληθείας
510 3689 634 3771 ἐλθεῖν,
656 3684 675 3757 δ
698 3684 744 3756 ῶν
765 3684 939 3776 εὐλογητὸς
960 3684 1009 3768 εἷς
1027 3685 1106 3767 τοὸς
1120 3683 1244 3767 αίῶνας
1256 3694 1323 3754 τῶν

48 3817 196 3861 αιωνιυν.

142 3884 227 3958 Εἶτα
247 3888 397 3980 κουρεύει
419 3886 519 3958 αὐτὸν
539 3886 558 3957 ὸ
582 3887 688 3978 ίερεύς
707 3891 940 3978 σταυροειδῶς,
962 3888 1079 3977 λέγων·

139 3989 178 4058 ‘0
200 3989 348 4082 ἀδελφὸς
368 3989 460 4080 ἡμῶν
482 3988 512 4071 (ὸ
534 3994 638 4074 δεῖνα)
658 3987 804 4080 κείρεται
823 3991 883 4080 τὴν
902 3988 1005 4082 κόμην
1024 3995 1083 4079 τῆς
1100 3991 1248 4080 κεφαλῆς
1262 3987 1323 4060 αὐ·

49 4101 129 4174 τοῦ,
151 4090 199 4173 είς
219 4094 257 4161 τὸ
279 4087 385 4178 ὐνομα
406 4100 466 4161 τοῦ
486 4093 624 4183 πατρὸς,
646 4093 702 4161 καί
721 4100 782 4161 τοῦ
803 4090 887 4175 υίοῦ,
908 4091 1044 4161 καὶτοῦ
1064 4088 1159 4179 άγίου
1173 4090 1323 4179 πνεύμα-

49 4220 126 4275 τος.
167 4192 327 4280 Είπωμεν
348 4191 433 4282 ὑπὲρ
457 4192 559 4263 αὐτοῦ
579 4195 628 4276 τὸ,
650 4192 766 4282 Κύριε,
788 4192 933 4284 έλέγοον.

128 4288 212 4364 ιΚαὶ
234 4293 402 4387 ψάλλεται
422 4295 516 4384 παρὰ
537 4302 602 4363 τῶν
624 4291 778 4386 ἀδελφῶν
798 4296 847 4377 τὸ,
868 4293 984 4385 Κύριε,
1006 4294 1150 4386 έλέησον.

142 4391 228 4465 Βίτα
249 4396 358 4466 ένδύει
379 4394 478 4464 αὐτὸν
498 4398 537 4467 τὸ
560 4394 701 4484 ἱμάτιον,
724 4397 842 4484 λέγων·

140 4494 179 4566 Ὁ
206 4495 353 4591 ἀδελφὸς
377 4495 470 4590 ἡμῶν
497 4496 530 4582 (ὸ
553 4502 657 4584 δεῖνα)
684 4497 833 4569 ένδύεται
858 4505 982 4586 χιτῶνα
1008 4494 1245 4589 ἀγαλλιάσεως,
1271 4496 1321 4580 είς

1066 4602 1123 4656 43*
