<?xml version="1.0" encoding="UTF-8"?>
<!DOCTYPE html PUBLIC "-//W3C//DTD XHTML 1.0 Transitional//EN"
    "http://www.w3.org/TR/xhtml1/DTD/xhtml1-transitional.dtd">
<html xmlns="http://www.w3.org/1999/xhtml" xml:lang="en" lang="en">
 <head>
  <title>
</title>
<meta http-equiv="Content-Type" content="text/html;charset=utf-8" />
  <meta name='ocr-system' content='tesseract 3.04.00' />
  <meta name='ocr-capabilities' content='ocr_page ocr_carea ocr_par ocr_line ocrx_word'/>
</head>
<body>
  <div class='ocr_page' id='page_1' title='image "./codexliturgicus05danigoog_0020.png"; bbox 0 0 3044 4912; ppageno 0'>
   <div class='ocr_carea' id='block_1_1' title="bbox 695 272 718 345">
    <p class='ocr_par' dir='ltr' id='par_1_1' title="bbox 695 272 718 345">
     <span class='ocr_line' id='line_1_1' title="bbox 695 272 718 345; baseline 0 0"><span class='ocrx_word' id='word_1_1' title='bbox 695 272 718 345; x_wconf 80' lang='lat' dir='ltr'>a</span> 
     </span>
    </p>
   </div>
   <div class='ocr_carea' id='block_1_2' title="bbox 61 457 1405 2468">
    <p class='ocr_par' dir='ltr' id='par_1_2' title="bbox 61 457 1341 1249">
     <span class='ocr_line' id='line_1_2' title="bbox 62 457 1341 541; baseline 0.005 -21"><span class='ocrx_word' id='word_1_2' title='bbox 62 459 152 520; x_wconf 75' lang='lat' dir='ltr'>tiliois</span> <span class='ocrx_word' id='word_1_3' title='bbox 175 457 355 520; x_wconf 81' lang='lat' dir='ltr'>seutentiam</span> <span class='ocrx_word' id='word_1_4' title='bbox 378 475 440 518; x_wconf 90' lang='lat' dir='ltr'>non</span> <span class='ocrx_word' id='word_1_5' title='bbox 461 457 500 518; x_wconf 92' lang='lat' dir='ltr'>ita</span> <span class='ocrx_word' id='word_1_6' title='bbox 521 457 608 518; x_wconf 83' lang='lat' dir='ltr'>velim</span> <span class='ocrx_word' id='word_1_7' title='bbox 623 458 819 533; x_wconf 72' lang='lat' dir='ltr'>intellectam,</span> <span class='ocrx_word' id='word_1_8' title='bbox 842 469 876 523; x_wconf 91' lang='lat' dir='ltr'>ut</span> <span class='ocrx_word' id='word_1_9' title='bbox 896 461 1049 541; x_wconf 91' lang='lat' dir='ltr'>apostolos</span> <span class='ocrx_word' id='word_1_10' title='bbox 1070 462 1341 526; x_wconf 83' lang='lat' dir='ltr'>rerbainstitutio·</span> 
     </span>
     <span class='ocr_line' id='line_1_3' title="bbox 61 553 1340 642; baseline 0.004 -19"><span class='ocrx_word' id='word_1_11' title='bbox 61 561 110 623; x_wconf 88' lang='lat' dir='ltr'>nis</span> <span class='ocrx_word' id='word_1_12' title='bbox 139 559 301 623; x_wconf 75' lang='lat' dir='ltr'><strong>reticuisse</strong></span> <span class='ocrx_word' id='word_1_13' title='bbox 326 577 383 621; x_wconf 89' lang='lat' dir='ltr'>nec</span> <span class='ocrx_word' id='word_1_14' title='bbox 410 558 519 638; x_wconf 78' lang='lat' dir='ltr'>gratias</span> <span class='ocrx_word' id='word_1_15' title='bbox 548 566 617 620; x_wconf 89' lang='lat' dir='ltr'>ante</span> <span class='ocrx_word' id='word_1_16' title='bbox 647 553 768 622; x_wconf 86' lang='lat' dir='ltr'>coenam</span> <span class='ocrx_word' id='word_1_17' title='bbox 797 580 910 624; x_wconf 86' lang='lat' dir='ltr'>sacram</span> <span class='ocrx_word' id='word_1_18' title='bbox 939 565 1038 642; x_wconf 89' lang='lat' dir='ltr'>egisse</span> <span class='ocrx_word' id='word_1_19' title='bbox 1060 564 1172 626; x_wconf 90' lang='lat' dir='ltr'>credas.</span> <span class='ocrx_word' id='word_1_20' title='bbox 1229 565 1288 627; x_wconf 90' lang='lat' dir='ltr'>Sed</span> <span class='ocrx_word' id='word_1_21' title='bbox 1310 566 1340 628; x_wconf 94' lang='lat' dir='ltr'>id</span> 
     </span>
     <span class='ocr_line' id='line_1_4' title="bbox 63 659 1341 744; baseline 0.004 -20"><span class='ocrx_word' id='word_1_22' title='bbox 63 663 155 725; x_wconf 87' lang='lat' dir='ltr'>docet</span> <span class='ocrx_word' id='word_1_23' title='bbox 169 660 349 741; x_wconf 73' lang='lat' dir='ltr'>Gregorius,</span> <span class='ocrx_word' id='word_1_24' title='bbox 373 660 453 740; x_wconf 84' lang='lat' dir='ltr'>quod</span> <span class='ocrx_word' id='word_1_25' title='bbox 468 659 579 721; x_wconf 80' lang='lat' dir='ltr'>arridet</span> <span class='ocrx_word' id='word_1_26' title='bbox 600 660 660 723; x_wconf 91' lang='lat' dir='ltr'>acri</span> <span class='ocrx_word' id='word_1_27' title='bbox 682 670 712 722; x_wconf 92' lang='lat' dir='ltr'>et</span> <span class='ocrx_word' id='word_1_28' title='bbox 733 661 865 741; x_wconf 80' lang='lat' dir='ltr'>diligenti</span> <span class='ocrx_word' id='word_1_29' title='bbox 888 664 1072 744; x_wconf 87' lang='lat' dir='ltr'>antiquarum</span> <span class='ocrx_word' id='word_1_30' title='bbox 1095 685 1195 728; x_wconf 91' lang='lat' dir='ltr'>rerum</span> <span class='ocrx_word' id='word_1_31' title='bbox 1217 668 1341 729; x_wconf 87' lang='lat' dir='ltr'>iuvesti-</span> 
     </span>
     <span class='ocr_line' id='line_1_5' title="bbox 62 761 1339 844; baseline 0.005 -19"><span class='ocrx_word' id='word_1_32' title='bbox 62 763 173 844; x_wconf 86' lang='lat' dir='ltr'>gatori:</span> <span class='ocrx_word' id='word_1_33' title='bbox 212 763 366 842; x_wconf 89' lang='lat' dir='ltr'>apostolos</span> <span class='ocrx_word' id='word_1_34' title='bbox 396 761 551 840; x_wconf 79' lang='lat' dir='ltr'>ignorasse</span> <span class='ocrx_word' id='word_1_35' title='bbox 582 761 759 840; x_wconf 82' lang='lat' dir='ltr'>prolixiores</span> <span class='ocrx_word' id='word_1_36' title='bbox 791 781 896 842; x_wconf 91' lang='lat' dir='ltr'>preces</span> <span class='ocrx_word' id='word_1_37' title='bbox 926 775 1032 844; x_wconf 86' lang='lat' dir='ltr'>postea</span> <span class='ocrx_word' id='word_1_38' title='bbox 1059 767 1172 829; x_wconf 81' lang='lat' dir='ltr'>(laconi</span> <span class='ocrx_word' id='word_1_39' title='bbox 1199 769 1339 831; x_wconf 89' lang='lat' dir='ltr'>insertas.</span> 
     </span>
     <span class='ocr_line' id='line_1_6' title="bbox 66 863 1339 946; baseline 0.003 -18"><span class='ocrx_word' id='word_1_40' title='bbox 66 864 240 929; x_wconf 75' lang='lat' dir='ltr'>offerebant</span> <span class='ocrx_word' id='word_1_41' title='bbox 267 883 375 946; x_wconf 91' lang='lat' dir='ltr'>panem</span> <span class='ocrx_word' id='word_1_42' title='bbox 397 872 428 926; x_wconf 88' lang='lat' dir='ltr'>et</span> <span class='ocrx_word' id='word_1_43' title='bbox 448 863 564 937; x_wconf 82' lang='lat' dir='ltr'>viuum,</span> <span class='ocrx_word' id='word_1_44' title='bbox 601 863 703 942; x_wconf 89' lang='lat' dir='ltr'>gratiis</span> <span class='ocrx_word' id='word_1_45' title='bbox 726 871 756 926; x_wconf 91' lang='lat' dir='ltr'>ct</span> <span class='ocrx_word' id='word_1_46' title='bbox 776 863 912 926; x_wconf 80' lang='lat' dir='ltr'>laudibus</span> <span class='ocrx_word' id='word_1_47' title='bbox 934 865 1028 928; x_wconf 87' lang='lat' dir='ltr'>Deum</span> <span class='ocrx_word' id='word_1_48' title='bbox 1056 870 1201 931; x_wconf 85' lang='lat' dir='ltr'>venerati:</span> <span class='ocrx_word' id='word_1_49' title='bbox 1230 889 1339 932; x_wconf 89' lang='lat' dir='ltr'>conse·</span> 
     </span>
     <span class='ocr_line' id='line_1_7' title="bbox 65 964 1341 1048; baseline 0.003 -18"><span class='ocrx_word' id='word_1_50' title='bbox 65 968 188 1031; x_wconf 74' lang='lat' dir='ltr'>nabent</span> <span class='ocrx_word' id='word_1_51' title='bbox 209 967 274 1040; x_wconf 91' lang='lat' dir='ltr'>illa,</span> <span class='ocrx_word' id='word_1_52' title='bbox 296 966 421 1045; x_wconf 86' lang='lat' dir='ltr'>opinor,</span> <span class='ocrx_word' id='word_1_53' title='bbox 445 966 569 1027; x_wconf 90' lang='lat' dir='ltr'>lormula</span> <span class='ocrx_word' id='word_1_54' title='bbox 589 983 675 1044; x_wconf 89' lang='lat' dir='ltr'>quam</span> <span class='ocrx_word' id='word_1_55' title='bbox 697 964 805 1029; x_wconf 91' lang='lat' dir='ltr'>Paulus</span> <span class='ocrx_word' id='word_1_56' title='bbox 824 966 977 1046; x_wconf 90' lang='lat' dir='ltr'>apostolus</span> <span class='ocrx_word' id='word_1_57' title='bbox 1000 969 1193 1048; x_wconf 88' lang='lat' dir='ltr'>„accepisse“</span> <span class='ocrx_word' id='word_1_58' title='bbox 1216 980 1341 1034; x_wconf 88' lang='lat' dir='ltr'>testatur</span> 
     </span>
     <span class='ocr_line' id='line_1_8' title="bbox 66 1067 1341 1148; baseline 0.004 -18"><span class='ocrx_word' id='word_1_59' title='bbox 66 1069 161 1131; x_wconf 85' lang='lat' dir='ltr'>lGor.</span> <span class='ocrx_word' id='word_1_60' title='bbox 177 1073 233 1132; x_wconf 90' lang='lat' dir='ltr'>ll:</span> <span class='ocrx_word' id='word_1_61' title='bbox 255 1067 471 1130; x_wconf 77' lang='lat' dir='ltr'>concludebant</span> <span class='ocrx_word' id='word_1_62' title='bbox 492 1067 626 1129; x_wconf 90' lang='lat' dir='ltr'>oratioue</span> <span class='ocrx_word' id='word_1_63' title='bbox 648 1067 803 1129; x_wconf 90' lang='lat' dir='ltr'>dominica.</span> <span class='ocrx_word' id='word_1_64' title='bbox 840 1068 973 1148; x_wconf 84' lang='lat' dir='ltr'>Denique</span> <span class='ocrx_word' id='word_1_65' title='bbox 994 1087 1056 1130; x_wconf 91' lang='lat' dir='ltr'>non</span> <span class='ocrx_word' id='word_1_66' title='bbox 1078 1071 1204 1132; x_wconf 86' lang='lat' dir='ltr'>alienum</span> <span class='ocrx_word' id='word_1_67' title='bbox 1227 1073 1341 1135; x_wconf 84' lang='lat' dir='ltr'>videtur</span> 
     </span>
     <span class='ocr_line' id='line_1_9' title="bbox 66 1169 1034 1249; baseline 0.001 -18"><span class='ocrx_word' id='word_1_68' title='bbox 66 1170 178 1242; x_wconf 79' lang='lat' dir='ltr'>elide,</span> <span class='ocrx_word' id='word_1_69' title='bbox 201 1171 262 1231; x_wconf 93' lang='lat' dir='ltr'>iam</span> <span class='ocrx_word' id='word_1_70' title='bbox 284 1170 451 1233; x_wconf 90' lang='lat' dir='ltr'>obtinuisse</span> <span class='ocrx_word' id='word_1_71' title='bbox 473 1169 598 1249; x_wconf 89' lang='lat' dir='ltr'>aliquam</span> <span class='ocrx_word' id='word_1_72' title='bbox 621 1169 816 1232; x_wconf 90' lang='lat' dir='ltr'>distribuendi</span> <span class='ocrx_word' id='word_1_73' title='bbox 837 1170 1034 1249; x_wconf 79' lang='lat' dir='ltr'>formulam.⁹)</span> 
     </span>
    </p>

    <p class='ocr_par' dir='ltr' id='par_1_3' title="bbox 63 1267 1405 2468">
     <span class='ocr_line' id='line_1_10' title="bbox 148 1267 1405 1352; baseline 0.003 -19"><span class='ocrx_word' id='word_1_74' title='bbox 148 1272 265 1352; x_wconf 84' lang='lat' dir='ltr'>Duplex</span> <span class='ocrx_word' id='word_1_75' title='bbox 293 1272 383 1351; x_wconf 88' lang='lat' dir='ltr'>igitur</span> <span class='ocrx_word' id='word_1_76' title='bbox 409 1280 473 1332; x_wconf 91' lang='lat' dir='ltr'>erat</span> <span class='ocrx_word' id='word_1_77' title='bbox 498 1271 607 1352; x_wconf 84' lang='lat' dir='ltr'>priscis</span> <span class='ocrx_word' id='word_1_78' title='bbox 630 1267 807 1332; x_wconf 87' lang='lat' dir='ltr'>Christianis</span> <span class='ocrx_word' id='word_1_79' title='bbox 835 1271 930 1333; x_wconf 92' lang='lat' dir='ltr'>cultus</span> <span class='ocrx_word' id='word_1_80' title='bbox 959 1272 1049 1335; x_wconf 85' lang='lat' dir='ltr'>divini</span> <span class='ocrx_word' id='word_1_81' title='bbox 1075 1274 1123 1336; x_wconf 83' lang='lat' dir='ltr'>lex</span> <span class='ocrx_word' id='word_1_82' title='bbox 1150 1283 1182 1337; x_wconf 92' lang='lat' dir='ltr'>et</span> <span class='ocrx_word' id='word_1_83' title='bbox 1208 1293 1338 1337; x_wconf 87' lang='lat' dir='ltr'>consuo·</span> <span class='ocrx_word' id='word_1_84' title='bbox 1401 1316 1405 1323; x_wconf 92' lang='lat'>-</span> 
     </span>
     <span class='ocr_line' id='line_1_11' title="bbox 66 1373 1339 1453; baseline 0.003 -18"><span class='ocrx_word' id='word_1_85' title='bbox 66 1374 155 1435; x_wconf 88' lang='lat' dir='ltr'>tudo:</span> <span class='ocrx_word' id='word_1_86' title='bbox 179 1373 272 1435; x_wconf 89' lang='lat' dir='ltr'>altera</span> <span class='ocrx_word' id='word_1_87' title='bbox 295 1373 423 1453; x_wconf 90' lang='lat' dir='ltr'>templi</span> <span class='ocrx_word' id='word_1_88' title='bbox 446 1391 480 1434; x_wconf 91' lang='lat' dir='ltr'>ac</span> <span class='ocrx_word' id='word_1_89' title='bbox 501 1373 801 1452; x_wconf 76' lang='lat' dir='ltr'>synagogarum,</span> <span class='ocrx_word' id='word_1_90' title='bbox 824 1391 891 1434; x_wconf 89' lang='lat' dir='ltr'>curn</span> <span class='ocrx_word' id='word_1_91' title='bbox 906 1373 1023 1436; x_wconf 88' lang='lat' dir='ltr'>ludaeis</span> <span class='ocrx_word' id='word_1_92' title='bbox 1045 1375 1224 1439; x_wconf 90' lang='lat' dir='ltr'>communis:</span> <span class='ocrx_word' id='word_1_93' title='bbox 1248 1377 1339 1439; x_wconf 87' lang='lat' dir='ltr'>altera</span> 
     </span>
     <span class='ocr_line' id='line_1_12' title="bbox 64 1473 1337 1557; baseline 0.002 -21"><span class='ocrx_word' id='word_1_94' title='bbox 64 1475 341 1546; x_wconf 87' lang='lat' dir='ltr'>eucharistica,</span> <span class='ocrx_word' id='word_1_95' title='bbox 364 1474 496 1536; x_wconf 88' lang='lat' dir='ltr'>nascenti</span> <span class='ocrx_word' id='word_1_96' title='bbox 519 1475 661 1537; x_wconf 85' lang='lat' dir='ltr'>ecclesiae</span> <span class='ocrx_word' id='word_1_97' title='bbox 682 1473 804 1554; x_wconf 90' lang='lat' dir='ltr'>propria</span> <span class='ocrx_word' id='word_1_98' title='bbox 826 1482 856 1536; x_wconf 94' lang='lat' dir='ltr'>et</span> <span class='ocrx_word' id='word_1_99' title='bbox 877 1475 1050 1554; x_wconf 85' lang='lat' dir='ltr'>peculiaris,</span> <span class='ocrx_word' id='word_1_100' title='bbox 1078 1495 1095 1537; x_wconf 91' lang='lat' dir='ltr'>a</span> <span class='ocrx_word' id='word_1_101' title='bbox 1117 1495 1174 1555; x_wconf 90' lang='lat' dir='ltr'>qua</span> <span class='ocrx_word' id='word_1_102' title='bbox 1194 1478 1337 1557; x_wconf 90' lang='lat' dir='ltr'>prohibe-</span> 
     </span>
     <span class='ocr_line' id='line_1_13' title="bbox 64 1576 1339 1656; baseline 0.002 -18"><span class='ocrx_word' id='word_1_103' title='bbox 64 1577 172 1638; x_wconf 81' lang='lat' dir='ltr'>bantur</span> <span class='ocrx_word' id='word_1_104' title='bbox 200 1576 340 1655; x_wconf 84' lang='lat' dir='ltr'>baptismi</span> <span class='ocrx_word' id='word_1_105' title='bbox 370 1576 483 1637; x_wconf 87' lang='lat' dir='ltr'>lavacro</span> <span class='ocrx_word' id='word_1_106' title='bbox 512 1577 644 1638; x_wconf 88' lang='lat' dir='ltr'>nondum</span> <span class='ocrx_word' id='word_1_107' title='bbox 665 1576 840 1654; x_wconf 88' lang='lat' dir='ltr'>regenerati.</span> <span class='ocrx_word' id='word_1_108' title='bbox 888 1577 949 1638; x_wconf 89' lang='lat' dir='ltr'>lam</span> <span class='ocrx_word' id='word_1_109' title='bbox 976 1595 1047 1639; x_wconf 89' lang='lat' dir='ltr'>vero</span> <span class='ocrx_word' id='word_1_110' title='bbox 1068 1594 1174 1656; x_wconf 89' lang='lat' dir='ltr'>magna</span> <span class='ocrx_word' id='word_1_111' title='bbox 1195 1580 1269 1641; x_wconf 88' lang='lat' dir='ltr'>lacta</span> <span class='ocrx_word' id='word_1_112' title='bbox 1291 1586 1339 1640; x_wconf 89' lang='lat' dir='ltr'>est</span> 
     </span>
     <span class='ocr_line' id='line_1_14' title="bbox 63 1677 1339 1760; baseline 0.002 -20"><span class='ocrx_word' id='word_1_113' title='bbox 63 1697 162 1740; x_wconf 82' lang='lat' dir='ltr'>renim</span> <span class='ocrx_word' id='word_1_114' title='bbox 187 1679 389 1741; x_wconf 86' lang='lat' dir='ltr'>commutatio.</span> <span class='ocrx_word' id='word_1_115' title='bbox 443 1678 595 1739; x_wconf 87' lang='lat' dir='ltr'>Sucorcvit</span> <span class='ocrx_word' id='word_1_116' title='bbox 620 1677 762 1739; x_wconf 89' lang='lat' dir='ltr'>ecclesiae</span> <span class='ocrx_word' id='word_1_117' title='bbox 789 1696 898 1740; x_wconf 86' lang='lat' dir='ltr'>novum</span> <span class='ocrx_word' id='word_1_118' title='bbox 926 1678 1018 1740; x_wconf 90' lang='lat' dir='ltr'>robur</span> <span class='ocrx_word' id='word_1_119' title='bbox 1039 1697 1073 1740; x_wconf 91' lang='lat' dir='ltr'>ac</span> <span class='ocrx_word' id='word_1_120' title='bbox 1094 1679 1231 1755; x_wconf 89' lang='lat' dir='ltr'>soboles,</span> <span class='ocrx_word' id='word_1_121' title='bbox 1265 1700 1339 1760; x_wconf 89' lang='lat' dir='ltr'>quae</span> 
     </span>
     <span class='ocr_line' id='line_1_15' title="bbox 63 1779 1340 1861; baseline 0.002 -20"><span class='ocrx_word' id='word_1_122' title='bbox 63 1801 99 1841; x_wconf 84' lang='lat' dir='ltr'>ex</span> <span class='ocrx_word' id='word_1_123' title='bbox 120 1779 256 1860; x_wconf 90' lang='lat' dir='ltr'>gentium</span> <span class='ocrx_word' id='word_1_124' title='bbox 278 1779 409 1842; x_wconf 84' lang='lat' dir='ltr'>tenebris</span> <span class='ocrx_word' id='word_1_125' title='bbox 430 1781 467 1841; x_wconf 90' lang='lat' dir='ltr'>ad</span> <span class='ocrx_word' id='word_1_126' title='bbox 489 1779 597 1841; x_wconf 84' lang='lat' dir='ltr'>Christi</span> <span class='ocrx_word' id='word_1_127' title='bbox 625 1779 719 1840; x_wconf 89' lang='lat' dir='ltr'>lucem</span> <span class='ocrx_word' id='word_1_128' title='bbox 747 1779 981 1857; x_wconf 84' lang='lat' dir='ltr'>transmigravit,</span> <span class='ocrx_word' id='word_1_129' title='bbox 1018 1780 1083 1859; x_wconf 90' lang='lat' dir='ltr'>ipsa</span> <span class='ocrx_word' id='word_1_130' title='bbox 1112 1799 1166 1842; x_wconf 87' lang='lat' dir='ltr'>sua</span> <span class='ocrx_word' id='word_1_131' title='bbox 1195 1783 1288 1861; x_wconf 88' lang='lat' dir='ltr'>stirpe</span> <span class='ocrx_word' id='word_1_132' title='bbox 1309 1789 1340 1844; x_wconf 88' lang='lat' dir='ltr'>et</span> 
     </span>
     <span class='ocr_line' id='line_1_16' title="bbox 64 1879 1338 1964; baseline 0.004 -22"><span class='ocrx_word' id='word_1_133' title='bbox 64 1883 180 1961; x_wconf 88' lang='lat' dir='ltr'>origine</span> <span class='ocrx_word' id='word_1_134' title='bbox 202 1881 239 1942; x_wconf 87' lang='lat' dir='ltr'>ab</span> <span class='ocrx_word' id='word_1_135' title='bbox 261 1881 309 1942; x_wconf 92' lang='lat' dir='ltr'>illa</span> <span class='ocrx_word' id='word_1_136' title='bbox 329 1881 513 1943; x_wconf 86' lang='lat' dir='ltr'>Iudaicorum</span> <span class='ocrx_word' id='word_1_137' title='bbox 535 1881 644 1942; x_wconf 91' lang='lat' dir='ltr'>rituum</span> <span class='ocrx_word' id='word_1_138' title='bbox 666 1879 809 1960; x_wconf 89' lang='lat' dir='ltr'>religione</span> <span class='ocrx_word' id='word_1_139' title='bbox 832 1890 862 1942; x_wconf 89' lang='lat' dir='ltr'>et</span> <span class='ocrx_word' id='word_1_140' title='bbox 882 1880 1067 1943; x_wconf 88' lang='lat' dir='ltr'>observantia</span> <span class='ocrx_word' id='word_1_141' title='bbox 1089 1883 1228 1945; x_wconf 91' lang='lat' dir='ltr'>immunis</span> <span class='ocrx_word' id='word_1_142' title='bbox 1251 1893 1338 1964; x_wconf 82' lang='lat' dir='ltr'>atque</span> 
     </span>
     <span class='ocr_line' id='line_1_17' title="bbox 63 1981 1337 2064; baseline 0.001 -19"><span class='ocrx_word' id='word_1_143' title='bbox 63 1984 169 2045; x_wconf 89' lang='lat' dir='ltr'>aliena.</span> <span class='ocrx_word' id='word_1_144' title='bbox 224 1983 357 2045; x_wconf 79' lang='lat' dir='ltr'>Accessit</span> <span class='ocrx_word' id='word_1_145' title='bbox 384 1983 463 2062; x_wconf 86' lang='lat' dir='ltr'>quod</span> <span class='ocrx_word' id='word_1_146' title='bbox 490 1981 590 2044; x_wconf 91' lang='lat' dir='ltr'>ludaei</span> <span class='ocrx_word' id='word_1_147' title='bbox 618 1981 648 2042; x_wconf 91' lang='lat' dir='ltr'>in</span> <span class='ocrx_word' id='word_1_148' title='bbox 676 1982 741 2044; x_wconf 91' lang='lat' dir='ltr'>dies</span> <span class='ocrx_word' id='word_1_149' title='bbox 769 1984 893 2061; x_wconf 86' lang='lat' dir='ltr'>llagrare</span> <span class='ocrx_word' id='word_1_150' title='bbox 921 1993 1082 2062; x_wconf 92' lang='lat' dir='ltr'>coeperunt</span> <span class='ocrx_word' id='word_1_151' title='bbox 1111 1984 1228 2064; x_wconf 90' lang='lat' dir='ltr'>capitali</span> <span class='ocrx_word' id='word_1_152' title='bbox 1250 1984 1337 2046; x_wconf 85' lang='lat' dir='ltr'>Chri-</span> 
     </span>
     <span class='ocr_line' id='line_1_18' title="bbox 64 2083 1337 2164; baseline 0.002 -19"><span class='ocrx_word' id='word_1_153' title='bbox 64 2087 232 2146; x_wconf 89' lang='lat' dir='ltr'>stianornm</span> <span class='ocrx_word' id='word_1_154' title='bbox 255 2084 324 2146; x_wconf 94' lang='lat' dir='ltr'>odio</span> <span class='ocrx_word' id='word_1_155' title='bbox 352 2102 448 2164; x_wconf 82' lang='lat' dir='ltr'>neque</span> <span class='ocrx_word' id='word_1_156' title='bbox 477 2083 603 2163; x_wconf 92' lang='lat' dir='ltr'>amplius</span> <span class='ocrx_word' id='word_1_157' title='bbox 632 2083 713 2162; x_wconf 91' lang='lat' dir='ltr'>passi</span> <span class='ocrx_word' id='word_1_158' title='bbox 741 2091 811 2144; x_wconf 88' lang='lat' dir='ltr'>sunt</span> <span class='ocrx_word' id='word_1_159' title='bbox 842 2102 895 2144; x_wconf 89' lang='lat' dir='ltr'>eos</span> <span class='ocrx_word' id='word_1_160' title='bbox 926 2084 1120 2145; x_wconf 86' lang='lat' dir='ltr'>conventibus</span> <span class='ocrx_word' id='word_1_161' title='bbox 1153 2086 1337 2164; x_wconf 85' lang='lat' dir='ltr'>synagogicis</span> 
     </span>
     <span class='ocr_line' id='line_1_19' title="bbox 64 2183 1336 2266; baseline 0.002 -20"><span class='ocrx_word' id='word_1_162' title='bbox 64 2187 225 2248; x_wconf 86' lang='lat' dir='ltr'>interesse.</span> <span class='ocrx_word' id='word_1_163' title='bbox 275 2186 318 2246; x_wconf 83' lang='lat' dir='ltr'>Er</span> <span class='ocrx_word' id='word_1_164' title='bbox 352 2187 442 2248; x_wconf 90' lang='lat' dir='ltr'>altera</span> <span class='ocrx_word' id='word_1_165' title='bbox 474 2194 573 2266; x_wconf 86' lang='lat' dir='ltr'>parte,</span> <span class='ocrx_word' id='word_1_166' title='bbox 617 2193 769 2245; x_wconf 86' lang='lat' dir='ltr'>crescente</span> <span class='ocrx_word' id='word_1_167' title='bbox 798 2183 981 2246; x_wconf 85' lang='lat' dir='ltr'>Christianae</span> <span class='ocrx_word' id='word_1_168' title='bbox 1012 2185 1108 2264; x_wconf 87' lang='lat' dir='ltr'>plebis</span> <span class='ocrx_word' id='word_1_169' title='bbox 1139 2187 1336 2262; x_wconf 88' lang='lat' dir='ltr'>multitudine,</span> 
     </span>
     <span class='ocr_line' id='line_1_20' title="bbox 66 2272 1336 2368; baseline 0.001 -19"><span class='ocrx_word' id='word_1_170' title='bbox 66 2287 180 2366; x_wconf 77' lang='lat' dir='ltr'>Agapis</span> <span class='ocrx_word' id='word_1_171' title='bbox 200 2287 384 2349; x_wconf 88' lang='lat' dir='ltr'>helluatiouis</span> <span class='ocrx_word' id='word_1_172' title='bbox 407 2297 437 2350; x_wconf 92' lang='lat' dir='ltr'>et</span> <span class='ocrx_word' id='word_1_173' title='bbox 460 2287 703 2367; x_wconf 83' lang='lat' dir='ltr'>intemperantiae</span> <span class='ocrx_word' id='word_1_174' title='bbox 724 2272 876 2347; x_wconf 82' lang='lat' dir='ltr'>imminuit</span> <span class='ocrx_word' id='word_1_175' title='bbox 894 2285 1066 2366; x_wconf 89' lang='lat' dir='ltr'>periculum.</span> <span class='ocrx_word' id='word_1_176' title='bbox 1109 2285 1251 2368; x_wconf 86' lang='lat' dir='ltr'>Utrinque</span> <span class='ocrx_word' id='word_1_177' title='bbox 1279 2289 1336 2368; x_wconf 90' lang='lat' dir='ltr'>igi-</span> 
     </span>
     <span class='ocr_line' id='line_1_21' title="bbox 65 2386 1337 2468; baseline 0.002 -18"><span class='ocrx_word' id='word_1_178' title='bbox 65 2398 117 2450; x_wconf 91' lang='lat' dir='ltr'>tur</span> <span class='ocrx_word' id='word_1_179' title='bbox 140 2389 260 2468; x_wconf 85' lang='lat' dir='ltr'>urgebat</span> <span class='ocrx_word' id='word_1_180' title='bbox 281 2389 444 2451; x_wconf 89' lang='lat' dir='ltr'>necessitas</span> <span class='ocrx_word' id='word_1_181' title='bbox 466 2389 599 2451; x_wconf 87' lang='lat' dir='ltr'>instituta</span> <span class='ocrx_word' id='word_1_182' title='bbox 625 2389 659 2451; x_wconf 91' lang='lat' dir='ltr'>ad</span> <span class='ocrx_word' id='word_1_183' title='bbox 683 2386 917 2450; x_wconf 74' lang='lat' dir='ltr'>Christianorum</span> <span class='ocrx_word' id='word_1_184' title='bbox 944 2407 1027 2449; x_wconf 89' lang='lat' dir='ltr'>sacra</span> <span class='ocrx_word' id='word_1_185' title='bbox 1046 2389 1208 2467; x_wconf 84' lang='lat' dir='ltr'>spectantia</span> <span class='ocrx_word' id='word_1_186' title='bbox 1234 2409 1337 2453; x_wconf 89' lang='lat' dir='ltr'>emen-</span> 
     </span>
    </p>
   </div>
   <div class='ocr_carea' id='block_1_3' title="bbox 64 2489 1339 2775">
    <p class='ocr_par' dir='ltr' id='par_1_4' title="bbox 64 2489 1339 2775">
     <span class='ocr_line' id='line_1_22' title="bbox 64 2489 1339 2571; baseline 0.003 -20"><span class='ocrx_word' id='word_1_187' title='bbox 64 2491 165 2552; x_wconf 88' lang='lat' dir='ltr'>dandi.</span> <span class='ocrx_word' id='word_1_188' title='bbox 203 2491 285 2564; x_wconf 83' lang='lat' dir='ltr'>Quae</span> <span class='ocrx_word' id='word_1_189' title='bbox 306 2510 367 2564; x_wconf 89' lang='lat' dir='ltr'>res,</span> <span class='ocrx_word' id='word_1_190' title='bbox 391 2491 448 2552; x_wconf 90' lang='lat' dir='ltr'>etsi</span> <span class='ocrx_word' id='word_1_191' title='bbox 470 2491 566 2570; x_wconf 87' lang='lat' dir='ltr'>primo</span> <span class='ocrx_word' id='word_1_192' title='bbox 589 2490 798 2569; x_wconf 90' lang='lat' dir='ltr'>aliquantulum</span> <span class='ocrx_word' id='word_1_193' title='bbox 821 2509 922 2551; x_wconf 91' lang='lat' dir='ltr'>morae</span> <span class='ocrx_word' id='word_1_194' title='bbox 944 2489 1052 2551; x_wconf 90' lang='lat' dir='ltr'>hahere</span> <span class='ocrx_word' id='word_1_195' title='bbox 1074 2489 1240 2565; x_wconf 84' lang='lat' dir='ltr'>videretur,</span> <span class='ocrx_word' id='word_1_196' title='bbox 1267 2502 1339 2571; x_wconf 88' lang='lat' dir='ltr'>post</span> 
     </span>
     <span class='ocr_line' id='line_1_23' title="bbox 65 2591 1338 2672; baseline 0.003 -20"><span class='ocrx_word' id='word_1_197' title='bbox 65 2612 174 2653; x_wconf 92' lang='lat' dir='ltr'>annum</span> <span class='ocrx_word' id='word_1_198' title='bbox 190 2591 272 2654; x_wconf 92' lang='lat' dir='ltr'>illum</span> <span class='ocrx_word' id='word_1_199' title='bbox 288 2594 403 2654; x_wconf 80' lang='lat' dir='ltr'>letalem</span> <span class='ocrx_word' id='word_1_200' title='bbox 418 2592 505 2665; x_wconf 83' lang='lat' dir='ltr'>LXX,</span> <span class='ocrx_word' id='word_1_201' title='bbox 529 2600 599 2671; x_wconf 87' lang='lat' dir='ltr'>post</span> <span class='ocrx_word' id='word_1_202' title='bbox 615 2591 758 2652; x_wconf 84' lang='lat' dir='ltr'>excidium</span> <span class='ocrx_word' id='word_1_203' title='bbox 774 2592 1073 2672; x_wconf 77' lang='lat' dir='ltr'>Hierosolymitanum</span> <span class='ocrx_word' id='word_1_204' title='bbox 1090 2593 1210 2654; x_wconf 88' lang='lat' dir='ltr'>ulterius</span> <span class='ocrx_word' id='word_1_205' title='bbox 1226 2594 1338 2656; x_wconf 87' lang='lat' dir='ltr'>dillerri</span> 
     </span>
     <span class='ocr_line' id='line_1_24' title="bbox 64 2692 1336 2775; baseline 0.002 -20"><span class='ocrx_word' id='word_1_206' title='bbox 64 2714 126 2755; x_wconf 94' lang='lat' dir='ltr'>non</span> <span class='ocrx_word' id='word_1_207' title='bbox 150 2695 259 2774; x_wconf 89' lang='lat' dir='ltr'>potuit.</span> <span class='ocrx_word' id='word_1_208' title='bbox 302 2694 405 2755; x_wconf 84' lang='lat' dir='ltr'>Diruto</span> <span class='ocrx_word' id='word_1_209' title='bbox 428 2695 538 2774; x_wconf 89' lang='lat' dir='ltr'>templo</span> <span class='ocrx_word' id='word_1_210' title='bbox 560 2692 638 2753; x_wconf 91' lang='lat' dir='ltr'>nulla</span> <span class='ocrx_word' id='word_1_211' title='bbox 660 2712 786 2772; x_wconf 87' lang='lat' dir='ltr'>prorsus</span> <span class='ocrx_word' id='word_1_212' title='bbox 810 2693 904 2754; x_wconf 92' lang='lat' dir='ltr'>cultus</span> <span class='ocrx_word' id='word_1_213' title='bbox 928 2693 1004 2754; x_wconf 89' lang='lat' dir='ltr'>sacri</span> <span class='ocrx_word' id='word_1_214' title='bbox 1028 2693 1201 2754; x_wconf 83' lang='lat' dir='ltr'>Christianis</span> <span class='ocrx_word' id='word_1_215' title='bbox 1224 2695 1336 2775; x_wconf 89' lang='lat' dir='ltr'>reliqua</span> 
     </span>
    </p>
   </div>
   <div class='ocr_carea' id='block_1_4' title="bbox 59 3014 1339 4591">
    <p class='ocr_par' dir='ltr' id='par_1_5' title="bbox 62 3014 1339 3166">
     <span class='ocr_line' id='line_1_25' title="bbox 62 3014 1339 3080; baseline 0 -14"><span class='ocrx_word' id='word_1_216' title='bbox 62 3017 146 3073; x_wconf 84' lang='lat' dir='ltr'>lll.3:</span> <span class='ocrx_word' id='word_1_217' title='bbox 165 3017 253 3066; x_wconf 84' lang='lat' dir='ltr'>llocnit</span> <span class='ocrx_word' id='word_1_218' title='bbox 271 3016 395 3079; x_wconf 83' lang='lat' dir='ltr'>apostolos</span> <span class='ocrx_word' id='word_1_219' title='bbox 413 3031 481 3076; x_wconf 88' lang='lat' dir='ltr'>suos,</span> <span class='ocrx_word' id='word_1_220' title='bbox 506 3024 531 3064; x_wconf 92' lang='lat' dir='ltr'>nt</span> <span class='ocrx_word' id='word_1_221' title='bbox 549 3015 655 3080; x_wconf 82' lang='lat' dir='ltr'>qnotidie</span> <span class='ocrx_word' id='word_1_222' title='bbox 679 3015 702 3064; x_wconf 93' lang='lat' dir='ltr'>in</span> <span class='ocrx_word' id='word_1_223' title='bbox 721 3015 831 3079; x_wconf 86' lang='lat' dir='ltr'>eorporis</span> <span class='ocrx_word' id='word_1_224' title='bbox 854 3014 919 3064; x_wconf 87' lang='lat' dir='ltr'>illins</span> <span class='ocrx_word' id='word_1_225' title='bbox 943 3015 1061 3065; x_wconf 82' lang='lat' dir='ltr'>sacrificio</span> <span class='ocrx_word' id='word_1_226' title='bbox 1087 3015 1212 3065; x_wconf 86' lang='lat' dir='ltr'>credentes</span> <span class='ocrx_word' id='word_1_227' title='bbox 1236 3017 1339 3066; x_wconf 84' lang='lat' dir='ltr'>audeant</span> 
     </span>
     <span class='ocr_line' id='line_1_26' title="bbox 62 3103 403 3166; baseline -0.006 -14"><span class='ocrx_word' id='word_1_228' title='bbox 62 3104 144 3166; x_wconf 79' lang='lat' dir='ltr'>toqui:</span> <span class='ocrx_word' id='word_1_229' title='bbox 163 3104 236 3152; x_wconf 82' lang='lat' dir='ltr'>Pater</span> <span class='ocrx_word' id='word_1_230' title='bbox 254 3103 341 3151; x_wconf 82' lang='lat' dir='ltr'>Noster</span> <span class='ocrx_word' id='word_1_231' title='bbox 358 3110 403 3151; x_wconf 89' lang='lat' dir='ltr'>etc.</span> 
     </span>
    </p>

    <p class='ocr_par' dir='ltr' id='par_1_6' title="bbox 59 3184 1339 4591">
     <span class='ocr_line' id='line_1_27' title="bbox 133 3184 1338 3249; baseline -0.002 -13"><span class='ocrx_word' id='word_1_232' title='bbox 133 3188 158 3244; x_wconf 82' lang='lat' dir='ltr'>ll</span> <span class='ocrx_word' id='word_1_233' title='bbox 179 3185 274 3249; x_wconf 84' lang='lat' dir='ltr'>Optime</span> <span class='ocrx_word' id='word_1_234' title='bbox 292 3186 427 3236; x_wconf 83' lang='lat' dir='ltr'>Bdbmer</span> <span class='ocrx_word' id='word_1_235' title='bbox 445 3184 1047 3236; x_wconf 77' lang='lat' dir='ltr'>christlicb-lirchlicheAltertbumsuissenschalt</span> <span class='ocrx_word' id='word_1_236' title='bbox 1065 3184 1094 3243; x_wconf 90' lang='lat' dir='ltr'>ll,</span> <span class='ocrx_word' id='word_1_237' title='bbox 1113 3200 1137 3248; x_wconf 93' lang='lat' dir='ltr'>p.</span> <span class='ocrx_word' id='word_1_238' title='bbox 1148 3184 1194 3234; x_wconf 78' lang='lat' dir='ltr'>tul</span> <span class='ocrx_word' id='word_1_239' title='bbox 1208 3198 1258 3248; x_wconf 87' lang='lat' dir='ltr'>sq.:</span> <span class='ocrx_word' id='word_1_240' title='bbox 1277 3185 1338 3246; x_wconf 80' lang='lat' dir='ltr'>„hie</span> 
     </span>
     <span class='ocr_line' id='line_1_28' title="bbox 61 3268 1338 3336; baseline -0.002 -16"><span class='ocrx_word' id='word_1_241' title='bbox 61 3272 161 3336; x_wconf 82' lang='lat' dir='ltr'>lpostel</span> <span class='ocrx_word' id='word_1_242' title='bbox 181 3271 266 3329; x_wconf 78' lang='lat' dir='ltr'>selbst‚</span> <span class='ocrx_word' id='word_1_243' title='bbox 285 3271 323 3319; x_wconf 92' lang='lat' dir='ltr'>die</span> <span class='ocrx_word' id='word_1_244' title='bbox 342 3271 392 3318; x_wconf 82' lang='lat' dir='ltr'>sich</span> <span class='ocrx_word' id='word_1_245' title='bbox 411 3271 434 3318; x_wconf 90' lang='lat' dir='ltr'>in</span> <span class='ocrx_word' id='word_1_246' title='bbox 454 3270 518 3319; x_wconf 89' lang='lat' dir='ltr'>nicht</span> <span class='ocrx_word' id='word_1_247' title='bbox 536 3270 708 3333; x_wconf 79' lang='lat' dir='ltr'>palastinischc</span> <span class='ocrx_word' id='word_1_248' title='bbox 722 3268 818 3319; x_wconf 86' lang='lat' dir='ltr'>Gebiete</span> <span class='ocrx_word' id='word_1_249' title='bbox 837 3269 924 3318; x_wconf 81' lang='lat' dir='ltr'>bebuls</span> <span class='ocrx_word' id='word_1_250' title='bbox 942 3269 985 3318; x_wconf 92' lang='lat' dir='ltr'>der</span> <span class='ocrx_word' id='word_1_251' title='bbox 998 3269 1094 3332; x_wconf 85' lang='lat' dir='ltr'>Predigt</span> <span class='ocrx_word' id='word_1_252' title='bbox 1111 3271 1154 3318; x_wconf 90' lang='lat' dir='ltr'>des</span> <span class='ocrx_word' id='word_1_253' title='bbox 1173 3270 1338 3332; x_wconf 83' lang='lat' dir='ltr'>gelreuzigten</span> 
     </span>
     <span class='ocr_line' id='line_1_29' title="bbox 61 3353 1339 3417; baseline -0.001 -13"><span class='ocrx_word' id='word_1_254' title='bbox 61 3356 164 3404; x_wconf 83' lang='lat' dir='ltr'>llessias</span> <span class='ocrx_word' id='word_1_255' title='bbox 183 3355 300 3416; x_wconf 86' lang='lat' dir='ltr'>begahen,</span> <span class='ocrx_word' id='word_1_256' title='bbox 326 3363 469 3417; x_wconf 78' lang='lat' dir='ltr'>megenum</span> <span class='ocrx_word' id='word_1_257' title='bbox 488 3369 516 3403; x_wconf 88' lang='lat' dir='ltr'>so</span> <span class='ocrx_word' id='word_1_258' title='bbox 535 3354 602 3413; x_wconf 88' lang='lat' dir='ltr'>cher,</span> <span class='ocrx_word' id='word_1_259' title='bbox 627 3354 662 3402; x_wconf 90' lang='lat' dir='ltr'>als</span> <span class='ocrx_word' id='word_1_260' title='bbox 686 3354 761 3402; x_wconf 86' lang='lat' dir='ltr'>echon</span> <span class='ocrx_word' id='word_1_261' title='bbox 788 3353 825 3401; x_wconf 92' lang='lat' dir='ltr'>die</span> <span class='ocrx_word' id='word_1_262' title='bbox 844 3354 968 3416; x_wconf 79' lang='lat' dir='ltr'>synagoge</span> <span class='ocrx_word' id='word_1_263' title='bbox 992 3354 1045 3403; x_wconf 90' lang='lat' dir='ltr'>eine</span> <span class='ocrx_word' id='word_1_264' title='bbox 1071 3355 1220 3414; x_wconf 86' lang='lat' dir='ltr'>bestimmte,</span> <span class='ocrx_word' id='word_1_265' title='bbox 1247 3363 1339 3416; x_wconf 89' lang='lat' dir='ltr'>gottes-</span> 
     </span>
     <span class='ocr_line' id='line_1_30' title="bbox 61 3437 1337 3502; baseline -0.001 -14"><span class='ocrx_word' id='word_1_266' title='bbox 61 3438 207 3488; x_wconf 83' lang='lat' dir='ltr'>dienstliebe</span> <span class='ocrx_word' id='word_1_267' title='bbox 226 3439 342 3500; x_wconf 86' lang='lat' dir='ltr'>Ordnung</span> <span class='ocrx_word' id='word_1_268' title='bbox 360 3438 453 3498; x_wconf 86' lang='lat' dir='ltr'>besass,</span> <span class='ocrx_word' id='word_1_269' title='bbox 477 3438 547 3489; x_wconf 83' lang='lat' dir='ltr'>dalhr</span> <span class='ocrx_word' id='word_1_270' title='bbox 565 3440 640 3500; x_wconf 84' lang='lat' dir='ltr'>Surge</span> <span class='ocrx_word' id='word_1_271' title='bbox 666 3446 777 3499; x_wconf 87' lang='lat' dir='ltr'>getragen</span> <span class='ocrx_word' id='word_1_272' title='bbox 800 3437 888 3498; x_wconf 89' lang='lat' dir='ltr'>baben,</span> <span class='ocrx_word' id='word_1_273' title='bbox 911 3439 967 3487; x_wconf 89' lang='lat' dir='ltr'>dass</span> <span class='ocrx_word' id='word_1_274' title='bbox 986 3438 1024 3488; x_wconf 92' lang='lat' dir='ltr'>die</span> <span class='ocrx_word' id='word_1_275' title='bbox 1040 3440 1239 3502; x_wconf 86' lang='lat' dir='ltr'>jerusalemiscbe</span> <span class='ocrx_word' id='word_1_276' title='bbox 1257 3440 1337 3499; x_wconf 86' lang='lat' dir='ltr'>Form,</span> 
     </span>
     <span class='ocr_line' id='line_1_31' title="bbox 61 3523 1337 3586; baseline -0.001 -15"><span class='ocrx_word' id='word_1_277' title='bbox 61 3524 101 3572; x_wconf 82' lang='lat' dir='ltr'>dre</span> <span class='ocrx_word' id='word_1_278' title='bbox 118 3524 272 3572; x_wconf 81' lang='lat' dir='ltr'>Eucharistie</span> <span class='ocrx_word' id='word_1_279' title='bbox 295 3537 323 3572; x_wconf 83' lang='lat' dir='ltr'>zu</span> <span class='ocrx_word' id='word_1_280' title='bbox 347 3523 470 3584; x_wconf 83' lang='lat' dir='ltr'>begehen,</span> <span class='ocrx_word' id='word_1_281' title='bbox 497 3523 548 3572; x_wconf 91' lang='lat' dir='ltr'>sich</span> <span class='ocrx_word' id='word_1_282' title='bbox 573 3524 596 3572; x_wconf 90' lang='lat' dir='ltr'>in</span> <span class='ocrx_word' id='word_1_283' title='bbox 621 3523 659 3571; x_wconf 91' lang='lat' dir='ltr'>die</span> <span class='ocrx_word' id='word_1_284' title='bbox 683 3537 727 3572; x_wconf 85' lang='lat' dir='ltr'>ron</span> <span class='ocrx_word' id='word_1_285' title='bbox 752 3523 823 3572; x_wconf 86' lang='lat' dir='ltr'>ihnen</span> <span class='ocrx_word' id='word_1_286' title='bbox 851 3524 985 3585; x_wconf 84' lang='lat' dir='ltr'>gestilteten</span> <span class='ocrx_word' id='word_1_287' title='bbox 1005 3525 1150 3575; x_wconf 86' lang='lat' dir='ltr'>Gemeinden</span> <span class='ocrx_word' id='word_1_288' title='bbox 1178 3524 1337 3586; x_wconf 87' lang='lat' dir='ltr'>lortpllanzte.</span> 
     </span>
     <span class='ocr_line' id='line_1_32' title="bbox 59 3607 1338 3668; baseline -0.002 -11"><span class='ocrx_word' id='word_1_289' title='bbox 59 3609 182 3658; x_wconf 79' lang='lat' dir='ltr'>Aenssere</span> <span class='ocrx_word' id='word_1_290' title='bbox 199 3607 248 3657; x_wconf 88' lang='lat' dir='ltr'>und</span> <span class='ocrx_word' id='word_1_291' title='bbox 267 3609 351 3657; x_wconf 87' lang='lat' dir='ltr'>innere</span> <span class='ocrx_word' id='word_1_292' title='bbox 368 3607 545 3667; x_wconf 82' lang='lat' dir='ltr'>Verbaltnirso,</span> <span class='ocrx_word' id='word_1_293' title='bbox 574 3608 597 3656; x_wconf 91' lang='lat' dir='ltr'>in</span> <span class='ocrx_word' id='word_1_294' title='bbox 616 3607 706 3657; x_wconf 82' lang='lat' dir='ltr'>welche</span> <span class='ocrx_word' id='word_1_295' title='bbox 725 3607 791 3656; x_wconf 87' lang='lat' dir='ltr'>diese</span> <span class='ocrx_word' id='word_1_296' title='bbox 810 3608 955 3658; x_wconf 86' lang='lat' dir='ltr'>Gemcinden</span> <span class='ocrx_word' id='word_1_297' title='bbox 980 3609 1116 3668; x_wconf 87' lang='lat' dir='ltr'>gerietben,</span> <span class='ocrx_word' id='word_1_298' title='bbox 1143 3622 1163 3656; x_wconf 90' lang='lat' dir='ltr'>z.</span> <span class='ocrx_word' id='word_1_299' title='bbox 1174 3607 1200 3655; x_wconf 87' lang='grc' dir='ltr'>Β.</span> <span class='ocrx_word' id='word_1_300' title='bbox 1219 3607 1262 3656; x_wconf 88' lang='lat' dir='ltr'>das</span> <span class='ocrx_word' id='word_1_301' title='bbox 1279 3607 1338 3655; x_wconf 81' lang='lat' dir='ltr'>lul·</span> 
     </span>
     <span class='ocr_line' id='line_1_33' title="bbox 59 3691 1337 3755; baseline -0.003 -12"><span class='ocrx_word' id='word_1_302' title='bbox 59 3694 164 3743; x_wconf 75' lang='lat' dir='ltr'>lanchen</span> <span class='ocrx_word' id='word_1_303' title='bbox 184 3693 334 3742; x_wconf 79' lang='lat' dir='ltr'>baretiscber</span> <span class='ocrx_word' id='word_1_304' title='bbox 352 3692 601 3753; x_wconf 87' lang='lat' dir='ltr'>Geistesrichtungen,</span> <span class='ocrx_word' id='word_1_305' title='bbox 628 3691 671 3740; x_wconf 88' lang='lat' dir='ltr'>das</span> <span class='ocrx_word' id='word_1_306' title='bbox 690 3692 859 3741; x_wconf 84' lang='lat' dir='ltr'>anucltrctcn</span> <span class='ocrx_word' id='word_1_307' title='bbox 878 3694 965 3755; x_wconf 85' lang='lat' dir='ltr'>positiv</span> <span class='ocrx_word' id='word_1_308' title='bbox 983 3692 1134 3742; x_wconf 89' lang='lat' dir='ltr'>christlicher</span> <span class='ocrx_word' id='word_1_309' title='bbox 1151 3692 1222 3741; x_wconf 90' lang='lat' dir='ltr'>ldeen</span> <span class='ocrx_word' id='word_1_310' title='bbox 1241 3692 1272 3739; x_wconf 91' lang='lat' dir='ltr'>im</span> <span class='ocrx_word' id='word_1_311' title='bbox 1291 3691 1337 3740; x_wconf 86' lang='lat' dir='ltr'>Be·</span> 
     </span>
     <span class='ocr_line' id='line_1_34' title="bbox 61 3773 1338 3838; baseline -0.002 -13"><span class='ocrx_word' id='word_1_312' title='bbox 61 3779 191 3827; x_wconf 74' lang='lat' dir='ltr'>wnsstsein</span> <span class='ocrx_word' id='word_1_313' title='bbox 210 3777 254 3826; x_wconf 91' lang='lat' dir='ltr'>der</span> <span class='ocrx_word' id='word_1_314' title='bbox 272 3773 473 3837; x_wconf 78' lang='lat' dir='ltr'>Gcmcinden(?)</span> <span class='ocrx_word' id='word_1_315' title='bbox 491 3791 599 3835; x_wconf 87' lang='lat' dir='ltr'>u.s.w.,</span> <span class='ocrx_word' id='word_1_316' title='bbox 623 3776 700 3826; x_wconf 82' lang='lat' dir='ltr'>riclen</span> <span class='ocrx_word' id='word_1_317' title='bbox 718 3777 756 3824; x_wconf 88' lang='lat' dir='ltr'>dic</span> <span class='ocrx_word' id='word_1_318' title='bbox 775 3776 979 3838; x_wconf 83' lang='lat' dir='ltr'>Nothwendigltcit</span> <span class='ocrx_word' id='word_1_319' title='bbox 997 3778 1095 3835; x_wconf 83' lang='lat' dir='ltr'>hervor,</span> <span class='ocrx_word' id='word_1_320' title='bbox 1115 3777 1170 3825; x_wconf 88' lang='lat' dir='ltr'>dass</span> <span class='ocrx_word' id='word_1_321' title='bbox 1188 3776 1242 3824; x_wconf 86' lang='lat' dir='ltr'>dent</span> <span class='ocrx_word' id='word_1_322' title='bbox 1262 3775 1338 3824; x_wconf 88' lang='lat' dir='ltr'>durch</span> 
     </span>
     <span class='ocr_line' id='line_1_35' title="bbox 60 3859 1338 3925; baseline -0.002 -15"><span class='ocrx_word' id='word_1_323' title='bbox 60 3863 98 3910; x_wconf 85' lang='lat' dir='ltr'>die</span> <span class='ocrx_word' id='word_1_324' title='bbox 122 3860 224 3925; x_wconf 82' lang='lat' dir='ltr'>lpostel</span> <span class='ocrx_word' id='word_1_325' title='bbox 251 3861 367 3910; x_wconf 87' lang='lat' dir='ltr'>tradirten</span> <span class='ocrx_word' id='word_1_326' title='bbox 390 3861 543 3925; x_wconf 79' lang='lat' dir='ltr'>Grundtppns</span> <span class='ocrx_word' id='word_1_327' title='bbox 569 3862 613 3910; x_wconf 90' lang='lat' dir='ltr'>der</span> <span class='ocrx_word' id='word_1_328' title='bbox 635 3859 925 3922; x_wconf 82' lang='lat' dir='ltr'>bbendmablsbcgebung</span> <span class='ocrx_word' id='word_1_329' title='bbox 948 3876 1009 3909; x_wconf 88' lang='lat' dir='ltr'>neno</span> <span class='ocrx_word' id='word_1_330' title='bbox 1035 3861 1201 3919; x_wconf 78' lang='lat' dir='ltr'>carimonien,</span> <span class='ocrx_word' id='word_1_331' title='bbox 1233 3860 1338 3908; x_wconf 80' lang='lat' dir='ltr'>Parare·</span> 
     </span>
     <span class='ocr_line' id='line_1_36' title="bbox 60 3943 1338 4009; baseline -0.001 -14"><span class='ocrx_word' id='word_1_332' title='bbox 60 3962 102 3995; x_wconf 84' lang='lat' dir='ltr'>sen</span> <span class='ocrx_word' id='word_1_333' title='bbox 122 3955 170 3995; x_wconf 87' lang='lat' dir='ltr'>etc.</span> <span class='ocrx_word' id='word_1_334' title='bbox 189 3945 311 4007; x_wconf 83' lang='lat' dir='ltr'>beigelbgt</span> <span class='ocrx_word' id='word_1_335' title='bbox 327 3945 435 3995; x_wconf 84' lang='lat' dir='ltr'>worden.</span> <span class='ocrx_word' id='word_1_336' title='bbox 472 3945 506 3994; x_wconf 85' lang='lat' dir='ltr'>lla</span> <span class='ocrx_word' id='word_1_337' title='bbox 523 3946 562 3994; x_wconf 92' lang='lat' dir='ltr'>die</span> <span class='ocrx_word' id='word_1_338' title='bbox 580 3945 715 4009; x_wconf 81' lang='lat' dir='ltr'>Episcopen</span> <span class='ocrx_word' id='word_1_339' title='bbox 734 3946 757 3993; x_wconf 94' lang='lat' dir='ltr'>in</span> <span class='ocrx_word' id='word_1_340' title='bbox 776 3943 928 4006; x_wconf 88' lang='lat' dir='ltr'>Verbindnng</span> <span class='ocrx_word' id='word_1_341' title='bbox 947 3947 989 3993; x_wconf 89' lang='lat' dir='ltr'>mit</span> <span class='ocrx_word' id='word_1_342' title='bbox 1007 3945 1052 3992; x_wconf 86' lang='lat' dir='ltr'>den</span> <span class='ocrx_word' id='word_1_343' title='bbox 1072 3944 1227 4007; x_wconf 81' lang='lat' dir='ltr'>Presbyteren</span> <span class='ocrx_word' id='word_1_344' title='bbox 1246 3961 1276 3994; x_wconf 88' lang='lat' dir='ltr'>an</span> <span class='ocrx_word' id='word_1_345' title='bbox 1295 3945 1338 3994; x_wconf 88' lang='lat' dir='ltr'>der</span> 
     </span>
     <span class='ocr_line' id='line_1_37' title="bbox 60 4028 1337 4095; baseline -0.002 -15"><span class='ocrx_word' id='word_1_346' title='bbox 60 4032 141 4095; x_wconf 84' lang='lat' dir='ltr'>Spitze</span> <span class='ocrx_word' id='word_1_347' title='bbox 160 4031 204 4079; x_wconf 88' lang='lat' dir='ltr'>der</span> <span class='ocrx_word' id='word_1_348' title='bbox 223 4030 369 4080; x_wconf 86' lang='lat' dir='ltr'>Gemainden</span> <span class='ocrx_word' id='word_1_349' title='bbox 387 4029 503 4090; x_wconf 81' lang='lat' dir='ltr'>standon,</span> <span class='ocrx_word' id='word_1_350' title='bbox 528 4045 556 4079; x_wconf 85' lang='lat' dir='ltr'>so</span> <span class='ocrx_word' id='word_1_351' title='bbox 580 4030 657 4079; x_wconf 86' lang='lat' dir='ltr'>baben</span> <span class='ocrx_word' id='word_1_352' title='bbox 682 4031 732 4091; x_wconf 84' lang='lat' dir='ltr'>sie,</span> <span class='ocrx_word' id='word_1_353' title='bbox 757 4028 833 4078; x_wconf 88' lang='lat' dir='ltr'>zumal</span> <span class='ocrx_word' id='word_1_354' title='bbox 858 4030 893 4077; x_wconf 90' lang='lat' dir='ltr'>sic</span> <span class='ocrx_word' id='word_1_355' title='bbox 917 4029 960 4078; x_wconf 89' lang='lat' dir='ltr'>das</span> <span class='ocrx_word' id='word_1_356' title='bbox 978 4029 1153 4090; x_wconf 83' lang='lat' dir='ltr'>llewusstsein,</span> <span class='ocrx_word' id='word_1_357' title='bbox 1182 4043 1337 4079; x_wconf 82' lang='lat' dir='ltr'>successores</span> 
     </span>
     <span class='ocr_line' id='line_1_38' title="bbox 60 4113 1339 4179; baseline 0.001 -17"><span class='ocrx_word' id='word_1_358' title='bbox 60 4115 232 4179; x_wconf 82' lang='lat' dir='ltr'>apostolorum</span> <span class='ocrx_word' id='word_1_359' title='bbox 249 4129 278 4163; x_wconf 91' lang='lat' dir='ltr'>zn</span> <span class='ocrx_word' id='word_1_360' title='bbox 296 4116 363 4175; x_wconf 86' lang='lat' dir='ltr'>sein,</span> <span class='ocrx_word' id='word_1_361' title='bbox 382 4116 476 4174; x_wconf 87' lang='lat' dir='ltr'>hatten,</span> <span class='ocrx_word' id='word_1_362' title='bbox 495 4114 585 4163; x_wconf 88' lang='lat' dir='ltr'>diesem</span> <span class='ocrx_word' id='word_1_363' title='bbox 604 4115 731 4164; x_wconf 81' lang='lat' dir='ltr'>Gcschalte</span> <span class='ocrx_word' id='word_1_364' title='bbox 750 4113 893 4175; x_wconf 88' lang='lat' dir='ltr'>dergestalt,</span> <span class='ocrx_word' id='word_1_365' title='bbox 918 4114 974 4162; x_wconf 86' lang='lat' dir='ltr'>dass</span> <span class='ocrx_word' id='word_1_366' title='bbox 992 4115 1027 4162; x_wconf 84' lang='lat' dir='ltr'>sie</span> <span class='ocrx_word' id='word_1_367' title='bbox 1045 4115 1088 4163; x_wconf 89' lang='lat' dir='ltr'>aul</span> <span class='ocrx_word' id='word_1_368' title='bbox 1104 4114 1141 4163; x_wconf 90' lang='lat' dir='ltr'>die</span> <span class='ocrx_word' id='word_1_369' title='bbox 1160 4115 1275 4165; x_wconf 87' lang='lat' dir='ltr'>Stirnmen</span> <span class='ocrx_word' id='word_1_370' title='bbox 1295 4114 1339 4163; x_wconf 86' lang='lat' dir='ltr'>der</span> 
     </span>
     <span class='ocr_line' id='line_1_39' title="bbox 61 4183 1337 4262; baseline 0.001 -15"><span class='ocrx_word' id='word_1_371' title='bbox 61 4200 222 4262; x_wconf 70' lang='lat' dir='ltr'>Presbyteren</span> <span class='ocrx_word' id='word_1_372' title='bbox 241 4199 340 4259; x_wconf 79' lang='lat' dir='ltr'>herten,</span> <span class='ocrx_word' id='word_1_373' title='bbox 359 4183 410 4249; x_wconf 77' lang='lat' dir='ltr'>sicia</span> <span class='ocrx_word' id='word_1_374' title='bbox 428 4198 627 4248; x_wconf 83' lang='lat' dir='ltr'>wabrscbcinlieh</span> <span class='ocrx_word' id='word_1_375' title='bbox 647 4207 799 4260; x_wconf 87' lang='lat' dir='ltr'>unterzugen.</span> <span class='ocrx_word' id='word_1_376' title='bbox 840 4198 900 4246; x_wconf 84' lang='lat' dir='ltr'>Weil</span> <span class='ocrx_word' id='word_1_377' title='bbox 926 4199 984 4246; x_wconf 87' lang='lat' dir='ltr'>aber·</span> <span class='ocrx_word' id='word_1_378' title='bbox 1002 4199 1040 4247; x_wconf 91' lang='lat' dir='ltr'>die</span> <span class='ocrx_word' id='word_1_379' title='bbox 1058 4198 1234 4260; x_wconf 81' lang='lat' dir='ltr'>Verbaltnisse,</span> <span class='ocrx_word' id='word_1_380' title='bbox 1262 4199 1337 4248; x_wconf 87' lang='lat' dir='ltr'>durch</span> 
     </span>
     <span class='ocr_line' id='line_1_40' title="bbox 62 4284 1339 4347; baseline 0.002 -16"><span class='ocrx_word' id='word_1_381' title='bbox 62 4286 152 4335; x_wconf 79' lang='lat' dir='ltr'>relebe</span> <span class='ocrx_word' id='word_1_382' title='bbox 171 4285 401 4345; x_wconf 81' lang='lat' dir='ltr'>jeneldditamentc</span> <span class='ocrx_word' id='word_1_383' title='bbox 412 4285 516 4335; x_wconf 79' lang='lat' dir='ltr'>motivirt</span> <span class='ocrx_word' id='word_1_384' title='bbox 525 4285 632 4344; x_wconf 83' lang='lat' dir='ltr'>worden,</span> <span class='ocrx_word' id='word_1_385' title='bbox 649 4285 804 4333; x_wconf 79' lang='lat' dir='ltr'>verschieden</span> <span class='ocrx_word' id='word_1_386' title='bbox 823 4298 910 4342; x_wconf 79' lang='lat' dir='ltr'>waren,</span> <span class='ocrx_word' id='word_1_387' title='bbox 929 4284 982 4333; x_wconf 87' lang='lat' dir='ltr'>weil</span> <span class='ocrx_word' id='word_1_388' title='bbox 994 4284 1104 4335; x_wconf 85' lang='lat' dir='ltr'>Biscbole</span> <span class='ocrx_word' id='word_1_389' title='bbox 1123 4284 1339 4347; x_wconf 74' lang='lat' dir='ltr'>undl&#39;resbyteren</span> 
     </span>
     <span class='ocr_line' id='line_1_41' title="bbox 63 4368 1338 4432; baseline 0 -15"><span class='ocrx_word' id='word_1_390' title='bbox 63 4370 102 4420; x_wconf 85' lang='lat' dir='ltr'>der</span> <span class='ocrx_word' id='word_1_391' title='bbox 127 4368 255 4419; x_wconf 85' lang='lat' dir='ltr'>einzelnen</span> <span class='ocrx_word' id='word_1_392' title='bbox 280 4370 426 4421; x_wconf 86' lang='lat' dir='ltr'>Gemeinden</span> <span class='ocrx_word' id='word_1_393' title='bbox 451 4370 501 4420; x_wconf 86' lang='lat' dir='ltr'>ihre</span> <span class='ocrx_word' id='word_1_394' title='bbox 527 4370 678 4419; x_wconf 87' lang='lat' dir='ltr'>besonderen</span> <span class='ocrx_word' id='word_1_395' title='bbox 704 4369 1063 4432; x_wconf 82' lang='lat' dir='ltr'>Geiatcscigcntbtlmlichleiten</span> <span class='ocrx_word' id='word_1_396' title='bbox 1092 4369 1186 4418; x_wconf 90' lang='lat' dir='ltr'>hatten:</span> <span class='ocrx_word' id='word_1_397' title='bbox 1214 4384 1241 4419; x_wconf 91' lang='lat' dir='ltr'>so</span> <span class='ocrx_word' id='word_1_398' title='bbox 1267 4368 1338 4418; x_wconf 88' lang='lat' dir='ltr'>llelen</span> 
     </span>
     <span class='ocr_line' id='line_1_42' title="bbox 65 4454 1338 4519; baseline 0 -17"><span class='ocrx_word' id='word_1_399' title='bbox 65 4455 99 4503; x_wconf 80' lang='lat' dir='ltr'>die</span> <span class='ocrx_word' id='word_1_400' title='bbox 116 4471 146 4505; x_wconf 88' lang='lat' dir='ltr'>zu</span> <span class='ocrx_word' id='word_1_401' title='bbox 166 4454 214 4504; x_wconf 87' lang='lat' dir='ltr'>den</span> <span class='ocrx_word' id='word_1_402' title='bbox 232 4455 368 4519; x_wconf 82' lang='lat' dir='ltr'>liturgieen</span> <span class='ocrx_word' id='word_1_403' title='bbox 387 4455 526 4516; x_wconf 88' lang='lat' dir='ltr'>gemachten</span> <span class='ocrx_word' id='word_1_404' title='bbox 543 4455 722 4516; x_wconf 79' lang='lat' dir='ltr'>Additamento,</span> <span class='ocrx_word' id='word_1_405' title='bbox 749 4454 805 4504; x_wconf 79' lang='lat' dir='ltr'>cll.</span> <span class='ocrx_word' id='word_1_406' title='bbox 831 4455 868 4504; x_wconf 89' lang='lat' dir='ltr'>die</span> <span class='ocrx_word' id='word_1_407' title='bbox 887 4455 991 4516; x_wconf 88' lang='lat' dir='ltr'>Gebete,</span> <span class='ocrx_word' id='word_1_408' title='bbox 1018 4462 1089 4504; x_wconf 85' lang='lat' dir='ltr'>etwas</span> <span class='ocrx_word' id='word_1_409' title='bbox 1113 4456 1267 4506; x_wconf 82' lang='lat' dir='ltr'>verschieden</span> <span class='ocrx_word' id='word_1_410' title='bbox 1292 4467 1338 4503; x_wconf 88' lang='lat' dir='ltr'>ron</span> 
     </span>
     <span class='ocr_line' id='line_1_43' title="bbox 66 4539 267 4591; baseline -0.01 -1"><span class='ocrx_word' id='word_1_411' title='bbox 66 4540 178 4591; x_wconf 77' lang='lat' dir='ltr'>einander</span> <span class='ocrx_word' id='word_1_412' title='bbox 197 4539 267 4589; x_wconf 81' lang='grc' dir='ltr'><strong>ιιιι.“</strong></span> 
     </span>
    </p>
   </div>
   <div class='ocr_carea' id='block_1_5' title="bbox 0 0 1526 4912">
    <p class='ocr_par' dir='ltr' id='par_1_7' title="bbox 0 0 1526 4912">
     <span class='ocr_line' id='line_1_44' title="bbox 0 0 1526 4912; baseline 0 0"><span class='ocrx_word' id='word_1_413' title='bbox 0 0 1526 4912; x_wconf 95' lang='lat' dir='ltr'> </span> 
     </span>
    </p>
   </div>
  </div>
 </body>
</html>
