<?xml version="1.0" encoding="UTF-8"?>
<!DOCTYPE html PUBLIC "-//W3C//DTD XHTML 1.0 Transitional//EN"
    "http://www.w3.org/TR/xhtml1/DTD/xhtml1-transitional.dtd">
<html xmlns="http://www.w3.org/1999/xhtml" xml:lang="en" lang="en">
 <head>
  <title>
</title>
<meta http-equiv="Content-Type" content="text/html;charset=utf-8" />
  <meta name='ocr-system' content='tesseract 3.04.00' />
  <meta name='ocr-capabilities' content='ocr_page ocr_carea ocr_par ocr_line ocrx_word'/>
</head>
<body>
  <div class='ocr_page' id='page_1' title='image "./codexliturgicus05danigoog_0234.png"; bbox 0 0 3044 4912; ppageno 0'>
   <div class='ocr_carea' id='block_1_1' title="bbox 655 234 729 308">
    <p class='ocr_par' dir='ltr' id='par_1_1' title="bbox 655 234 729 308">
     <span class='ocr_line' id='line_1_1' title="bbox 655 234 729 308; baseline 0.027 -2"><span class='ocrx_word' id='word_1_1' title='bbox 655 234 729 308; x_wconf 83' lang='lat'><strong>223</strong></span> 
     </span>
    </p>
   </div>
   <div class='ocr_carea' id='block_1_2' title="bbox 45 412 1333 601">
    <p class='ocr_par' dir='ltr' id='par_1_2' title="bbox 45 412 1333 601">
     <span class='ocr_line' id='line_1_2' title="bbox 45 412 1333 508; baseline 0.007 -31"><span class='ocrx_word' id='word_1_2' title='bbox 45 498 49 506; x_wconf 89' lang='lat'><strong>.</strong></span> <span class='ocrx_word' id='word_1_3' title='bbox 140 417 200 478; x_wconf 86' lang='lat' dir='ltr'><strong>Per</strong></span> <span class='ocrx_word' id='word_1_4' title='bbox 220 424 312 479; x_wconf 90' lang='lat' dir='ltr'><strong>totam</strong></span> <span class='ocrx_word' id='word_1_5' title='bbox 336 416 544 498; x_wconf 81' lang='lat' dir='ltr'><strong>insequentem</strong></span> <span class='ocrx_word' id='word_1_6' title='bbox 560 417 778 483; x_wconf 78' lang='lat' dir='ltr'><strong>hebdomadem</strong></span> <span class='ocrx_word' id='word_1_7' title='bbox 803 413 909 506; x_wconf 74' lang='grc' dir='ltr'><strong><em>(μέση,</em></strong></span> <span class='ocrx_word' id='word_1_8' title='bbox 930 412 1152 503; x_wconf 70' lang='lat' dir='ltr'><strong>prolongaris</strong></span> <span class='ocrx_word' id='word_1_9' title='bbox 1166 424 1333 508; x_wconf 76' lang='grc' dir='ltr'><strong><em>νηστειῶν,</em></strong></span> 
     </span>
     <span class='ocr_line' id='line_1_3' title="bbox 69 510 910 601; baseline 0 -20"><span class='ocrx_word' id='word_1_10' title='bbox 69 510 309 600; x_wconf 80' lang='grc' dir='ltr'><strong><em>μεσονήστιμος)</em></strong></span> <span class='ocrx_word' id='word_1_11' title='bbox 331 537 402 581; x_wconf 80' lang='lat' dir='ltr'><strong>erus</strong></span> <span class='ocrx_word' id='word_1_12' title='bbox 424 518 546 601; x_wconf 86' lang='lat' dir='ltr'><strong>publice</strong></span> <span class='ocrx_word' id='word_1_13' title='bbox 568 522 727 601; x_wconf 75' lang='lat' dir='ltr'><strong>exponitur</strong></span> <span class='ocrx_word' id='word_1_14' title='bbox 748 522 910 584; x_wconf 88' lang='lat' dir='ltr'><strong>adoranda.</strong></span> 
     </span>
    </p>
   </div>
   <div class='ocr_carea' id='block_1_3' title="bbox 10 638 1334 936">
    <p class='ocr_par' dir='ltr' id='par_1_3' title="bbox 10 638 1334 936">
     <span class='ocr_line' id='line_1_4' title="bbox 10 638 1333 734; baseline 0.004 -26"><span class='ocrx_word' id='word_1_15' title='bbox 10 647 20 671; x_wconf 65' lang='lat'><strong>·&#39;</strong></span> <span class='ocrx_word' id='word_1_16' title='bbox 142 646 171 709; x_wconf 83' lang='lat'><strong>8.</strong></span> <span class='ocrx_word' id='word_1_17' title='bbox 207 640 394 731; x_wconf 78' lang='grc' dir='ltr'><strong><em>Κυριακῆ</em></strong></span> <span class='ocrx_word' id='word_1_18' title='bbox 424 638 597 733; x_wconf 78' lang='grc' dir='ltr'><strong><em>τετάρτη</em></strong></span> <span class='ocrx_word' id='word_1_19' title='bbox 619 650 697 711; x_wconf 80' lang='grc' dir='ltr'><strong>τῶν</strong></span> <span class='ocrx_word' id='word_1_20' title='bbox 718 649 932 734; x_wconf 85' lang='grc' dir='ltr'><strong><em>Νηστειῶν</em></strong></span> <span class='ocrx_word' id='word_1_21' title='bbox 953 650 985 726; x_wconf 87' lang='grc'><strong>(6</strong></span> <span class='ocrx_word' id='word_1_22' title='bbox 1000 648 1084 711; x_wconf 87' lang='lat' dir='ltr'><strong>biart.</strong></span> <span class='ocrx_word' id='word_1_23' title='bbox 1106 648 1172 712; x_wconf 88' lang='lat' dir='ltr'><strong>Lat.</strong></span> <span class='ocrx_word' id='word_1_24' title='bbox 1195 650 1333 728; x_wconf 79' lang='lat' dir='ltr'><strong>Laetare)</strong></span> 
     </span>
     <span class='ocr_line' id='line_1_5' title="bbox 10 739 1334 834; baseline 0.009 -30"><span class='ocrx_word' id='word_1_25' title='bbox 10 764 18 777; x_wconf 93' lang='lat'>·</span> <span class='ocrx_word' id='word_1_26' title='bbox 73 743 146 807; x_wconf 88' lang='lat' dir='ltr'><strong>liebr.</strong></span> <span class='ocrx_word' id='word_1_27' title='bbox 169 748 199 821; x_wconf 88' lang='grc'><strong>6,</strong></span> <span class='ocrx_word' id='word_1_28' title='bbox 217 748 352 812; x_wconf 81' lang='grc'><strong>13-20.</strong></span> <span class='ocrx_word' id='word_1_29' title='bbox 397 746 518 809; x_wconf 68' lang='lat' dir='ltr'><strong>Trium:</strong></span> <span class='ocrx_word' id='word_1_30' title='bbox 553 741 729 830; x_wconf 79' lang='grc' dir='ltr'><strong><em>Ψάλλομεν</em></strong></span> <span class='ocrx_word' id='word_1_31' title='bbox 749 744 809 834; x_wconf 77' lang='grc' dir='ltr'><strong>τὴν</strong></span> <span class='ocrx_word' id='word_1_32' title='bbox 831 739 1037 812; x_wconf 73' lang='grc' dir='ltr'><strong><em>ἀκολουθίαν</em></strong></span> <span class='ocrx_word' id='word_1_33' title='bbox 1057 750 1118 813; x_wconf 79' lang='grc' dir='ltr'><strong>τοῦ</strong></span> <span class='ocrx_word' id='word_1_34' title='bbox 1139 743 1235 816; x_wconf 86' lang='grc' dir='ltr'>ὁσίου</span> <span class='ocrx_word' id='word_1_35' title='bbox 1256 753 1334 816; x_wconf 88' lang='grc' dir='ltr'><strong>Πα-</strong></span> 
     </span>
     <span class='ocr_line' id='line_1_6' title="bbox 10 839 1160 936; baseline 0.009 -32"><span class='ocrx_word' id='word_1_36' title='bbox 10 890 22 900; x_wconf 96' lang='grc'><strong>.</strong></span> <span class='ocrx_word' id='word_1_37' title='bbox 74 839 135 926; x_wconf 72' lang='grc' dir='ltr'><strong><em>πρὸς</em></strong></span> <span class='ocrx_word' id='word_1_38' title='bbox 152 839 246 930; x_wconf 78' lang='grc' dir='ltr'><strong><em>ἡμῶν</em></strong></span> <span class='ocrx_word' id='word_1_39' title='bbox 265 839 454 911; x_wconf 86' lang='grc' dir='ltr'><strong><em>Ἰιοαννου</em></strong></span> <span class='ocrx_word' id='word_1_40' title='bbox 475 850 549 912; x_wconf 79' lang='grc' dir='ltr'><strong>τοῦ</strong></span> <span class='ocrx_word' id='word_1_41' title='bbox 569 845 836 936; x_wconf 73' lang='grc' dir='ltr'><strong><em>συγγραφέως</em></strong></span> <span class='ocrx_word' id='word_1_42' title='bbox 856 851 928 934; x_wconf 82' lang='grc' dir='ltr'><strong><em>τῆς</em></strong></span> <span class='ocrx_word' id='word_1_43' title='bbox 948 842 1160 931; x_wconf 91' lang='grc' dir='ltr'><strong><em>κλίμακος.</em></strong></span> 
     </span>
    </p>
   </div>
   <div class='ocr_carea' id='block_1_4' title="bbox 141 944 1442 1041">
    <p class='ocr_par' dir='ltr' id='par_1_4' title="bbox 141 944 1442 1041">
     <span class='ocr_line' id='line_1_7' title="bbox 141 944 1442 1041; baseline 0.008 -32"><span class='ocrx_word' id='word_1_44' title='bbox 141 947 231 1011; x_wconf 82' lang='lat' dir='ltr'><strong>Feria</strong></span> <span class='ocrx_word' id='word_1_45' title='bbox 253 953 359 1029; x_wconf 79' lang='lat' dir='ltr'><strong>quinta</strong></span> <span class='ocrx_word' id='word_1_46' title='bbox 378 960 415 1012; x_wconf 91' lang='lat' dir='ltr'><strong>ut</strong></span> <span class='ocrx_word' id='word_1_47' title='bbox 434 949 540 1031; x_wconf 74' lang='lat' dir='ltr'><strong>fideles</strong></span> <span class='ocrx_word' id='word_1_48' title='bbox 563 952 602 1014; x_wconf 84' lang='lat' dir='ltr'><strong>ad</strong></span> <span class='ocrx_word' id='word_1_49' title='bbox 619 955 836 1032; x_wconf 87' lang='lat' dir='ltr'><strong>poenitentium</strong></span> <span class='ocrx_word' id='word_1_50' title='bbox 859 963 1023 1015; x_wconf 84' lang='lat' dir='ltr'><strong>evocentur</strong></span> <span class='ocrx_word' id='word_1_51' title='bbox 1039 944 1214 1017; x_wconf 70' lang='lat' dir='ltr'><strong>cantaturi</strong></span> <span class='ocrx_word' id='word_1_52' title='bbox 1228 948 1333 1037; x_wconf 87' lang='grc' dir='ltr'><strong><em>μέγας</em></strong></span> <span class='ocrx_word' id='word_1_53' title='bbox 1430 1014 1442 1041; x_wconf 57' lang='grc'><strong><em>,</em></strong></span> 
     </span>
    </p>
   </div>
   <div class='ocr_carea' id='block_1_5' title="bbox 10 1041 1333 1536">
    <p class='ocr_par' dir='ltr' id='par_1_5' title="bbox 10 1041 1333 1231">
     <span class='ocr_line' id='line_1_8' title="bbox 10 1041 1333 1133; baseline 0.002 -18"><span class='ocrx_word' id='word_1_54' title='bbox 10 1079 18 1115; x_wconf 95' lang='grc'><strong>·.</strong></span> <span class='ocrx_word' id='word_1_55' title='bbox 75 1041 186 1126; x_wconf 78' lang='grc' dir='ltr'><strong><em>Κανών,</em></strong></span> <span class='ocrx_word' id='word_1_56' title='bbox 209 1051 247 1112; x_wconf 95' lang='lat' dir='ltr'><strong>ab</strong></span> <span class='ocrx_word' id='word_1_57' title='bbox 269 1051 391 1114; x_wconf 77' lang='lat' dir='ltr'><strong>Andrus</strong></span> <span class='ocrx_word' id='word_1_58' title='bbox 414 1052 553 1118; x_wconf 82' lang='lat' dir='ltr'><strong>Cretensi</strong></span> <span class='ocrx_word' id='word_1_59' title='bbox 572 1071 611 1114; x_wconf 78' lang='lat' dir='ltr'><strong>em</strong></span> <span class='ocrx_word' id='word_1_60' title='bbox 631 1057 777 1117; x_wconf 84' lang='lat' dir='ltr'><strong>uniuersa</strong></span> <span class='ocrx_word' id='word_1_61' title='bbox 798 1057 909 1116; x_wconf 87' lang='lat' dir='ltr'><strong>ueteris</strong></span> <span class='ocrx_word' id='word_1_62' title='bbox 937 1063 965 1116; x_wconf 87' lang='lat' dir='ltr'><strong>et</strong></span> <span class='ocrx_word' id='word_1_63' title='bbox 986 1057 1062 1115; x_wconf 85' lang='lat' dir='ltr'><strong>noui</strong></span> <span class='ocrx_word' id='word_1_64' title='bbox 1079 1054 1213 1133; x_wconf 76' lang='lat' dir='ltr'><strong>foederis</strong></span> <span class='ocrx_word' id='word_1_65' title='bbox 1236 1055 1333 1119; x_wconf 85' lang='lat' dir='ltr'><strong>bisto-</strong></span> 
     </span>
     <span class='ocr_line' id='line_1_9' title="bbox 12 1150 703 1231; baseline 0.01 -21"><span class='ocrx_word' id='word_1_66' title='bbox 12 1181 22 1189; x_wconf 84' lang='lat'><em>-</em></span> <span class='ocrx_word' id='word_1_67' title='bbox 76 1153 112 1212; x_wconf 89' lang='lat' dir='ltr'><strong>ria</strong></span> <span class='ocrx_word' id='word_1_68' title='bbox 131 1150 283 1215; x_wconf 81' lang='lat' dir='ltr'><strong>collectus.</strong></span> <span class='ocrx_word' id='word_1_69' title='bbox 701 1227 703 1231; x_wconf 89' lang='lat'><strong>.</strong></span> 
     </span>
    </p>

    <p class='ocr_par' dir='ltr' id='par_1_6' title="bbox 10 1244 1333 1536">
     <span class='ocr_line' id='line_1_10' title="bbox 140 1244 1333 1338; baseline 0.004 -23"><span class='ocrx_word' id='word_1_70' title='bbox 140 1252 272 1315; x_wconf 88' lang='lat' dir='ltr'><strong>Sabbata</strong></span> <span class='ocrx_word' id='word_1_71' title='bbox 306 1257 456 1315; x_wconf 83' lang='lat' dir='ltr'><strong>recitatur</strong></span> <span class='ocrx_word' id='word_1_72' title='bbox 487 1244 506 1316; x_wconf 86' lang='grc' dir='ltr'><strong><em>ά</em></strong></span> <span class='ocrx_word' id='word_1_73' title='bbox 539 1244 587 1328; x_wconf 79' lang='grc' dir='ltr'><strong>εἷς</strong></span> <span class='ocrx_word' id='word_1_74' title='bbox 618 1249 677 1338; x_wconf 77' lang='grc' dir='ltr'><strong>τὴν</strong></span> <span class='ocrx_word' id='word_1_75' title='bbox 704 1247 888 1338; x_wconf 83' lang='grc' dir='ltr'><strong><em>ὗπεραγίαν</em></strong></span> <span class='ocrx_word' id='word_1_76' title='bbox 915 1249 1077 1320; x_wconf 85' lang='grc' dir='ltr'><strong><em>θεοτόκον</em></strong></span> <span class='ocrx_word' id='word_1_77' title='bbox 1099 1247 1333 1334; x_wconf 84' lang='grc' dir='ltr'><strong><em>άκάθιστος</em></strong></span> 
     </span>
     <span class='ocr_line' id='line_1_11' title="bbox 10 1343 1331 1439; baseline 0.003 -24"><span class='ocrx_word' id='word_1_78' title='bbox 10 1380 18 1415; x_wconf 70' lang='lat' dir='ltr'><strong>s</strong></span> <span class='ocrx_word' id='word_1_79' title='bbox 73 1343 182 1432; x_wconf 69' lang='grc' dir='ltr'><strong><em>ὕμνος</em></strong></span> <span class='ocrx_word' id='word_1_80' title='bbox 209 1359 255 1417; x_wconf 88' lang='lat' dir='ltr'><strong>a&#39;ta</strong></span> <span class='ocrx_word' id='word_1_81' title='bbox 284 1356 380 1417; x_wconf 85' lang='lat' dir='ltr'><strong>dietus</strong></span> <span class='ocrx_word' id='word_1_82' title='bbox 407 1359 477 1437; x_wconf 77' lang='lat' dir='ltr'><strong>quia</strong></span> <span class='ocrx_word' id='word_1_83' title='bbox 505 1354 577 1418; x_wconf 90' lang='lat' dir='ltr'><strong>olim</strong></span> <span class='ocrx_word' id='word_1_84' title='bbox 598 1375 616 1417; x_wconf 97' lang='lat' dir='ltr'><strong>a</strong></span> <span class='ocrx_word' id='word_1_85' title='bbox 635 1356 761 1438; x_wconf 70' lang='lat' dir='ltr'><strong>popiola,</strong></span> <span class='ocrx_word' id='word_1_86' title='bbox 793 1358 827 1420; x_wconf 93' lang='lat' dir='ltr'><strong>ab</strong></span> <span class='ocrx_word' id='word_1_87' title='bbox 849 1358 956 1419; x_wconf 85' lang='lat' dir='ltr'><strong>urbem</strong></span> <span class='ocrx_word' id='word_1_88' title='bbox 978 1369 1025 1420; x_wconf 90' lang='lat' dir='ltr'><strong>ter</strong></span> <span class='ocrx_word' id='word_1_89' title='bbox 1045 1368 1197 1421; x_wconf 86' lang='lat' dir='ltr'><strong>seruatam</strong></span> <span class='ocrx_word' id='word_1_90' title='bbox 1220 1376 1275 1439; x_wconf 89' lang='lat' dir='ltr'><strong>ops</strong></span> <span class='ocrx_word' id='word_1_91' title='bbox 1296 1358 1331 1421; x_wconf 85' lang='lat' dir='ltr'><strong>ll.</strong></span> 
     </span>
     <span class='ocr_line' id='line_1_12' title="bbox 10 1451 1092 1536; baseline 0.008 -23"><span class='ocrx_word' id='word_1_92' title='bbox 10 1480 15 1501; x_wconf 73' lang='grc'><strong>.-</strong></span> <span class='ocrx_word' id='word_1_93' title='bbox 77 1451 199 1535; x_wconf 76' lang='lat' dir='ltr'><strong>lupinis,</strong></span> <span class='ocrx_word' id='word_1_94' title='bbox 217 1474 278 1536; x_wconf 89' lang='lat' dir='ltr'><strong>per</strong></span> <span class='ocrx_word' id='word_1_95' title='bbox 300 1467 395 1519; x_wconf 89' lang='lat' dir='ltr'><strong>totam</strong></span> <span class='ocrx_word' id='word_1_96' title='bbox 415 1467 532 1519; x_wconf 85' lang='lat' dir='ltr'><strong>noctem</strong></span> <span class='ocrx_word' id='word_1_97' title='bbox 554 1466 654 1519; x_wconf 86' lang='lat' dir='ltr'><strong>stante</strong></span> <span class='ocrx_word' id='word_1_98' title='bbox 676 1461 741 1519; x_wconf 86' lang='lat' dir='ltr'><strong>sins</strong></span> <span class='ocrx_word' id='word_1_99' title='bbox 763 1462 897 1521; x_wconf 88' lang='lat' dir='ltr'><strong>sessione</strong></span> <span class='ocrx_word' id='word_1_100' title='bbox 918 1460 1092 1522; x_wconf 79' lang='lat' dir='ltr'><strong>canebatur.</strong></span> 
     </span>
    </p>
   </div>
   <div class='ocr_carea' id='block_1_6' title="bbox 10 1576 1331 1670">
    <p class='ocr_par' dir='ltr' id='par_1_7' title="bbox 10 1576 1331 1670">
     <span class='ocr_line' id='line_1_13' title="bbox 10 1576 1331 1670; baseline 0.002 -23"><span class='ocrx_word' id='word_1_101' title='bbox 10 1576 15 1610; x_wconf 57' lang='grc' dir='ltr'><strong><em>ί</em></strong></span> <span class='ocrx_word' id='word_1_102' title='bbox 140 1584 171 1647; x_wconf 87' lang='grc'><strong>9.</strong></span> <span class='ocrx_word' id='word_1_103' title='bbox 193 1577 376 1669; x_wconf 79' lang='grc' dir='ltr'><strong><em>Κοριακῆ</em></strong></span> <span class='ocrx_word' id='word_1_104' title='bbox 400 1576 567 1668; x_wconf 73' lang='grc' dir='ltr'><strong><em>πέμπτη</em></strong></span> <span class='ocrx_word' id='word_1_105' title='bbox 588 1584 665 1645; x_wconf 84' lang='grc' dir='ltr'><strong>τῶν</strong></span> <span class='ocrx_word' id='word_1_106' title='bbox 686 1586 902 1670; x_wconf 85' lang='grc' dir='ltr'><strong><em>Νηστειῶν</em></strong></span> <span class='ocrx_word' id='word_1_107' title='bbox 924 1587 976 1659; x_wconf 75' lang='grc'><strong>(13</strong></span> <span class='ocrx_word' id='word_1_108' title='bbox 992 1586 1077 1647; x_wconf 88' lang='lat' dir='ltr'><strong>biart.</strong></span> <span class='ocrx_word' id='word_1_109' title='bbox 1099 1585 1164 1647; x_wconf 91' lang='lat' dir='ltr'><strong>Lat.</strong></span> <span class='ocrx_word' id='word_1_110' title='bbox 1180 1585 1282 1649; x_wconf 85' lang='lat' dir='ltr'><strong>ludica</strong></span> <span class='ocrx_word' id='word_1_111' title='bbox 1305 1604 1331 1649; x_wconf 91' lang='lat' dir='ltr'><strong>s.</strong></span> 
     </span>
    </p>
   </div>
   <div class='ocr_carea' id='block_1_7' title="bbox 69 1677 1469 1773">
    <p class='ocr_par' dir='ltr' id='par_1_8' title="bbox 69 1677 1469 1773">
     <span class='ocr_line' id='line_1_14' title="bbox 69 1677 1469 1773; baseline 0.004 -30"><span class='ocrx_word' id='word_1_112' title='bbox 69 1680 225 1761; x_wconf 76' lang='lat' dir='ltr'><strong>Passionis)</strong></span> <span class='ocrx_word' id='word_1_113' title='bbox 254 1683 391 1759; x_wconf 62' lang='lat' dir='ltr'><strong>liebri),</strong></span> <span class='ocrx_word' id='word_1_114' title='bbox 409 1687 543 1747; x_wconf 89' lang='grc'><strong>11-14.</strong></span> <span class='ocrx_word' id='word_1_115' title='bbox 587 1684 706 1747; x_wconf 87' lang='lat' dir='ltr'><strong>Triod.:</strong></span> <span class='ocrx_word' id='word_1_116' title='bbox 739 1679 915 1767; x_wconf 79' lang='grc' dir='ltr'><strong><em>Ψάλλομεν</em></strong></span> <span class='ocrx_word' id='word_1_117' title='bbox 945 1680 1004 1771; x_wconf 77' lang='grc' dir='ltr'><strong>τὴν</strong></span> <span class='ocrx_word' id='word_1_118' title='bbox 1036 1677 1242 1751; x_wconf 76' lang='grc' dir='ltr'><strong><em>ἀκολουθίαν</em></strong></span> <span class='ocrx_word' id='word_1_119' title='bbox 1273 1688 1333 1773; x_wconf 82' lang='grc' dir='ltr'><strong><em>τῆς</em></strong></span> <span class='ocrx_word' id='word_1_120' title='bbox 1465 1732 1469 1739; x_wconf 82' lang='lat'>-</span> 
     </span>
    </p>
   </div>
   <div class='ocr_carea' id='block_1_8' title="bbox 10 1770 1335 3513">
    <p class='ocr_par' dir='ltr' id='par_1_9' title="bbox 10 1770 969 1872">
     <span class='ocr_line' id='line_1_15' title="bbox 10 1770 969 1872; baseline 0.003 -24"><span class='ocrx_word' id='word_1_121' title='bbox 10 1770 13 1809; x_wconf 73' lang='lat'><em>¹</em></span> <span class='ocrx_word' id='word_1_122' title='bbox 68 1774 152 1861; x_wconf 80' lang='grc' dir='ltr'><strong><em>ὁσίας</em></strong></span> <span class='ocrx_word' id='word_1_123' title='bbox 171 1780 298 1872; x_wconf 86' lang='grc' dir='ltr'><strong><em>μητρὸς</em></strong></span> <span class='ocrx_word' id='word_1_124' title='bbox 318 1777 412 1868; x_wconf 79' lang='grc' dir='ltr'><strong><em>ἡμῶν</em></strong></span> <span class='ocrx_word' id='word_1_125' title='bbox 432 1778 604 1870; x_wconf 85' lang='grc' dir='ltr'><strong><em>Μαρίας</em></strong></span> <span class='ocrx_word' id='word_1_126' title='bbox 624 1789 670 1871; x_wconf 78' lang='grc' dir='ltr'><strong>τῇ</strong></span> <span class='ocrx_word' id='word_1_127' title='bbox 679 1807 697 1862; x_wconf 91' lang='grc' dir='ltr'><strong><em>ς</em></strong></span> <span class='ocrx_word' id='word_1_128' title='bbox 716 1780 969 1870; x_wconf 80' lang='grc' dir='ltr'><strong><em>Αἰγυπτίας.</em></strong></span> 
     </span>
    </p>

    <p class='ocr_par' dir='ltr' id='par_1_10' title="bbox 58 1883 1333 2274">
     <span class='ocr_line' id='line_1_16' title="bbox 141 1883 1331 1970; baseline 0.003 -21"><span class='ocrx_word' id='word_1_129' title='bbox 141 1887 288 1968; x_wconf 74' lang='lat' dir='ltr'><strong>Sequitur</strong></span> <span class='ocrx_word' id='word_1_130' title='bbox 307 1886 475 1950; x_wconf 74' lang='lat' dir='ltr'><strong>Hebdomon</strong></span> <span class='ocrx_word' id='word_1_131' title='bbox 503 1887 569 1949; x_wconf 87' lang='grc' dir='ltr'><strong>τῶν</strong></span> <span class='ocrx_word' id='word_1_132' title='bbox 589 1883 705 1967; x_wconf 67' lang='lat' dir='ltr'><strong>poitur,</strong></span> <span class='ocrx_word' id='word_1_133' title='bbox 728 1888 913 1950; x_wconf 87' lang='lat' dir='ltr'><strong>Palmarum.</strong></span> <span class='ocrx_word' id='word_1_134' title='bbox 958 1888 1003 1950; x_wconf 85' lang='lat' dir='ltr'><strong>lla</strong></span> <span class='ocrx_word' id='word_1_135' title='bbox 1024 1894 1186 1970; x_wconf 74' lang='lat' dir='ltr'><strong>quotannis</strong></span> <span class='ocrx_word' id='word_1_136' title='bbox 1209 1892 1245 1953; x_wconf 94' lang='lat' dir='ltr'><strong>ab</strong></span> <span class='ocrx_word' id='word_1_137' title='bbox 1268 1890 1331 1954; x_wconf 94' lang='lat' dir='ltr'><strong>lm-</strong></span> 
     </span>
     <span class='ocr_line' id='line_1_17' title="bbox 58 1988 1333 2069; baseline 0.005 -20"><span class='ocrx_word' id='word_1_138' title='bbox 58 1999 201 2069; x_wconf 79' lang='lat' dir='ltr'><strong>peratore</strong></span> <span class='ocrx_word' id='word_1_139' title='bbox 228 2000 258 2052; x_wconf 87' lang='lat' dir='ltr'><strong>et</strong></span> <span class='ocrx_word' id='word_1_140' title='bbox 279 1988 462 2053; x_wconf 86' lang='lat' dir='ltr'><strong>Patriaroba</strong></span> <span class='ocrx_word' id='word_1_141' title='bbox 489 1990 589 2065; x_wconf 64' lang='lat' dir='ltr'><strong>alona.</strong></span> <span class='ocrx_word' id='word_1_142' title='bbox 606 2008 743 2062; x_wconf 87' lang='lat' dir='ltr'><strong>munera,</strong></span> <span class='ocrx_word' id='word_1_143' title='bbox 775 1989 959 2068; x_wconf 81' lang='lat' dir='ltr'><strong>larpitiones,</strong></span> <span class='ocrx_word' id='word_1_144' title='bbox 989 1989 1026 2051; x_wconf 89' lang='lat' dir='ltr'><strong>ab</strong></span> <span class='ocrx_word' id='word_1_145' title='bbox 1055 1995 1124 2069; x_wconf 86' lang='lat' dir='ltr'><strong>ipsa</strong></span> <span class='ocrx_word' id='word_1_146' title='bbox 1143 1989 1333 2055; x_wconf 78' lang='lat' dir='ltr'><strong>Hebdomade</strong></span> 
     </span>
     <span class='ocr_line' id='line_1_18' title="bbox 59 2088 1333 2173; baseline 0.004 -22"><span class='ocrx_word' id='word_1_147' title='bbox 59 2089 152 2168; x_wconf 80' lang='lat' dir='ltr'><strong>baja</strong></span> <span class='ocrx_word' id='word_1_148' title='bbox 182 2090 261 2152; x_wconf 83' lang='lat' dir='ltr'><strong>dieta</strong></span> <span class='ocrx_word' id='word_1_149' title='bbox 284 2089 400 2170; x_wconf 91' lang='lat' dir='ltr'><strong>popula</strong></span> <span class='ocrx_word' id='word_1_150' title='bbox 424 2091 695 2153; x_wconf 79' lang='lat' dir='ltr'><strong>distribuebantur.</strong></span> <span class='ocrx_word' id='word_1_151' title='bbox 739 2090 778 2154; x_wconf 83' lang='lat' dir='ltr'><strong>lit</strong></span> <span class='ocrx_word' id='word_1_152' title='bbox 799 2093 881 2171; x_wconf 84' lang='lat' dir='ltr'><strong>apud</strong></span> <span class='ocrx_word' id='word_1_153' title='bbox 902 2089 1017 2153; x_wconf 86' lang='lat' dir='ltr'><strong>llnssas</strong></span> <span class='ocrx_word' id='word_1_154' title='bbox 1040 2088 1170 2154; x_wconf 89' lang='lat' dir='ltr'><strong>Sabbata</strong></span> <span class='ocrx_word' id='word_1_155' title='bbox 1189 2098 1284 2173; x_wconf 87' lang='lat' dir='ltr'><strong>pueri</strong></span> <span class='ocrx_word' id='word_1_156' title='bbox 1303 2106 1333 2157; x_wconf 86' lang='lat' dir='ltr'><strong>st</strong></span> 
     </span>
     <span class='ocr_line' id='line_1_19' title="bbox 58 2188 1330 2274; baseline 0.005 -21"><span class='ocrx_word' id='word_1_157' title='bbox 58 2203 87 2254; x_wconf 86' lang='lat' dir='ltr'><strong>et</strong></span> <span class='ocrx_word' id='word_1_158' title='bbox 113 2188 238 2274; x_wconf 87' lang='lat' dir='ltr'><strong>puellae</strong></span> <span class='ocrx_word' id='word_1_159' title='bbox 268 2194 421 2272; x_wconf 83' lang='lat' dir='ltr'><strong>arripiunt</strong></span> <span class='ocrx_word' id='word_1_160' title='bbox 451 2192 644 2254; x_wconf 82' lang='lat' dir='ltr'><strong>munuscula.</strong></span> <span class='ocrx_word' id='word_1_161' title='bbox 699 2191 799 2254; x_wconf 84' lang='lat' dir='ltr'><strong>llobl</strong></span> <span class='ocrx_word' id='word_1_162' title='bbox 822 2192 879 2256; x_wconf 85' lang='lat' dir='ltr'><strong>rSt.</strong></span> <span class='ocrx_word' id='word_1_163' title='bbox 907 2191 1091 2271; x_wconf 82' lang='lat' dir='ltr'><strong>Patersburp</strong></span> <span class='ocrx_word' id='word_1_164' title='bbox 1111 2191 1154 2254; x_wconf 88' lang='lat' dir='ltr'><strong>ll.</strong></span> <span class='ocrx_word' id='word_1_165' title='bbox 1174 2212 1207 2274; x_wconf 92' lang='lat' dir='ltr'><strong>p.</strong></span> <span class='ocrx_word' id='word_1_166' title='bbox 1227 2195 1330 2259; x_wconf 85' lang='grc'>346-</span> 
     </span>
    </p>

    <p class='ocr_par' dir='ltr' id='par_1_11' title="bbox 53 2393 1335 3086">
     <span class='ocr_line' id='line_1_20' title="bbox 140 2393 1331 2476; baseline 0.002 -20"><span class='ocrx_word' id='word_1_167' title='bbox 140 2394 273 2458; x_wconf 90' lang='lat' dir='ltr'><strong>Sabbata</strong></span> <span class='ocrx_word' id='word_1_168' title='bbox 311 2397 473 2476; x_wconf 78' lang='lat' dir='ltr'><strong>parapitur</strong></span> <span class='ocrx_word' id='word_1_169' title='bbox 512 2412 576 2455; x_wconf 88' lang='lat' dir='ltr'><strong>una</strong></span> <span class='ocrx_word' id='word_1_170' title='bbox 610 2412 648 2455; x_wconf 81' lang='lat' dir='ltr'><strong>aa</strong></span> <span class='ocrx_word' id='word_1_171' title='bbox 682 2397 822 2456; x_wconf 74' lang='lat' dir='ltr'><strong>maximis</strong></span> <span class='ocrx_word' id='word_1_172' title='bbox 859 2394 1044 2457; x_wconf 81' lang='lat' dir='ltr'><strong>Graecorum</strong></span> <span class='ocrx_word' id='word_1_173' title='bbox 1080 2393 1331 2458; x_wconf 78' lang='lat' dir='ltr'><strong>sollemnitatibus</strong></span> 
     </span>
     <span class='ocr_line' id='line_1_21' title="bbox 57 2487 1333 2580; baseline 0.002 -23"><span class='ocrx_word' id='word_1_174' title='bbox 57 2497 139 2559; x_wconf 83' lang='grc' dir='ltr'><strong>Τοῦ</strong></span> <span class='ocrx_word' id='word_1_175' title='bbox 162 2487 328 2559; x_wconf 76' lang='grc' dir='ltr'><strong><em>δικαίου</em></strong></span> <span class='ocrx_word' id='word_1_176' title='bbox 350 2487 549 2577; x_wconf 84' lang='grc' dir='ltr'><strong><em>Λαζάρου</em></strong></span> <span class='ocrx_word' id='word_1_177' title='bbox 573 2494 839 2558; x_wconf 83' lang='lat' dir='ltr'><strong>Resuscitatio</strong></span> <span class='ocrx_word' id='word_1_178' title='bbox 862 2495 1012 2558; x_wconf 79' lang='lat' dir='ltr'><strong>lazari.</strong></span> <span class='ocrx_word' id='word_1_179' title='bbox 1039 2488 1333 2580; x_wconf 75' lang='lat' dir='ltr'><strong>Tporro&#39;rpaor(1in-</strong></span> 
     </span>
     <span class='ocr_line' id='line_1_22' title="bbox 53 2586 1333 2681; baseline -0.002 -20"><span class='ocrx_word' id='word_1_180' title='bbox 53 2595 215 2679; x_wconf 74' lang='lat' dir='ltr'><strong>ta&#39;pltoual:</strong></span> <span class='ocrx_word' id='word_1_181' title='bbox 253 2591 321 2681; x_wconf 78' lang='grc' dir='ltr'><strong>Την</strong></span> <span class='ocrx_word' id='word_1_182' title='bbox 351 2591 463 2679; x_wconf 74' lang='grc' dir='ltr'><strong><em>κοινὴν</em></strong></span> <span class='ocrx_word' id='word_1_183' title='bbox 480 2586 679 2660; x_wconf 80' lang='grc' dir='ltr'><strong><em>Ἀνάστασιν</em></strong></span> <span class='ocrx_word' id='word_1_184' title='bbox 708 2592 776 2681; x_wconf 85' lang='grc' dir='ltr'><strong>πρὸ</strong></span> <span class='ocrx_word' id='word_1_185' title='bbox 809 2599 869 2661; x_wconf 81' lang='grc' dir='ltr'><strong>τοῦ</strong></span> <span class='ocrx_word' id='word_1_186' title='bbox 902 2599 963 2660; x_wconf 86' lang='grc' dir='ltr'><strong>σοῦ</strong></span> <span class='ocrx_word' id='word_1_187' title='bbox 983 2589 1129 2672; x_wconf 83' lang='grc' dir='ltr'><strong><em>Πάθοος</em></strong></span> <span class='ocrx_word' id='word_1_188' title='bbox 1147 2589 1333 2678; x_wconf 83' lang='grc' dir='ltr'><strong><em>πιστούμε-</em></strong></span> 
     </span>
     <span class='ocr_line' id='line_1_23' title="bbox 53 2687 1334 2782; baseline 0.002 -22"><span class='ocrx_word' id='word_1_189' title='bbox 53 2719 121 2774; x_wconf 88' lang='grc' dir='ltr'><strong><em>νος,</em></strong></span> <span class='ocrx_word' id='word_1_190' title='bbox 145 2693 181 2762; x_wconf 63' lang='lat' dir='ltr'><strong>&amp;a</strong></span> <span class='ocrx_word' id='word_1_191' title='bbox 202 2699 324 2781; x_wconf 79' lang='grc' dir='ltr'><strong><em>νεκρῶν</em></strong></span> <span class='ocrx_word' id='word_1_192' title='bbox 344 2687 479 2781; x_wconf 82' lang='grc' dir='ltr'><strong><em>ἤγειρας</em></strong></span> <span class='ocrx_word' id='word_1_193' title='bbox 499 2692 558 2760; x_wconf 90' lang='grc' dir='ltr'><strong>τὸν</strong></span> <span class='ocrx_word' id='word_1_194' title='bbox 571 2689 734 2782; x_wconf 83' lang='grc' dir='ltr'><strong><em>Λάζαρον</em></strong></span> <span class='ocrx_word' id='word_1_195' title='bbox 747 2694 875 2781; x_wconf 82' lang='grc' dir='ltr'><strong><em>Χριστέ</em></strong></span> <span class='ocrx_word' id='word_1_196' title='bbox 896 2691 915 2762; x_wconf 87' lang='grc' dir='ltr'>ὁ</span> <span class='ocrx_word' id='word_1_197' title='bbox 933 2691 1034 2774; x_wconf 85' lang='grc' dir='ltr'><strong><em>Θεάς·</em></strong></span> <span class='ocrx_word' id='word_1_198' title='bbox 1057 2691 1139 2762; x_wconf 85' lang='grc' dir='ltr'><strong><em>ὅθεν</em></strong></span> <span class='ocrx_word' id='word_1_199' title='bbox 1160 2694 1217 2762; x_wconf 85' lang='grc' dir='ltr'><strong>καὶ</strong></span> <span class='ocrx_word' id='word_1_200' title='bbox 1237 2690 1334 2782; x_wconf 77' lang='grc' dir='ltr'><strong><em>ἡμεῖς</em></strong></span> 
     </span>
     <span class='ocr_line' id='line_1_24' title="bbox 55 2791 1334 2886; baseline 0.002 -25"><span class='ocrx_word' id='word_1_201' title='bbox 55 2791 100 2875; x_wconf 79' lang='grc' dir='ltr'><strong><em>ὡς</em></strong></span> <span class='ocrx_word' id='word_1_202' title='bbox 124 2791 157 2865; x_wconf 78' lang='grc' dir='ltr'><strong>οἱ</strong></span> <span class='ocrx_word' id='word_1_203' title='bbox 179 2795 319 2875; x_wconf 76' lang='grc' dir='ltr'><strong><em>Παῖδες,</em></strong></span> <span class='ocrx_word' id='word_1_204' title='bbox 353 2795 395 2861; x_wconf 85' lang='grc' dir='ltr'><strong>τὰ</strong></span> <span class='ocrx_word' id='word_1_205' title='bbox 416 2799 475 2884; x_wconf 78' lang='grc' dir='ltr'><strong><em>τῆς</em></strong></span> <span class='ocrx_word' id='word_1_206' title='bbox 496 2792 584 2884; x_wconf 87' lang='grc' dir='ltr'><strong><em>νίκης</em></strong></span> <span class='ocrx_word' id='word_1_207' title='bbox 605 2792 758 2880; x_wconf 77' lang='grc' dir='ltr'><strong><em>σύμβολα</em></strong></span> <span class='ocrx_word' id='word_1_208' title='bbox 780 2796 947 2884; x_wconf 78' lang='grc' dir='ltr'><strong><em>φέροντες,</em></strong></span> <span class='ocrx_word' id='word_1_209' title='bbox 980 2796 1035 2864; x_wconf 86' lang='grc' dir='ltr'><strong>σοί</strong></span> <span class='ocrx_word' id='word_1_210' title='bbox 1057 2803 1104 2884; x_wconf 77' lang='grc' dir='ltr'><strong>τῷ</strong></span> <span class='ocrx_word' id='word_1_211' title='bbox 1125 2802 1253 2886; x_wconf 79' lang='grc' dir='ltr'><strong><em>Νικητῇ</em></strong></span> <span class='ocrx_word' id='word_1_212' title='bbox 1274 2802 1334 2865; x_wconf 81' lang='grc' dir='ltr'><strong>τοῦ</strong></span> 
     </span>
     <span class='ocr_line' id='line_1_25' title="bbox 53 2891 1335 2986; baseline -0.001 -21"><span class='ocrx_word' id='word_1_213' title='bbox 53 2894 208 2965; x_wconf 88' lang='grc' dir='ltr'><strong><em>θανάτου</em></strong></span> <span class='ocrx_word' id='word_1_214' title='bbox 229 2902 374 2982; x_wconf 74' lang='lat' dir='ltr'><strong>planipes·</strong></span> <span class='ocrx_word' id='word_1_215' title='bbox 396 2891 528 2964; x_wconf 80' lang='grc' dir='ltr'><strong><em>ὦσαννά</em></strong></span> <span class='ocrx_word' id='word_1_216' title='bbox 549 2894 585 2963; x_wconf 83' lang='grc' dir='ltr'><strong>έν</strong></span> <span class='ocrx_word' id='word_1_217' title='bbox 605 2902 677 2977; x_wconf 87' lang='grc' dir='ltr'><strong><em>τοῖς</em></strong></span> <span class='ocrx_word' id='word_1_218' title='bbox 698 2893 865 2986; x_wconf 77' lang='grc' dir='ltr'><strong><em>ὑψίστοις,</em></strong></span> <span class='ocrx_word' id='word_1_219' title='bbox 888 2894 1105 2986; x_wconf 76' lang='grc' dir='ltr'><strong><em>εὐλογημένος</em></strong></span> <span class='ocrx_word' id='word_1_220' title='bbox 1125 2893 1335 2985; x_wconf 81' lang='grc' dir='ltr'><strong><em>ὃέρχόμενος</em></strong></span> 
     </span>
     <span class='ocr_line' id='line_1_26' title="bbox 54 2994 416 3086; baseline 0 -19"><span class='ocrx_word' id='word_1_221' title='bbox 54 2997 89 3067; x_wconf 83' lang='grc' dir='ltr'><strong>έν</strong></span> <span class='ocrx_word' id='word_1_222' title='bbox 114 2994 256 3084; x_wconf 85' lang='grc' dir='ltr'><strong><em>ὀνόματι</em></strong></span> <span class='ocrx_word' id='word_1_223' title='bbox 277 2996 416 3086; x_wconf 86' lang='grc' dir='ltr'><strong><em>Κυρίου.</em></strong></span> 
     </span>
    </p>

    <p class='ocr_par' dir='ltr' id='par_1_12' title="bbox 54 3116 1334 3513">
     <span class='ocr_line' id='line_1_27' title="bbox 144 3116 1331 3206; baseline -0.001 -22"><span class='ocrx_word' id='word_1_224' title='bbox 144 3125 193 3185; x_wconf 89' lang='grc'><strong>10.</strong></span> <span class='ocrx_word' id='word_1_225' title='bbox 216 3116 399 3206; x_wconf 82' lang='grc' dir='ltr'><strong><em>Κυριακὴ</em></strong></span> <span class='ocrx_word' id='word_1_226' title='bbox 422 3121 499 3183; x_wconf 80' lang='grc' dir='ltr'><strong>τῶν</strong></span> <span class='ocrx_word' id='word_1_227' title='bbox 520 3116 660 3183; x_wconf 75' lang='lat' dir='ltr'><strong>Baiter</strong></span> <span class='ocrx_word' id='word_1_228' title='bbox 681 3123 735 3196; x_wconf 79' lang='lat'><strong>(20</strong></span> <span class='ocrx_word' id='word_1_229' title='bbox 758 3121 842 3181; x_wconf 87' lang='lat' dir='ltr'><strong>blart.</strong></span> <span class='ocrx_word' id='word_1_230' title='bbox 866 3119 931 3181; x_wconf 88' lang='lat' dir='ltr'><strong>Lot.</strong></span> <span class='ocrx_word' id='word_1_231' title='bbox 955 3119 1134 3196; x_wconf 85' lang='lat' dir='ltr'><strong>Palmarnm)</strong></span> <span class='ocrx_word' id='word_1_232' title='bbox 1157 3119 1289 3200; x_wconf 84' lang='lat' dir='ltr'><strong>Philipp.</strong></span> <span class='ocrx_word' id='word_1_233' title='bbox 1302 3124 1331 3194; x_wconf 85' lang='grc'><strong>4,</strong></span> 
     </span>
     <span class='ocr_line' id='line_1_28' title="bbox 54 3212 1332 3309; baseline -0.005 -21"><span class='ocrx_word' id='word_1_234' title='bbox 54 3225 152 3309; x_wconf 66' lang='lat'><strong>4-9.</strong></span> <span class='ocrx_word' id='word_1_235' title='bbox 176 3223 282 3284; x_wconf 91' lang='lat' dir='ltr'><strong>loann.</strong></span> <span class='ocrx_word' id='word_1_236' title='bbox 301 3225 382 3295; x_wconf 64' lang='lat'><strong>121</strong></span> <span class='ocrx_word' id='word_1_237' title='bbox 401 3238 448 3302; x_wconf 88' lang='lat' dir='ltr'><strong>sq.</strong></span> <span class='ocrx_word' id='word_1_238' title='bbox 491 3215 694 3287; x_wconf 77' lang='grc' dir='ltr'><strong><em>Κοντάκιονε</em></strong></span> <span class='ocrx_word' id='word_1_239' title='bbox 720 3224 777 3306; x_wconf 75' lang='grc' dir='ltr'><strong>Τῷ</strong></span> <span class='ocrx_word' id='word_1_240' title='bbox 798 3213 913 3306; x_wconf 82' lang='grc' dir='ltr'><strong><em>θρόνῳ</em></strong></span> <span class='ocrx_word' id='word_1_241' title='bbox 935 3215 970 3284; x_wconf 78' lang='grc' dir='ltr'><strong>ἐν</strong></span> <span class='ocrx_word' id='word_1_242' title='bbox 989 3212 1137 3305; x_wconf 70' lang='grc' dir='ltr'><strong><em>Οὐρανῷ,</em></strong></span> <span class='ocrx_word' id='word_1_243' title='bbox 1159 3222 1207 3304; x_wconf 77' lang='grc' dir='ltr'><strong>τῷ</strong></span> <span class='ocrx_word' id='word_1_244' title='bbox 1228 3213 1332 3307; x_wconf 78' lang='grc' dir='ltr'><strong><em>πώλῳ</em></strong></span> 
     </span>
     <span class='ocr_line' id='line_1_29' title="bbox 55 3313 1332 3408; baseline -0.002 -20"><span class='ocrx_word' id='word_1_245' title='bbox 55 3320 118 3388; x_wconf 77' lang='grc' dir='ltr'><strong>ἐπὶ</strong></span> <span class='ocrx_word' id='word_1_246' title='bbox 137 3326 197 3407; x_wconf 83' lang='grc' dir='ltr'><strong><em>τῆς</em></strong></span> <span class='ocrx_word' id='word_1_247' title='bbox 218 3324 287 3408; x_wconf 79' lang='grc' dir='ltr'><strong><em>γῆς,</em></strong></span> <span class='ocrx_word' id='word_1_248' title='bbox 310 3317 533 3405; x_wconf 81' lang='grc' dir='ltr'><strong><em>έπσχοέμενος</em></strong></span> <span class='ocrx_word' id='word_1_249' title='bbox 554 3319 681 3407; x_wconf 83' lang='grc' dir='ltr'><strong><em>Χριστὲ</em></strong></span> <span class='ocrx_word' id='word_1_250' title='bbox 702 3315 721 3386; x_wconf 85' lang='grc' dir='ltr'>ὁ</span> <span class='ocrx_word' id='word_1_251' title='bbox 738 3316 835 3400; x_wconf 80' lang='grc' dir='ltr'><strong><em>Θεὸς,</em></strong></span> <span class='ocrx_word' id='word_1_252' title='bbox 856 3324 921 3385; x_wconf 86' lang='grc' dir='ltr'><strong>τῶν</strong></span> <span class='ocrx_word' id='word_1_253' title='bbox 934 3313 1096 3405; x_wconf 82' lang='grc' dir='ltr'><strong><em>Ἀγγέλων</em></strong></span> <span class='ocrx_word' id='word_1_254' title='bbox 1115 3318 1175 3407; x_wconf 78' lang='grc' dir='ltr'><strong>τὴν</strong></span> <span class='ocrx_word' id='word_1_255' title='bbox 1196 3315 1332 3400; x_wconf 76' lang='grc' dir='ltr'><strong><em>αἴνεσιν,</em></strong></span> 
     </span>
     <span class='ocr_line' id='line_1_30' title="bbox 54 3413 1334 3513; baseline -0.002 -24"><span class='ocrx_word' id='word_1_256' title='bbox 54 3419 360 3489; x_wconf 71' lang='lat' dir='ltr'><strong>salemanniam</strong></span> <span class='ocrx_word' id='word_1_257' title='bbox 381 3418 560 3513; x_wconf 78' lang='grc' dir='ltr'><strong><em>ἀνάμνησιν</em></strong></span> <span class='ocrx_word' id='word_1_258' title='bbox 580 3420 769 3506; x_wconf 83' lang='grc' dir='ltr'><strong><em>προςεδέξω</em></strong></span> <span class='ocrx_word' id='word_1_259' title='bbox 790 3416 944 3505; x_wconf 83' lang='grc' dir='ltr'><strong><em>βοώντων</em></strong></span> <span class='ocrx_word' id='word_1_260' title='bbox 966 3442 1036 3487; x_wconf 87' lang='grc' dir='ltr'><strong><em>σοι·</em></strong></span> <span class='ocrx_word' id='word_1_261' title='bbox 1066 3415 1281 3509; x_wconf 78' lang='grc' dir='ltr'><strong><em>εὐλογημένος</em></strong></span> <span class='ocrx_word' id='word_1_262' title='bbox 1302 3413 1334 3487; x_wconf 83' lang='grc' dir='ltr'><strong>εί</strong></span> 
     </span>
    </p>
   </div>
   <div class='ocr_carea' id='block_1_9' title="bbox 54 3516 1465 3610">
    <p class='ocr_par' dir='ltr' id='par_1_13' title="bbox 54 3516 1465 3610">
     <span class='ocr_line' id='line_1_31' title="bbox 54 3516 1465 3610; baseline -0.004 -20"><span class='ocrx_word' id='word_1_263' title='bbox 54 3519 283 3610; x_wconf 85' lang='grc' dir='ltr'><strong><em>άέρχάμενος,</em></strong></span> <span class='ocrx_word' id='word_1_264' title='bbox 304 3516 488 3607; x_wconf 80' lang='grc' dir='ltr'><strong><em>τόνἈδάμ</em></strong></span> <span class='ocrx_word' id='word_1_265' title='bbox 511 3519 795 3590; x_wconf 79' lang='grc' dir='ltr'><strong><em>ἀνακαλέσασθαι.</em></strong></span> <span class='ocrx_word' id='word_1_266' title='bbox 828 3525 867 3587; x_wconf 85' lang='lat' dir='ltr'><strong>Et</strong></span> <span class='ocrx_word' id='word_1_267' title='bbox 888 3543 1011 3603; x_wconf 84' lang='lat' dir='ltr'><strong>magnae</strong></span> <span class='ocrx_word' id='word_1_268' title='bbox 1044 3543 1172 3605; x_wconf 84' lang='lat' dir='ltr'><strong>pompae</strong></span> <span class='ocrx_word' id='word_1_269' title='bbox 1205 3542 1332 3604; x_wconf 85' lang='lat' dir='ltr'><strong>appara·</strong></span> <span class='ocrx_word' id='word_1_270' title='bbox 1462 3573 1465 3577; x_wconf 90' lang='lat'><strong>.</strong></span> 
     </span>
    </p>
   </div>
   <div class='ocr_carea' id='block_1_10' title="bbox 54 3624 1332 3810">
    <p class='ocr_par' dir='ltr' id='par_1_14' title="bbox 54 3624 1332 3810">
     <span class='ocr_line' id='line_1_32' title="bbox 55 3624 1332 3708; baseline -0.003 -18"><span class='ocrx_word' id='word_1_271' title='bbox 55 3639 89 3690; x_wconf 91' lang='lat' dir='ltr'><strong>tu</strong></span> <span class='ocrx_word' id='word_1_272' title='bbox 123 3629 216 3690; x_wconf 88' lang='lat' dir='ltr'><strong>ramis</strong></span> <span class='ocrx_word' id='word_1_273' title='bbox 250 3629 393 3690; x_wconf 87' lang='lat' dir='ltr'><strong>olivarum</strong></span> <span class='ocrx_word' id='word_1_274' title='bbox 426 3628 593 3708; x_wconf 88' lang='lat' dir='ltr'><strong>palmisque</strong></span> <span class='ocrx_word' id='word_1_275' title='bbox 628 3628 658 3688; x_wconf 89' lang='lat' dir='ltr'><strong>in</strong></span> <span class='ocrx_word' id='word_1_276' title='bbox 687 3645 791 3689; x_wconf 86' lang='lat' dir='ltr'><strong>eruces</strong></span> <span class='ocrx_word' id='word_1_277' title='bbox 821 3636 850 3688; x_wconf 91' lang='lat' dir='ltr'><strong>et</strong></span> <span class='ocrx_word' id='word_1_278' title='bbox 879 3626 954 3688; x_wconf 92' lang='lat' dir='ltr'><strong>alias</strong></span> <span class='ocrx_word' id='word_1_279' title='bbox 983 3628 1095 3689; x_wconf 77' lang='lat' dir='ltr'><strong>formas</strong></span> <span class='ocrx_word' id='word_1_280' title='bbox 1119 3625 1266 3697; x_wconf 81' lang='lat' dir='ltr'><strong>conflatis,</strong></span> <span class='ocrx_word' id='word_1_281' title='bbox 1301 3624 1332 3686; x_wconf 89' lang='lat' dir='ltr'><strong>in</strong></span> 
     </span>
     <span class='ocr_line' id='line_1_33' title="bbox 54 3726 745 3810; baseline -0.001 -18"><span class='ocrx_word' id='word_1_282' title='bbox 54 3730 150 3792; x_wconf 85' lang='lat' dir='ltr'><strong>remis</strong></span> <span class='ocrx_word' id='word_1_283' title='bbox 174 3729 318 3810; x_wconf 88' lang='lat' dir='ltr'><strong>appensis</strong></span> <span class='ocrx_word' id='word_1_284' title='bbox 340 3728 479 3790; x_wconf 88' lang='lat' dir='ltr'><strong>sollemni</strong></span> <span class='ocrx_word' id='word_1_285' title='bbox 502 3729 560 3791; x_wconf 88' lang='lat' dir='ltr'><strong>ritu</strong></span> <span class='ocrx_word' id='word_1_286' title='bbox 583 3726 745 3791; x_wconf 86' lang='lat' dir='ltr'><strong>celebrant.</strong></span> 
     </span>
    </p>
   </div>
   <div class='ocr_carea' id='block_1_11' title="bbox 54 3888 1334 4181">
    <p class='ocr_par' dir='ltr' id='par_1_15' title="bbox 54 3888 1334 4181">
     <span class='ocr_line' id='line_1_34' title="bbox 426 3888 964 3982; baseline -0.006 -21"><span class='ocrx_word' id='word_1_287' title='bbox 426 3889 473 3960; x_wconf 86' lang='grc' dir='ltr'><strong><em>Ἦ</em></strong></span> <span class='ocrx_word' id='word_1_288' title='bbox 491 3890 569 3980; x_wconf 88' lang='grc' dir='ltr'><strong><em>άγία</em></strong></span> <span class='ocrx_word' id='word_1_289' title='bbox 590 3892 647 3960; x_wconf 86' lang='grc' dir='ltr'><strong>καί</strong></span> <span class='ocrx_word' id='word_1_290' title='bbox 667 3888 792 3982; x_wconf 88' lang='grc' dir='ltr'><strong><em>μεγάλη</em></strong></span> <span class='ocrx_word' id='word_1_291' title='bbox 815 3889 964 3978; x_wconf 80' lang='grc' dir='ltr'><strong><em>δευτέρα.</em></strong></span> 
     </span>
     <span class='ocr_line' id='line_1_35' title="bbox 143 3998 1334 4080; baseline -0.004 -19"><span class='ocrx_word' id='word_1_292' title='bbox 143 4000 290 4063; x_wconf 78' lang='lat' dir='ltr'><strong>Meritoria</strong></span> <span class='ocrx_word' id='word_1_293' title='bbox 313 4000 426 4063; x_wconf 84' lang='lat' dir='ltr'><strong>colitur</strong></span> <span class='ocrx_word' id='word_1_294' title='bbox 449 3999 558 4080; x_wconf 78' lang='lat' dir='ltr'><strong>losepb</strong></span> <span class='ocrx_word' id='word_1_295' title='bbox 580 4009 608 4061; x_wconf 88' lang='lat' dir='ltr'><strong>et</strong></span> <span class='ocrx_word' id='word_1_296' title='bbox 629 4000 705 4080; x_wconf 75' lang='lat' dir='ltr'><strong>fieus</strong></span> <span class='ocrx_word' id='word_1_297' title='bbox 728 4002 903 4070; x_wconf 72' lang='lat' dir='ltr'><strong>exsiccatus,</strong></span> <span class='ocrx_word' id='word_1_298' title='bbox 934 4000 1075 4080; x_wconf 77' lang='lat' dir='ltr'><strong>qnoniam</strong></span> <span class='ocrx_word' id='word_1_299' title='bbox 1097 4015 1135 4059; x_wconf 76' lang='lat' dir='ltr'><strong>ea</strong></span> <span class='ocrx_word' id='word_1_300' title='bbox 1157 4014 1191 4058; x_wconf 87' lang='lat' dir='ltr'><strong>ea</strong></span> <span class='ocrx_word' id='word_1_301' title='bbox 1214 3998 1334 4058; x_wconf 86' lang='lat' dir='ltr'><strong>initium</strong></span> 
     </span>
     <span class='ocr_line' id='line_1_36' title="bbox 54 4099 1187 4181; baseline -0.006 -17"><span class='ocrx_word' id='word_1_302' title='bbox 54 4107 150 4166; x_wconf 88' lang='lat' dir='ltr'><strong>sumit</strong></span> <span class='ocrx_word' id='word_1_303' title='bbox 173 4102 280 4164; x_wconf 86' lang='lat' dir='ltr'><strong>Passio</strong></span> <span class='ocrx_word' id='word_1_304' title='bbox 305 4101 428 4164; x_wconf 86' lang='lat' dir='ltr'><strong>Cbrists&#39;.</strong></span> <span class='ocrx_word' id='word_1_305' title='bbox 473 4100 580 4181; x_wconf 85' lang='lat' dir='ltr'><strong>losepb</strong></span> <span class='ocrx_word' id='word_1_306' title='bbox 603 4120 674 4163; x_wconf 85' lang='lat' dir='ltr'><strong>vero</strong></span> <span class='ocrx_word' id='word_1_307' title='bbox 697 4105 730 4162; x_wconf 88' lang='lat' dir='ltr'><strong>in</strong></span> <span class='ocrx_word' id='word_1_308' title='bbox 751 4100 834 4162; x_wconf 90' lang='lat' dir='ltr'><strong>illius</strong></span> <span class='ocrx_word' id='word_1_309' title='bbox 856 4099 989 4180; x_wconf 79' lang='lat' dir='ltr'><strong>fipuram</strong></span> <span class='ocrx_word' id='word_1_310' title='bbox 1009 4102 1187 4161; x_wconf 89' lang='lat' dir='ltr'><strong>assumitur.</strong></span> 
     </span>
    </p>
   </div>
   <div class='ocr_carea' id='block_1_12' title="bbox 50 4261 1333 4554">
    <p class='ocr_par' dir='ltr' id='par_1_16' title="bbox 50 4261 1333 4554">
     <span class='ocr_line' id='line_1_37' title="bbox 455 4261 944 4355; baseline -0.002 -23"><span class='ocrx_word' id='word_1_311' title='bbox 455 4263 500 4332; x_wconf 84' lang='lat' dir='ltr'><strong>‘H</strong></span> <span class='ocrx_word' id='word_1_312' title='bbox 519 4261 596 4352; x_wconf 88' lang='grc' dir='ltr'><strong><em>άγία</em></strong></span> <span class='ocrx_word' id='word_1_313' title='bbox 617 4263 674 4333; x_wconf 83' lang='grc' dir='ltr'><strong>καὶ</strong></span> <span class='ocrx_word' id='word_1_314' title='bbox 694 4263 819 4355; x_wconf 87' lang='grc' dir='ltr'><strong><em>μεγάλη</em></strong></span> <span class='ocrx_word' id='word_1_315' title='bbox 841 4261 944 4354; x_wconf 88' lang='grc' dir='ltr'><strong><em>τρίτη.</em></strong></span> 
     </span>
     <span class='ocr_line' id='line_1_38' title="bbox 144 4367 1333 4454; baseline -0.005 -20"><span class='ocrx_word' id='word_1_316' title='bbox 144 4371 333 4454; x_wconf 77' lang='lat' dir='ltr'><strong>Psapanitur</strong></span> <span class='ocrx_word' id='word_1_317' title='bbox 356 4371 508 4452; x_wconf 89' lang='lat' dir='ltr'><strong>parabola</strong></span> <span class='ocrx_word' id='word_1_318' title='bbox 524 4373 621 4433; x_wconf 81' lang='lat' dir='ltr'><strong>leuem</strong></span> <span class='ocrx_word' id='word_1_319' title='bbox 636 4376 805 4450; x_wconf 81' lang='lat' dir='ltr'><strong>virpinum:</strong></span> <span class='ocrx_word' id='word_1_320' title='bbox 829 4371 908 4452; x_wconf 79' lang='lat' dir='ltr'><strong>quad</strong></span> <span class='ocrx_word' id='word_1_321' title='bbox 921 4370 1033 4432; x_wconf 86' lang='lat' dir='ltr'><strong>similes</strong></span> <span class='ocrx_word' id='word_1_322' title='bbox 1046 4367 1212 4449; x_wconf 85' lang='lat' dir='ltr'><strong>parabolas</strong></span> <span class='ocrx_word' id='word_1_323' title='bbox 1228 4384 1333 4430; x_wconf 83' lang='lat' dir='ltr'><strong>aseen-</strong></span> 
     </span>
     <span class='ocr_line' id='line_1_39' title="bbox 50 4473 951 4554; baseline -0.004 -18"><span class='ocrx_word' id='word_1_324' title='bbox 50 4475 129 4537; x_wconf 81' lang='lat' dir='ltr'><strong>dens</strong></span> <span class='ocrx_word' id='word_1_325' title='bbox 151 4473 393 4554; x_wconf 79' lang='lat' dir='ltr'><strong>Hierosolymam</strong></span> <span class='ocrx_word' id='word_1_326' title='bbox 414 4474 560 4536; x_wconf 84' lang='lat' dir='ltr'><strong>Dominus</strong></span> <span class='ocrx_word' id='word_1_327' title='bbox 585 4473 740 4554; x_wconf 81' lang='lat' dir='ltr'><strong>discipulis</strong></span> <span class='ocrx_word' id='word_1_328' title='bbox 764 4473 951 4536; x_wconf 83' lang='lat' dir='ltr'><strong>enuntiabat.</strong></span> 
     </span>
    </p>
   </div>
   <div class='ocr_carea' id='block_1_13' title="bbox 0 0 1531 4912">
    <p class='ocr_par' dir='ltr' id='par_1_17' title="bbox 0 0 1531 4912">
     <span class='ocr_line' id='line_1_40' title="bbox 0 0 1531 4912; baseline 0 0"><span class='ocrx_word' id='word_1_329' title='bbox 0 0 1531 4912; x_wconf 95' lang='lat' dir='ltr'><strong> </strong></span> 
     </span>
    </p>
   </div>
  </div>
 </body>
</html>
