3044 4912
663 261 737 338 283

52 464 186 510 sensum
215 445 379 527 accipiunt,
407 446 559 510 nemiuem
580 447 706 529 perduci
727 449 764 513 ad
786 448 986 511 mendacium.
1029 451 1068 512 lt
1088 468 1170 525 vero,
1198 468 1258 530 quo
1279 451 1336 513 mi·

58 568 119 611 nuo
141 547 230 629 plura
251 547 453 611 concedamus
475 559 609 631 vetamur
630 549 697 631 ipae
719 549 918 629 liturgiarum,
944 569 1021 630 quae
1042 551 1134 613 hodic
1154 550 1211 615 eub
1232 551 1337 615 Bnailii

59 661 92 714 et
118 649 328 731 chrysostomi
359 648 535 713 auctoritate
567 652 712 725 luuntur,
745 661 850 714 nature
873 660 904 714 et
935 650 1046 713 indole.
1089 652 1212 715 llissem
1233 653 1335 717 lacohi

60 751 256 834 prolixiorem
290 751 480 814 brevioribus
512 751 624 815 linibus
657 751 844 816 conclusisse
869 749 1016 815 Basilium
1047 760 1173 816 testatur
1199 754 1335 830 Procius,

62 853 115 916 aed
137 852 274 932 liturgia
294 853 401 916 Basilii
421 854 568 916 hodierne
590 853 678 917 lecile
700 852 846 934 prolixior
867 861 916 915 est
935 869 972 914 uc
987 853 1174 917 cumulatior.
1183 855 1205 931 ¹)
1242 856 1334 937 Chry·-

62 963 216 1018 sostomus
244 954 343 1017 denuo
370 954 531 1034 liturgiam,
554 955 742 1019 obtruncatis
770 973 848 1036 quaa
870 953 929 1017 sibi
951 953 1136 1029 ridebantur,
1165 956 1335 1021 breviorem

62 1057 97 1118 ad
121 1056 359 1119 commodiorem
380 1056 484 1136 populi
504 1074 592 1118 usum
614 1055 731 1119 effecit:
754 1056 807 1119 sed
829 1056 910 1136 quod
932 1074 1135 1145 nuncnomeu
1151 1056 1216 1120 eius
1232 1067 1334 1121 ostan-

61 1166 104 1219 tat
132 1157 266 1220 olliciurn
295 1174 357 1219 non
379 1157 540 1220 admodum
561 1156 682 1220 brevius
703 1165 751 1220 est
771 1155 962 1235 Basilieu0.')
1005 1157 1096 1221 Recte
1119 1157 1209 1237 igitur
1229 1161 1335 1223 statuit

62 1258 190 1334 Goarm,
211 1259 342 1321 Graecos
363 1267 503 1339 posteros
526 1276 602 1321 nora
624 1259 771 1339 quaedam
797 1258 924 1321 diceudo
953 1258 1127 1323 iaciendare
1153 1278 1170 1321 a
1199 1259 1333 1325 Diacouo

62 1360 106 1422 rel
128 1359 294 1423 Sacerdote
316 1358 366 1422 hie
387 1368 419 1422 et
439 1358 502 1421 illic
522 1378 578 1440 pro
599 1378 655 1423 suo
679 1368 751 1422 nutu
774 1359 1000 1441 respersisse.⁸l
1038 1360 1078 1424 ht
1097 1379 1173 1424 saue
1194 1362 1222 1423 si
1236 1381 1332 1425 emer·

61 1479 131 1541 gere
153 1461 263 1523 laeiam
285 1479 303 1523 a
325 1459 544 1523 recentioribus
565 1461 778 1525 additamentis
798 1459 951 1540 liturgiae
973 1460 1083 1541 capita,
1111 1481 1179 1527 rere
1202 1482 1219 1526 u
1241 1464 1333 1545 Chry·

60 1573 197 1625 soatomo
219 1563 364 1643 prolecta,
386 1580 526 1641 magnum
549 1573 595 1626 est
618 1561 698 1643 quod
719 1578 815 1625 conor
836 1558 1067 1647 etdllllcile'gst
1081 1565 1161 1644 quod
1176 1564 1333 1644 polliceor.

60 1664 96 1725 tlt
116 1665 217 1745 primo
240 1682 304 1727 rem
331 1665 594 1727 commemorando
622 1681 744 1736 renovo,
770 1662 932 1726 tutissimis
960 1663 1103 1727 munitam
1132 1667 1333 1746 argumentis:

60 1766 179 1847 priscos
193 1765 395 1844 liturgiarum
417 1775 556 1829 auctores
577 1784 683 1828 omues
704 1783 775 1826 suas
797 1783 885 1827 cures
906 1765 1047 1828 delinisse
1069 1766 1101 1828 in
1122 1777 1208 1848 parte
1222 1769 1333 1833 Missae

60 1867 254 1949 anaphorica.
297 1866 371 1928 Nam
400 1885 475 1947 quae
502 1866 724 1949 praecedebant
751 1883 818 1927 cum
848 1884 909 1929 non
936 1874 1017 1930 muta
1039 1868 1215 1931 auctoritate
1237 1870 1333 1950 polle

59 1979 134 2042 rent,
167 1968 372 2049 perlongum
398 1979 519 2050 tempus
546 1968 663 2031 diversa
690 1967 912 2049 provinciarum
935 1975 966 2029 et
987 1968 1181 2032 ecelesiarum
1204 1989 1332 2034 consue·

60 2070 129 2131 tudo
157 2061 352 2152 αὐτονόμοις
372 2070 431 2133 sihi
454 2069 590 2133 condidit
610 2079 640 2132 et
662 2068 839 2132 edormevit.
881 2068 985 2158 ltaque
1007 2087 1074 2132 rara
1096 2078 1144 2132 eat
1164 2069 1195 2132 in
1219 2071 1331 2135 chartiu

61 2172 185 2233 vetustis
206 2172 299 2234 lllssa
322 2172 608 2235 Catechumeuurum
635 2179 667 2235 et
692 2171 941 2252 proanaphonou‘
970 2186 1037 2231 curn
1065 2170 1187 2251 plurimi
1210 2172 1331 2237 cedices

62 2272 217 2335 ordiantur
243 2271 281 2334 ab
309 2273 413 2336 osculo
436 2274 519 2354 pacis
541 2272 587 2335 rel
610 2272 747 2335 oratione
770 2270 917 2335 offertorii
939 2290 970 2351 p.
986 2272 1026 2335 35
1041 2289 1090 2351 sq.
1133 2271 1215 2333 llaec
1235 2273 1263 2336 si
1285 2273 1330 2336 di-

61 2370 185 2453 ligenter
206 2374 414 2456 perpenderis,
436 2375 526 2439 adeas
549 2373 690 2438 Codicem
708 2373 859 2453 liturgiae
873 2371 1088 2447 Barheriuium‚
1110 2372 1209 2435 Goaro
1231 2372 1332 2438 iudica

143 2578 169 2639 1)
187 2577 342 2629 huraltus
360 2579 384 2630 in
402 2579 499 2630 Lesidio
517 2593 538 2628 a.
555 2593 577 2629 r.
595 2577 712 2645 Basilius:
730 2577 880 2640 ‚dedeclalls
897 2577 931 2627 ist
947 2576 985 2628 die
1002 2578 1044 2628 aul
1060 2592 1106 2628 una
1123 2577 1330 2640 gelommeuehi-
1434 2638 1437 2645 Ι

63 2663 137 2726 turgis
154 2663 200 2712 des
217 2662 320 2713 basilius
336 2664 422 2713 lhrzer
439 2663 475 2712 als
491 2664 548 2726 jene
566 2663 609 2714 des
625 2664 729 2713 lacobus
748 2663 783 2725 (S.
801 2661 835 2712 43
852 2662 890 2712 bis
908 2660 941 2712 69
959 2661 982 2711 in
1002 2661 1045 2713 der
1056 2661 1269 2726 Parlserdusgaha
1286 2663 1330 2715 dee

64 2743 96 2796 ct.
112 2747 143 2796 de
162 2746 258 2797 Saintes
277 2745 380 2807 ¹650).“
415 2746 462 2796 Sed
481 2756 545 2797 errat
563 2747 671 2797 mirilico.
706 2747 759 2797 Nou
778 2746 943 2798 animadvertit
961 2747 1034 2808 euim,
1061 2761 1089 2796 ea
1107 2761 1156 2797 nou
1175 2747 1270 2812 lougius
1287 2763 1329 2799 ex·

61 2843 141 2893 pressa
161 2846 216 2880 esse
234 2845 295 2895 quse
314 2831 400 2881 iisdem
417 2831 496 2881 uerbis
513 2832 623 2894 legantur
640 2832 703 2896 apud
717 2832 924 2895 chrysostomum.

141 2913 169 2976 2)
187 2915 261 2977 llagis
278 2915 368 2966 ineerta
386 2923 451 2976 suut,
470 2930 531 2980 quae
549 2916 656 2980 disputat
673 2916 774 2966 Sehrc
785 2916 918 2966 eclrhius
937 2915 964 2965 ll.
978 2914 1004 2964 Ε.
1024 2914 1051 2975 Χ,
1062 2913 1174 2982 libam:
1193 2916 1272 2976 „llass
1289 2916 1329 2968 dle

61 2997 110 3050 dem
128 3001 156 3050 C.
174 2998 308 3062 heigclegte
325 3000 440 3063 bitume,
464 3001 508 3050 rtis
531 3001 567 3050 sie
588 3002 676 3051 ruletrt
692 3015 734 3051 ror
751 3015 798 3050 uus
815 3000 882 3062 llcgt‚
905 3000 971 3049 nicht
987 2999 1054 3049 eeine
1071 2999 1154 3048 Arbeit
1169 3001 1223 3050 sein
1240 3000 1329 3063 lihons,

61 3082 117 3135 lehrt
140 3085 220 3135 sehon
237 3084 282 3133 der
301 3085 424 3146 Umataud,
447 3085 506 3135 dass
523 3086 715 3146 verschiedenaa.
739 3099 789 3135 uas
806 3086 829 3135 iu
849 3085 933 3134 seleon
951 3083 1072 3133 Schrllteu
1089 3083 1149 3134 uber
1166 3083 1205 3134 dio
1222 3085 1329 3148 Litargls

59 3170 199 3231 torhommt,
223 3169 340 3219 darinuen
357 3169 440 3220 iehlet.
457 3167 487 3231 (ll
521 3171 597 3220 Wenn
615 3185 670 3220 msn
688 3171 746 3219 aher
764 3169 872 3218 rolleuds
889 3168 928 3218 die
946 3167 1098 3230 nngeheuere
1117 3167 1199 3231 lleugo
1217 3183 1261 3219 ron
1280 3169 1326 3221 Cd-

58 3253 182 3315 rimonien‚
201 3253 317 3315 (ichemu,
335 3255 470 3315 Gushngeu,
488 3254 643 3316 Wenduugeu
662 3253 709 3302 uud
729 3253 914 3315 llerrlchtnngeu
932 3252 975 3301 des
995 3252 1113 3303 Pricstera
1132 3253 1179 3302 und
1198 3251 1328 3317 Diaconua,

58 3335 271 3402 hemethernngen
295 3339 338 3388 mit
355 3336 482 3388 lhnllchen
502 3338 656 3390 Gehrhuchen
675 3337 735 3387 oder
752 3337 853 3398 Numen,
875 3337 915 3386 die
932 3352 974 3400 gar
991 3337 1015 3388 in
1033 3337 1113 3387 dieses
1131 3335 1245 3405 Zeitulter
1262 3336 1328 3388 nieht

57 3422 169 3485 ptores,
187 3421 322 3473 hetrachtet
339 3447 371 3458 -
388 3447 423 3458 -
440 3438 469 3472 so
487 3423 551 3473 lrann
570 3438 625 3473 man
642 3423 674 3471 im
693 3421 836 3484 Geringsten
853 3421 919 3472 nicht
936 3423 1054 3482 anellum,
1071 3422 1129 3471 dass
1146 3421 1213 3471 diese
1223 3422 1328 3485 liturgic

56 3507 90 3556 eiu
106 3506 242 3557 llichuerh
259 3503 288 3567 (l)
306 3508 351 3569 sai,
375 3507 466 3558 welche
490 3522 534 3557 ans
552 3507 655 3558 Sthclen
678 3506 767 3557 alteror
785 3506 832 3556 und
848 3509 963 3570 jhngerer
978 3506 1157 3557 lahrhunderte
1174 3519 1327 3555 zusammen·

55 3599 143 3652 ructet
166 3590 226 3642 iat.“
259 3593 394 3655 Augusti
412 3592 510 3643 benhur.
527 3592 564 3642 ll.
582 3607 606 3656 p.
616 3589 680 3642 325:
704 3591 771 3651 „llas
789 3590 936 3657 lerhhltulsa
960 3591 1003 3642 der
1019 3591 1126 3652 Liturgis
1150 3589 1195 3639 des
1212 3589 1270 3640 chr.
1286 3604 1329 3641 zur

52 3673 158 3736 liturgic
175 3675 220 3724 des
237 3674 292 3725 llas.
311 3677 383 3727 deultt
401 3691 456 3729 man
473 3677 525 3728 sich
543 3691 582 3726 am
600 3676 748 3738 richtigstau‚
766 3677 810 3725 wie
828 3676 867 3726 die
876 3675 1019 3739 berichem,
1037 3677 1061 3726 in
1079 3672 1184 3725 welcher
1200 3673 1239 3723 die
1256 3672 1327 3725 litur-

53 3759 152 3821 gischen
168 3759 281 3810 hrheiten
298 3761 342 3810 der
360 3761 448 3825 l’apste
466 3761 515 3810 Leo
533 3761 581 3810 und
600 3759 710 3810 Gelasius
728 3775 781 3810 rum
800 3761 1015 3824 Gregorianlschsn
1033 3760 1216 3810 Sacramentum
1233 3759 1327 3808 stchen.

52 3842 101 3894 Wic
119 3845 214 3907 Gregor
238 3844 276 3894 dic
298 3860 343 3895 ron
362 3845 480 3896 Gelasios'
496 3845 668 3907 gesammelten
685 3845 827 3896 Formulare
845 3845 957 3896 ahlhrrte
974 3844 1022 3895 und
1041 3844 1065 3895 ln
1084 3843 1139 3894 elne
1155 3841 1244 3892 andere
1263 3840 1327 3893 ord·

51 3942 114 3991 anng
132 3928 243 3990 brachte‚
267 3944 295 3979 so
312 3930 411 3980 rerlnhr
429 3930 490 3980 auch
508 3930 564 3981 Chr.
582 3931 606 3980 in
624 3929 722 3980 lbaicht
740 3930 783 3980 anl
798 3930 837 3980 dis
854 3946 899 3981 ron
917 3928 970 3979 llas.
990 3926 1158 3979 aeraustaltete
1175 3927 1326 3990 Sammlung,

50 4014 142 4064 rrelchs
158 4029 185 4064 er
202 4015 318 4065 runichst
334 4016 374 4065 ihr
390 4014 431 4065 alia
448 4014 765 4079 Constantinopolitauieehe
783 4014 869 4065 llirchs
885 4015 1031 4066 bestimmtc.
1065 4013 1128 4063 lber
1144 4013 1205 4063 anch
1224 4013 1262 4062 dis
1280 4026 1327 4062 rora

50 4098 99 4148 ihm
116 4098 271 4149 rerhesserte
288 4101 397 4164 lusgabe
415 4100 477 4150 lanu
495 4101 519 4150 iu
537 4099 602 4149 ihrer
617 4100 720 4163 jctzigeu
738 4100 862 4163 lntegrlut
878 4100 943 4150 nieht
961 4098 1005 4150 das
1022 4097 1093 4147 Werh
1110 4097 1191 4147 dieser
1208 4097 1328 4147 llirchan·

49 4189 114 4233 riter
132 4198 178 4234 aus
197 4182 253 4233 dem
270 4185 363 4235 lhultea
380 4185 556 4237 lahrhuuderte
573 4185 654 4235 sein.“

136 4266 163 4327 d)
192 4267 334 4330 llelrsgatur
357 4270 414 4320 huic
432 4270 564 4321 sententiae
583 4269 715 4320 llurauiell’
729 4269 764 4319 rel
783 4270 899 4320 liuraltns
917 4267 1065 4318 enthusiasta
1083 4265 1130 4316 l.c.
1149 4263 1213 4330 pb:
1240 4262 1325 4326 „llsch

48 4352 142 4403 diesem
160 4368 262 4416 grosseu
282 4354 428 4404 lllerarchen
446 4362 520 4416 wagtc
539 4369 565 4403 es
583 4354 652 4404 hcine
670 4355 738 4404 lland
757 4354 835 4415 mehr,
853 4354 901 4404 und
920 4354 978 4404 wird
996 4367 1022 4402 es
1041 4352 1109 4402 hcine
1128 4363 1218 4412 wagen,
1236 4349 1326 4400 dichi-

47 4439 127 4501 tergis
152 4446 302 4498 ansulaetan,
325 4438 356 4487 da
379 4440 405 4488 iu
428 4440 466 4488 ihr
483 4439 527 4489 der
545 4440 709 4492 Gottesdicuet
726 4439 764 4490 dle
782 4440 882 4491 hochste
901 4438 955 4489 dem
973 4437 1102 4488 llensehen
1121 4434 1240 4497 mogllche
1257 4434 1326 4485 Stolo

46 4523 92 4573 der
107 4521 328 4574 lolllommenheit
344 4524 450 4576 erreleht
466 4523 535 4576 hat.“
