3044 4912
663 236 734 311 371

95 446 121 494 υ
163 414 346 514 δώρησαι,
379 424 460 515 ταῖς
493 417 697 515 ἐκκλησίαις
722 443 805 508 σου,
839 424 916 503 τοῖς
940 420 1090 520 ἱερεῦσι,
1122 426 1200 507 τοῖς
1223 424 1337 522 βασι-

95 528 189 596 ῦσιν
224 519 345 616 ἡμῶν,
380 523 436 617 τῷ
471 527 638 618 στρατῷ,
675 520 739 594 καὶ
774 520 887 597 παντὶ
921 529 977 620 τῷ
1012 531 1092 623 λαῷ
1129 552 1208 599 σου.
1250 524 1335 603 Ὅτι

95 628 162 696 ἱσα
198 619 302 705 δόσις
335 620 477 723 ἀγαθή,
513 622 575 696 καὶ
608 623 687 696 ποῖν
720 618 877 720 δώρημα
903 624 1041 700 τέλειον
1065 627 1220 701 ἄνωθέν
1243 629 1334 716 ἐστι,

96 725 296 820 ταβαῖνυν
327 727 367 797 ἐκ
401 727 471 798 σοῦ
502 729 571 798 τοῦ
603 723 742 823 πατρὸς
772 729 851 801 τών
884 721 1024 824 φώτων
1032 720 1045 769 ·’
1078 726 1140 801 καὶ
1174 728 1234 803 σοὸ
1265 728 1335 825 τὴν

97 830 191 914 ξαν,
224 825 288 899 καὶ
320 823 571 923 εὐχαριστίαν,
604 827 668 900 καὶ
699 824 945 925 πρυςκύνησιν
981 829 1248 926 ἀναπίμπομεν
1279 837 1335 929 τῷ

95 927 187 1025 ιτρὶ,
220 925 283 1001 καὶ
316 932 371 1024 τῷ
405 927 489 1024 υἱῷ,
522 927 585 1002 καὶ
617 937 672 1026 τῷ
704 927 800 1030 ἁγίῳ
832 924 1029 1024 πνεύματι,
1061 934 1136 1006 νῦν
1168 930 1230 1006 καὶ
1264 931 1335 1021 ἀεὶ,

95 1029 116 1102 ιὸ
149 1033 202 1111 εἷς
225 1026 312 1112 τούς
338 1033 479 1111 αλώνας
502 1033 582 1103 τών
608 1026 768 1105 αἰώνων.
801 1027 929 1128 Ἀμήν.
971 1044 1043 1113 Καὶ
1064 1042 1196 1137 ὀχυρὸς
1210 1043 1336 1137 ψάλλει

95 1142 147 1224 ig·
190 1134 244 1226 εἴη
278 1130 321 1205 τὸ
355 1131 475 1226 ὄνομα
508 1130 651 1228 Κυρίου
683 1131 929 1233 εὐλυγημένον
962 1131 1035 1207 ἀπὸ
1067 1139 1136 1209 τού
1167 1138 1241 1209 νύν
1271 1133 1335 1208 καὶ

95 1261 125 1407 τις
153 1237 415 1432 το1ὒ9αλιώνηςὲ)
450 1243 521 1313 Καὶ
549 1247 606 1317 τὸν
634 1246 772 1340 ψαλμὸν
794 1255 852 1319 34:
886 1231 1073 1335 εὐλογήσω
1099 1234 1167 1310 τὸν
1191 1231 1334 1336 Κύριον

109 1360 179 1408 em.
245 1393 252 1407 .
296 1360 343 1409 ac.
421 1393 428 1406 .

147 1520 335 1593 XXXVIII·
375 1531 506 1623 Ταύτης
528 1533 565 1602 δὲ
586 1530 809 1623 τελεσθείσης,
832 1530 851 1601 ὸ
872 1534 934 1620 μὲν
955 1531 1061 1624 ὸερεὸς
1075 1532 1261 1625 ἐὸςίρχετοι
1276 1535 1335 1605 διὸ

95 1639 125 1702 ir
148 1631 252 1722 ἁγίων
271 1641 399 1724 θορών·
427 1634 483 1702 καί
511 1630 673 1703 ἀπελθών
694 1633 730 1704 ὸν
747 1640 790 1725 τῇ
810 1636 986 1725 προθέσει,
1015 1634 1105 1725 λέγει
1124 1636 1184 1728 τήν
1204 1644 1334 1729 παροῦ-

95 1762 123 1803 ιν
146 1731 253 1825 εύχήν.

316 1849 402 1942 Εὸχὴ
425 1853 582 1943 λεγομένη
604 1851 639 1922 ὸν
660 1859 707 1942 τῷ
728 1855 898 1921 συστεῖλαι
919 1853 962 1922 τὰ
975 1852 1085 1945 ‘'Aym.

144 1955 195 2031 Τὸ
220 1953 400 2054 πλήρωμα
426 1961 495 2032 τοῦ
519 1952 652 2051 νόμον,
678 1955 742 2031 καὶ
766 1962 845 2032 τών
861 1964 1066 2056 προφητῶν
1084 1957 1196 2043 αὐτὸς
1212 1957 1335 2055 ύποίρ-

95 2085 155 2147 ιιν,
180 2056 320 2154 Χριστὲ
341 2057 360 2132 ὁ
384 2057 471 2143 Θεὸς
493 2057 614 2154 ἡμῶν,
641 2058 661 2133 ὸ
687 2056 882 2155 πληρώσας
906 2061 1033 2133 πᾶσαν
1058 2059 1126 2155 τὴν
1152 2062 1334 2158 πατρικὴν

95 2160 302 2256 λκυνομίαν,
341 2155 538 2256 πλήρωσον
568 2171 690 2256 χαρᾶς
720 2161 784 2235 καὶ
814 2157 1047 2260 εὐφροσύνης
1078 2160 1145 2245 τὰς
1176 2161 1335 2260 καρδίας

95 2264 172 2336 ιιών
204 2257 374 2389 πόνρυτε,
409 2267 482 2338 νῦν
507 2262 570 2336 καὶ
596 2262 665 2351 ἀεὶ,
699 2262 761 2337 καὶ
787 2268 838 2348 ελς
861 2261 949 2348 τούς
973 2258 1114 2347 αλώνας
1137 2267 1217 2337 τών
1243 2260 1333 2338 αλώ-

95 2390 154 2437 ων.
199 2363 327 2458 Ἀμην.
1231 2390 1233 2395 ’

146 2476 184 2546 ‘0
221 2478 257 2546 δὲ
292 2475 446 2558 διάκονος
472 2475 630 2558 εἰςελθιὸν
655 2478 713 2548 καὶ
740 2476 840 2560 αὐτὸς
868 2480 925 2549 διὸ
952 2485 1012 2547 τοῦ
1038 2476 1174 2569 βορείου
1200 2480 1332 2565 μέρους,
1438 2547 1442 2555 ,

95 2579 236 2648 ιστίλλει
256 2579 299 2647 τὰ
317 2577 396 2667 ἅγια
416 2580 501 2665 μετὰ
522 2577 631 2669 φόβου
652 2580 709 2649 καί
730 2578 842 2671 πάσης
863 2577 1057 2671 ἀσφαλείας,
1081 2578 1163 2662 ώςτε
1182 2581 1286 2673 μηδέν
1300 2607 1335 2649 τι

95 2687 131 2746 τὸν
158 2674 240 2768 ι’ίγαν
268 2679 480 2749 λεπτοτάτων
507 2681 668 2764 ἐκπεσεῖν,
694 2679 716 2771 ἢ
737 2685 1015 2773 καταλειφθῆναι.
1058 2681 1128 2751 Καὶ
1151 2678 1336 2750 ἀπονίπτε-

95 2808 123 2850 τι
142 2783 202 2863 τὰς
221 2787 334 2868 χεῖρας
356 2783 390 2851 ἐν
410 2789 458 2872 τῷ
479 2781 617 2871 συνήθει
639 2780 745 2874 τόπῳ.

147 2883 185 2952 Ὁ
207 2885 245 2953 δὲ
267 2883 373 2973 ἱερεὺς
393 2884 549 2965 ἐξελθὼν,
573 2883 691 2952 δίδωσι
712 2890 759 2972 τῷ
780 2885 851 2972 λαῷ
872 2884 911 2951 τὸ
932 2881 1123 2974 όντίδωρον,
1145 2884 1263 2972 λέγων·

143 2988 194 3062 Ἡ
214 2987 363 3089 εὐλογία
395 2999 463 3062 τοῦ
493 2993 587 3062 Θεοῦ
611 2988 664 3083 ἐφ’
694 2985 794 3081 ὑμεῖς
817 2996 865 3082 τῇ
891 2988 1010 3063 αὐτού
1032 2984 1157 3083 χοίριτι
1182 2986 1245 3060 καὶ
1271 3015 1334 3083 φι-

95 3090 290 3189 ανθρωπίηι
315 3136 366 3146 —-
392 3087 562 3177 πάντοτε,
596 3092 669 3163 νῦν
701 3087 763 3161 καὶ
797 3087 882 3175 ἀεὶ,
903 3087 965 3162 καὶ
998 3090 1048 3170 εἰς
1079 3087 1166 3171 τοὺς
1193 3092 1335 3170 αλώνας

95 3199 143 3266 οἷν
169 3191 331 3267 αἰώνων.
365 3203 403 3273 ‘0
422 3203 536 3294 χορός·
556 3185 683 3285 Ἀμήν.
726 3200 763 3270 ‘0
786 3200 907 3291 ἱερεύς·
933 3186 1033 3274 Δόξα
1061 3215 1132 3277 σοι,
1156 3187 1333 3287 Χριστὲὸ

95 3293 156 3377 ίεὸς
180 3293 302 3391 ἡμῶν,
327 3292 469 3389 ἡέλπὶς
493 3293 614 3389 ἡμῶν,
641 3287 732 3375 δόξα
750 3315 818 3364 σοι.
846 3303 916 3373 Καὶ
930 3301 949 3374 ὁ
963 3302 1076 3395 χορός·
1103 3287 1205 3376 Δόξα
1222 3288 1334 3389 πατρὶ

95 3474 381 3483 —————--<

152 3567 347 3631 eap.xxxv111.
383 3567 413 3615 Μ.
433 3568 460 3618 G.
484 3574 580 3631 praeter
605 3567 698 3616 laudem
718 3565 882 3629 chrysostomi
908 3580 981 3629 supra
999 3566 1114 3629 scriplum
1132 3563 1203 3614 aliam
1222 3563 1334 3626 antipho-

95 3668 121 3702 ιτα
144 3653 257 3702 exhibent
280 3651 310 3701 de
334 3651 418 3702 eodem
437 3651 540 3701 Sancto:
564 3647 594 3699 ἐκ
616 3649 672 3698 τών
696 3643 823 3713 οὐρανῶν
846 3643 929 3705 ἐδέξω
952 3644 1001 3710 τὴν
1025 3648 1107 3696 θείαν
1121 3639 1206 3711 χάριν
1222 3643 1269 3694 καὶ
1287 3637 1334 3693 διὰ

95 3736 122 3786 ἰν
138 3736 197 3786 σοῖν
210 3733 328 3800 χειλέων
346 3726 447 3790 πάντες
463 3726 635 3789 ίιιδιὸιίσκεις
651 3733 815 3796 προςκυνεῖν
832 3727 864 3781 ἓν
880 3723 971 3800 ιριύδι
988 3726 1038 3782 τὸν
1054 3727 1103 3783 ἕνα
1125 3724 1204 3794 Θεὸν,
1217 3721 1335 3792 ’Ῑωοίννη

97 3812 259 3885 ρυσόστομε,
274 3810 498 3888 παμμακόριστε,
516 3812 590 3868 ὸσιε·
614 3809 735 3874 ὸιιαξίοις
751 3814 935 3883 εὐφημοῦμέν
951 3827 997 3866 σε·
1023 3807 1156 3882 ὸποίργεις
1171 3811 1226 3881 γὰρ
1244 3815 1336 3876 καθη-

95 3896 149 3967 ime
171 3898 208 3960 ὡς
231 3900 263 3953 τὸ
281 3903 472 3985 θείαθσατγῶν.
507 3902 582 3953 Ροτιυ
601 3903 706 3953 officium
725 3904 761 3953 sic
778 3901 940 3953 concludunt:
964 3891 981 3963 ἢ
999 3899 1072 3966 λέγει
1089 3897 1134 3962 τῆς
1149 3889 1286 3967 ἡμέροςῆ
1303 3889 1336 3948 τὸ

95 3978 268 4056 ιαστύσιμυν,
286 3988 312 4038 εί
328 3985 386 4038 ἔστι
402 3981 516 4056 κυριακή
538 3984 586 4035 καὶ
603 3981 652 4049 τήν
669 3978 807 4037 ἀπόλυσιν
823 3979 860 4042 ώς
877 3981 942 4042 ἔθος
957 3981 1102 4052 μυστικαῖς.
1140 3976 1208 4034 Τότε
1226 3981 1336 4052 ἐξέρχε-

95 4090 110 4121 ιι
133 4071 174 4129 είς
196 4066 244 4128 τὸς
265 4066 355 4137 θύρας
377 4072 425 4121 τοῦ
441 4066 523 4138 ἁγίου
538 4061 661 4135 βήματος
678 4066 861 4138 ἐνδεδυμένος
877 4064 906 4120 τὸ
923 4060 1034 4136 ἱμάτιον
1050 4063 1134 4118 αὐτοῦ
1152 4061 1181 4118 τὸ
1198 4061 1336 4135 ἱερατικὸν

95 4156 114 4206 ιλ
130 4159 283 4226 προςιιιινεῖ
297 4155 385 4222 λέγων
402 4149 447 4205 τό·
473 4149 487 4205 ὁ
509 4148 576 4211 Θεὸς
599 4149 729 4218 ἱλάσθητί
749 4168 815 4221 μου.
849 4150 906 4202 Καὶ
924 4149 1099 4221 ἔπιστρίφων
1117 4145 1186 4218 πρὸς
1202 4147 1250 4202 τὸν
1266 4147 1336 4201 λαὸν

95 4241 179 4309 Ιλογεῖ
199 4242 289 4308 λέγων
311 4233 456 4307 ἐκιμώνως·
481 4233 601 4307 φυλάξαι
618 4231 718 4307 Κύριος
742 4232 756 4289 ό
777 4234 845 4295 Θεὸς
867 4229 973 4294 πόντος
995 4231 1069 4304 ὑμεῖς
1091 4235 1122 4306 τῇ
1145 4233 1229 4285 αὐτοῦ
1242 4228 1337 4304 χάριτι

95 4325 114 4375 ιλ
138 4326 338 4395 φιλανθρωπίᾳ
361 4315 486 4388 πάντοτε,
511 4324 562 4374 νῦν
584 4321 632 4374 καλ
654 4319 697 4373 δελ
719 4320 768 4373 καλ
784 4322 822 4379 είς
840 4317 902 4378 τοὸς
918 4320 1021 4379 αίῶνας
1037 4319 1092 4370 τῶν
1108 4316 1227 4370 αἰώνων.
1260 4313 1289 4370 ‘O
1305 4315 1337 4369 δὲ

95 4404 143 4473 ιὸς,
167 4413 306 4467 κλίναντες
328 4404 376 4466 τὸις
398 4404 521 4476 κεφαλὰς
543 4401 646 4465 πάντες
668 4407 779 4474 λέγουσι
802 4399 847 4457 τό·
871 4401 904 4457 δι’
925 4401 1015 4473 εὐχῶν
1038 4405 1093 4455 τών
1109 4399 1198 4471 ἁγίων
1215 4404 1343 4473 πατέρων

95 4494 157 4559 ιεὸν,
174 4486 259 4562 Κύριε
274 4490 363 4558 Ἰησοῦ
380 4490 482 4562 Χριστὲ
501 4485 515 4544 ὸ
538 4487 605 4550 Θεὸς
622 4486 710 4562 ἡμῶν,
728 4490 840 4556 ἐλέησον
857 4486 936 4557 ἡμᾶς.
966 4482 1063 4557 Ἀμήν.
