3044 4912
725 217 812 319 τοτ’

129 436 272 514 σεπτοῖς
303 429 366 505 καὶ
398 425 596 557 ἀχράντοις
623 453 691 504 σου
717 426 932 525 μυστηρίοις
958 429 999 503 ὲν
1022 436 1078 526 τῷ
1104 426 1204 556 ἁγίῳ
1230 450 1301 502 σου
1324 430 1384 502 θυ-

130 530 344 629 σιαστηρίῳ,
377 540 527 629 πρῶτον
561 528 800 620 ἀποστόλους,
834 526 1010 658 δεύτερον
1033 526 1250 658 προφήτας,
1274 528 1384 626 τρίτα

128 633 392 717 διδασκάλους·
434 632 558 721 αὐτὸς,
584 631 746 708 δέσποτα
770 641 848 707 τῶν
874 628 1066 761 ἁπάντων,
1092 631 1156 707 καὶ
1181 659 1320 707 τουτον
1333 630 1386 706 τὸν

128 735 370 834 ψηφισθέντα
401 734 464 809 καὶ
490 734 702 819 ἀξιωθέντα
726 732 1016 817 ὑπειςελθεῖν
978 762 1046 809 τον
1071 731 1386 836 ευαγγελικον
1336 731 1386 823 ζ

127 837 198 964 γὸν
229 836 292 912 καὶ
323 836 392 933 τήν
425 835 685 934 ἀρχιερατικὴν
718 835 840 924 ἀξίαν,
874 833 938 910 διὰ
971 843 1036 932 τῆς
1065 834 1189 936 χειρός
1214 837 1310 932 ἐμοῦ
1332 843 1387 910 τοῦ

128 938 366 1067 ἆμριρτωλοῦ,
392 937 559 1012 καὶτῶν
587 935 863 1065 συμπαρόντων
888 944 1126 1066 λειτουργῶν,
1158 935 1225 1012 καὶ
1252 961 1386 1065 συνεηι-

129 1038 290 1128 σιιόπων,
322 1048 367 1135 τῆ
394 1036 631 1169 ἐπιφοιτήσει,
663 1068 726 1114 και
715 1035 924 1132 δυνάμει,
957 1067 1020 1114 και
1041 1036 1168 1135 χάριτι
1193 1045 1266 1113 τοῦ
1293 1037 1387 1164 ἁγίου
1430 1038 1432 1045 ’

128 1167 197 1216 σου
231 1139 441 1238 πνεύματος
473 1141 683 1237 ἐνίσχυσεν,
718 1140 768 1225 ὥς
800 1141 996 1235 ὲνίσχυσας
1028 1141 1117 1225 τοὺς
1148 1138 1316 1267 ἁγίους
1310 1169 1387 1268 οπο

130 1241 285 1328 στόλους
316 1273 380 1318 και
405 1240 610 1366 προφήτας,
644 1242 695 1327 ιὸς
720 1245 868 1369 ἔχρισας
892 1241 980 1325 τοὺς
1002 1241 1248 1339 βασιλεῖς,
1217 1272 1272 1326 ως
1296 1241 1388 1369 ἡγία·

130 1369 197 1428 σας
222 1344 308 1428 τοὺς
334 1345 522 1442 ἀρχιερεῖς.
564 1345 637 1418 Καὶ
663 1344 909 1440 ἀνεπίληπτον
935 1344 1052 1419 αὐτοῦ
1075 1344 1145 1439 τὴν
1171 1340 1389 1473 ἀρχιερωσό

128 1475 199 1542 νην
224 1444 433 1574 ἀπόδειξον,
459 1475 522 1520 και
547 1444 647 1541 πάσῃ
674 1443 869 1542 σεμνότητι
884 1453 1148 1540 κατακοσμῶν,
1176 1445 1291 1569 ἅγιον
1308 1442 1387 1571 ἀνή-

128 1547 250 1633 δειξον
286 1554 336 1631 εἰς
370 1547 412 1621 τὸ
449 1549 555 1631 ἀξιον
589 1548 801 1675 γενέσθαι,
815 1555 883 1622 τοῦ
919 1551 1035 1621 αέτεῖν
1070 1545 1190 1622 αὐτὸν
1225 1548 1276 1622 τὰ
1312 1547 1389 1644 πρὸς

129 1647 317 1744 σωτηρίαν
342 1657 409 1724 τοῦ
436 1656 541 1736 λαοῦ,
567 1678 630 1723 ιιαι
656 1646 858 1725 ὑπακούειν
884 1673 923 1723 σε
951 1649 1080 1723 αὐτοῦ.

202 1764 286 1842 Ὅτι
321 1765 497 1867 ἡγίασταί
533 1792 601 1841 σου
636 1767 679 1841 τὸ
717 1770 836 1864 ὄνομα
846 1823 858 1855 ,
902 1764 1123 1850 δεδόξασταί
1158 1791 1231 1842 σου
1267 1765 1291 1862 ἡ
1325 1767 1386 1861 βα

130 1865 256 1942 σιλεία.

212 1999 283 2067 Καὶ
310 1998 395 2085 μετὰ
419 1999 458 2066 τὸ
480 1995 568 2088 ἀμήν
589 2001 677 2089 λέγει
698 2006 764 2067 τῶν
784 1997 1117 2089 ουγχειρστονσόντων
1140 1997 1323 2087 ἀρχιερέων
1342 1946 1387 2078 εἷς,

128 2102 233 2191 λεπτῇ
254 2107 358 2191 φωνῇ,
380 2099 459 2168 ὅσον
480 2098 611 2169 ἀκούειν
631 2100 878 2182 τοὺςουνόντας
894 2099 1055 2191 ἀρχιερεῖς
1068 2100 1124 2169 καὶ
1141 2097 1387 2187 ἀποκρίνεσθαι,

127 2201 170 2269 τὰ
192 2201 363 2270 διακονικὰ
383 2208 498 2271 ταῦτα.

206 2324 269 2397 Ἔν
294 2318 418 2418 εἰρήνη
443 2331 513 2398 τοῦ
532 2320 675 2416 Κυρίου
696 2322 904 2419 δεηθῶμεν.
927 2322 1030 2416 Ὑπὲρ
1048 2331 1113 2420 τῆς
1131 2325 1290 2399 ἀνωθεν
1307 2318 1388 2417 ελρή

127 2453 205 2521 νης,
222 2424 285 2498 καὶ
303 2434 367 2521 τῆς
385 2424 576 2521 σωτηρίας.
598 2424 703 2521 Ὑπὲρ
720 2433 784 2521 τῆς
801 2421 945 2523 εἰρήνης
959 2433 1027 2500 τοῦ
1042 2422 1273 2515 σύμπαντος.
1296 2421 1384 2518 Ὑπὲρ

127 2536 195 2601 τοῦ
219 2523 505 2620 ἀρχιεπισκόπου
522 2527 642 2621 ἡμῶν,
668 2536 737 2600 τοῦ
757 2527 888 2614 δεῖνος,
915 2525 1128 2625 ἱερωσύνης,
1156 2523 1384 2622 ἀντιλήψεως,

128 2628 319 2722 διαμονῆς,
345 2626 499 2722 εἰρήνης,
524 2629 650 2728 ὑγείας
668 2628 730 2702 καὶ
757 2629 939 2725 σωτηρίας
965 2629 1094 2716 αὐτοῦ,
1122 2628 1185 2702 καὶ
1203 2637 1274 2702 τοῦ
1292 2631 1385 2727 ἔργου

128 2739 203 2801 ττῦν
229 2738 366 2823 χειρῶν
393 2730 521 2815 αὐτοῦ,
548 2739 615 2802 τοῦ
634 2729 776 2824 Κυρίου
802 2729 1010 2825 δεηθῶμεν.
1033 2730 1137 2823 Ὑπὲρ
1164 2739 1235 2804 τοῦ
1263 2730 1385 2804 δούλου

126 2839 195 2902 τοῦ
217 2837 322 2918 θεοῦ,
348 2838 415 2903 τοῦ
434 2829 566 2917 δεῖνος,
588 2840 656 2903 τοῦ
674 2833 760 2905 νυνὶ
777 2832 1099 2927 προχειριζομένου
1118 2830 1321 2905 ἐπισκόπου
1336 2828 1385 2903 καὶ

126 2940 191 3026 τῆς
215 2931 397 3026 σωτηρίοις
424 2933 553 3018 αὐτοῦ,
575 2941 642 3005 τοῦ
668 2932 810 3028 Κυρίου
837 2933 1045 3029 δεηθῶιιιεν.
1063 2934 1191 3015 Ὅπως
1218 2934 1237 3006 ό
1268 2930 1385 3032 φιλάν-

127 3036 281 3126 θρωπος
302 3033 388 3116 Θεὸς
413 3035 569 3107 ἄσπιλον
594 3034 656 3107 καὶ
675 3033 880 3129 ἀμώμητον
898 3036 1014 3109 αὐτοῦ
1031 3035 1098 3130 τήν
1117 3034 1385 3130 ἀρχιερωσύνην

123 3137 334 3229 χαρίσηται,
360 3144 428 3208 τοῦ
454 3136 597 3230 Κυρίου
624 3135 832 3231 δεηθῶμεν.
865 3136 968 3232 Ὑπὲρ
995 3145 1058 3230 τῆς
1084 3134 1224 3218 πόλεως
1249 3135 1385 3229 ταύτης,

127 3234 246 3329 πάσης
271 3236 419 3318 πόλεως.
471 3238 543 3310 Καὶ
569 3237 660 3333 ὑπὲρ
686 3236 839 3311 πάντων
864 3247 942 3312 τῶν
964 3235 1181 3333 χρηζόντων
1207 3247 1274 3334 τῆς
1299 3233 1385 3328 παρὰ

126 3345 194 3408 τοῦ
223 3342 314 3409 θεοῦ
345 3339 527 3432 βοηθείας
559 3340 621 3412 καὶ
649 3337 887 3434 ἀντιλήψεως,
920 3349 988 3412 τοῦ
1015 3341 1157 3432 Κυρίου
1185 3339 1384 3436 δεηθῶμεν.

122 3436 225 3532 Ὑπὲρ
252 3447 319 3511 τοῦ
345 3443 534 3534 ῥυσθηναι
569 3441 665 3535 ἡμᾶς
692 3442 764 3514 ἀπὸ
791 3439 909 3536 πάσης
935 3440 1110 3537 θλίψεως.
1155 3442 1386 3536 Ἀντιλαβοῦ,

126 3547 262 3627 σῶσον,
289 3540 436 3636 ἐλέησον
460 3540 522 3614 καὶ
549 3541 790 3639 διαφύλαξον.
822 3549 893 3638 Τῆς
919 3542 1103 3643 παναγίας
1129 3541 1335 3639 ἀχράντου,

209 3675 279 3739 Καὶ
306 3672 431 3740 τούτων
458 3674 641 3760 λεγομένων
664 3673 680 3742 ὁ
704 3672 871 3762 ἀρχιερεὺς
901 3672 982 3758 έχων
1005 3673 1162 3754 ιόσαύτως
1185 3683 1225 3765 τῇ
1248 3683 1309 3743 τοῦ
1329 3700 1386 3758 χει-

125 3774 363 3858 ροτονουμένοο
385 3783 513 3865 κορυφῇ
534 3777 593 3864 τήν
613 3782 706 3863 χεῖρα
728 3777 947 3862 ἐπικειμένην,
970 3772 1099 3859 εύχεται
1122 3776 1239 3857 οὕτως.

209 3877 320 4003 Κύριε
350 3878 522 3961 ὁθεάς
502 3909 623 3974 ηαων,
652 3911 670 3952 ο
658 3879 824 3953 διά
786 3912 828 3954 το
855 3881 906 3976 μή
933 3879 1192 3955 δύνασθαι
1153 3911 1223 3977 την
1239 3876 1388 4014 ἀιθρυί-

124 4005 196 4050 που
224 3977 340 4075 φύσιν
366 3980 434 4075 τὴν
459 4011 523 4075 της
549 3978 772 4077 θεότητος
750 3989 962 4084 υπειεγκεῖν
988 3983 1134 4071 οὐσίαν,
1161 4014 1207 4078 τη
1235 3992 1283 4078 σι’]
1303 3989 1389 4105 οικρ-

123 4078 236 4151 νοιιίτι
271 4080 563 4175 ὁμοιοπαθεῖς
543 4089 633 4179 ηιιῖν
653 4082 915 4211 διδασκάλους
947 4083 1193 4181 καταστήσας,
1226 4086 1297 4160 τὸν
1331 4082 1390 4158 σὸν

123 4152 318 4306 ὲπέχόντηίς
351 4182 509 4276 θρόνον,
543 4116 593 4267 είς
625 4186 666 4258 τὸ
700 4187 901 4283 ἀναφέρειν
935 4213 993 4260 σοι
1027 4188 1171 4261 θυσίαν
1198 4187 1299 4260 καὶι
1290 4215 1390 4279 προς-

123 4282 248 4374 φορὰν
274 4282 365 4378 ὑπὲρ
393 4286 531 4367 παντὸς
555 4295 623 4359 τοῦ
650 4297 740 4361 λαοῦ
768 4314 847 4361 σου
902 4289 976 4376 Σύ,
1010 4287 1137 4384 Κύριε,
1171 4290 1235 4362 καὶ
1263 4299 1392 4363 τοῦτον

122 4378 189 4453 τὸν
216 4384 441 4478 αναδειγθει
444 4417 488 4459 τα
522 4386 720 4482 σικονόιιον
745 4421 808 4485 της
792 4392 1089 4486 ἀρχιερατικῆς
1110 4389 1267 4515 χάριτος
1294 4390 1392 4485 ποίη-

122 4503 191 4553 σον
222 4487 436 4583 γενέσθαι
436 4518 525 4584 ιιιιιι
516 4520 595 4585 την
621 4500 690 4564 σοῦ
715 4501 783 4566 τοῦ
810 4494 995 4588 ἀληθινοῦ
1021 4522 1207 4590 ποιυενσς,
1241 4494 1393 4568 τιθέντα
