3044 4912
739 220 815 303 tta

214 409 399 485 Direaeos.
449 392 607 501 tramine,
631 404 784 481 leuodie.
984 468 1005 497 ,.

112 510 121 539 ‘
214 511 262 585 Et
289 509 457 599 Sacerdos
478 516 677 606 prostratus
702 517 779 583 oret
803 514 954 582 semoto:

120 676 125 683 .
213 612 370 710 Respice,
396 610 539 685 Domine
556 609 631 685 lesu
650 608 796 704 Christe,
820 608 913 685 lteus
939 618 1056 697 uester
1079 608 1123 683 'de
1147 618 1270 685 saneto
1291 608 1407 685 lelritr·

91 712 100 723 '
137 714 216 791 eulo
241 724 300 789 tuo
326 723 361 787 et
386 712 428 787 de
454 712 576 787 Arous
603 711 730 807 glorias
754 715 851 809 rapui
877 711 953 785 tui·
973 708 1058 785 Veri
1083 721 1120 785 et
1143 711 1319 789 eremitica
1341 736 1405 807 uos,
1438 746 1440 751 ·

67 834 71 847 ·
122 818 198 917 .qui
223 815 258 889 iu
285 814 427 891 sxeelois
452 838 530 889 eum
554 812 652 887 Patre
688 813 789 889 simul
813 812 943 893 resides
968 822 1004 887 et
1026 812 1084 887 lrio
1115 812 1218 889 uolris
1251 815 1334 889 ades
1361 814 1404 889 irr-

121 918 280 995 .risilrilis
312 929 347 991 et
379 916 517 1013 dignare
549 916 678 1014 potenti
711 926 769 991 tua
800 938 901 989 mauu
933 914 1108 1013 porrigere
1132 913 1243 991 'rrobis
1277 917 1403 1016 purissi-
1437 962 1440 987 2

137 1044 230 1095 mum
263 1042 386 1117 eorpus
418 1028 515 1093 tuum
548 1027 583 1091 et
613 1017 798 1115 pretiosum
831 1020 1042 1113 sauguinem,
1075 1027 1113 1091 ut
1145 1040 1209 1092 uos
1242 1017 1407 1117 porrigere

137 1122 307 1221 possimus
333 1120 424 1194 omui
450 1119 584 1218 populo.
610 1161 663 1173 -
688 1114 859 1216 Πρόσχες
882 1112 997 1215 Κύριε
1022 1142 1055 1217 p.
1070 1118 1157 1193 365.
1237 1182 1242 1189 .

217 1222 380 1297 Oratione
411 1223 511 1322 finito
544 1220 711 1295 Sacerdos
744 1220 919 1297 oseulatur
950 1220 1074 1309 ultore,
1109 1221 1256 1295 msere
1292 1246 1403 1321 serpso

129 1325 356 1427 pariseorum
381 1332 415 1397 et
439 1323 576 1423 irrtiopit
596 1323 749 1421 pretiose
774 1323 943 1419 eaput,
970 1321 1105 1397 &aare

161 1454 167 1461 ·
214 1425 358 1500 llomiue
384 1423 477 1499 lteus
508 1435 635 1517 noster,
669 1425 726 1523 qui
752 1448 816 1499 rros
840 1448 884 1499 er
908 1424 1044 1499 nomine
1070 1424 1238 1521 unusuiti
1262 1422 1340 1499 Filii
1361 1424 1402 1499 tui

104 1526 264 1603 -Clrristi
297 1524 415 1600 omues
448 1526 689 1603 denominasti:
723 1526 780 1624 qui
806 1526 928 1602 dedisti
953 1525 1053 1601 uobis
1077 1524 1297 1624 baptismum,
1328 1524 1404 1601 lerr·

52 1668 55 1673 ·
138 1636 234 1702 erum
267 1627 439 1725 spirituale
471 1626 507 1701 irr
540 1627 774 1702 remissionem
805 1638 1018 1726 peecatorum
1050 1638 1150 1727 utque
1183 1628 1343 1725 dignutus
1372 1650 1403 1702 es

136 1753 203 1803 uos
235 1752 311 1803 esse
342 1728 523 1829 participes
555 1730 766 1805 sauctissimi-
792 1730 944 1828 eorporis
977 1740 1012 1804 et
1043 1730 1219 1827 sauguinis
1247 1730 1403 1827 unigeniti

136 1830 215 1905 Filii
240 1830 310 1904 tui:
335 1854 427 1906 uuae
452 1854 628 1929 precamur
651 1843 698 1925 ts,
730 1832 885 1926 llomirre,
919 1833 1078 1932 quoniam
1102 1833 1273 1931 recepturi
1298 1856 1404 1908 sumus

137 1943 290 2007 sanetum
322 1934 518 2030 mysterium
550 1933 761 2008 remissionis
816 1932 1039 2030 sumturum¹t
1075 1946 1111 2009 et
1142 1935 1287 2031 gratiam
1312 1933 1404 2009 lrabe-

10 2096 18 2105 .
136 2057 213 2109 mus
247 2034 307 2111 tihi
340 2045 376 2109 et
407 2034 548 2132 plurim
580 2036 643 2111 tibi
676 2058 753 2111 euru
778 1958 864 2111 llilio
897 2048 932 2111 et
955 2036 1085 2135 Spiritu
1110 2035 1236 2111 Suueto
1263 2060 1355 2113 uuae
1375 2045 1406 2109 et

136 2160 271 2235 semper
295 2146 330 2210 et
354 2137 389 2211 ie
417 2138 550 2213 saeculo
575 2138 796 2213 soeculorum.
847 2140 965 2213 Aurea.

201 2237 513 2381 ‘Tum28ooerdou
548 2239 682 2315 adlato
715 2238 881 2314 ablutione
912 2264 949 2314 se
981 2240 1144 2315 resumit
1176 2240 1223 2313 od
1251 2238 1407 2339 populu

214 2344 394 2517 uusralus
433 2441 469 2516 irr
509 2442 685 2517 sanctitate
723 2454 874 2519 sanetum
907 2452 943 2517 et
972 2439 1189 2541 purissimum
1221 2466 1347 2541 eorpus
1369 2444 1406 2515 'u

136 2544 336 2637 sanguinem
361 2543 495 2616 Domini
529 2554 563 2616 et
595 2544 815 2641 redemptoris
849 2544 955 2618 nostri
987 2544 1064 2618 lesu
1089 2543 1227 2638 Christi,
1262 2545 1320 2643 qui
1354 2544 1404 2617 de·

137 2646 269 2717 suerrdit
294 2646 335 2716 de
362 2646 462 2717 coelis
489 2656 523 2716 et
549 2645 705 2718 dividitur
731 2646 839 2720 uobis.
865 2646 953 2719 Ecee
975 2649 1052 2739 rita,
1079 2670 1167 2743 spes,
1195 2648 1403 2738 resurreetio,

137 2747 279 2841 expiatio
308 2757 341 2817 et
366 2747 520 2818 remissio
546 2756 770 2842 peccatorum.

214 2848 349 2919 Caritate
376 2847 519 2919 Domino
538 2847 607 2920 lleo
635 2860 762 2941 nostro,
788 2850 932 2946 psalmos
959 2849 1059 2922 diuite
1086 2849 1266 2923 immortali
1293 2859 1401 2922 nostro

136 2952 209 3043 regi
237 2950 384 3043 coelesti,
412 2951 467 3048 qui
495 2950 626 3022 vehitur
651 2955 685 3023 in
713 2951 873 3049 quadriga
901 2951 1091 3024 Cherubim.

213 3052 393 3125 Diaconos.
447 3054 583 3124 eantare
618 3054 782 3150 psalmum
813 3054 955 3127 llomiuo
990 3052 1060 3126 lleo
1095 3064 1229 3126 nostro:
1267 3062 1400 3142 canuto,

137 3151 242 3243 chori,
278 3155 404 3226 cantica
439 3155 622 3250 spiritualia
649 3155 737 3228 dulci
763 3180 853 3228 voce.
904 3155 990 3228 lluiu
1016 3155 1106 3228 enim
1133 3155 1298 3228 debentur
1322 3153 1401 3252 psol·

135 3275 267 3324 morum
295 3255 455 3346 iubilatio,
481 3256 620 3329 Alleluia
647 3267 680 3328 et
705 3257 887 3353 spiritualia
915 3257 1051 3330 canusa.

212 3356 339 3448 Currite,
373 3357 532 3449 ministri,
566 3358 710 3454 psalmos
743 3360 904 3452 melodas,
943 3359 1124 3455 glorificate
1157 3358 1339 3431 Dominum
1368 3358 1397 3428 irr

138 3457 251 3531 coelis.
1405 3498 1407 3502 ·

215 3559 354 3633 Chorus.
409 3558 561 3633 Christus
588 3561 791 3634 sacrificatus
819 3577 870 3634 est
896 3563 937 3654 (is
964 3560 1119 3656 brought)
1143 3571 1177 3631 et
1194 3560 1398 3634 distribuitur

135 3660 171 3732 irr
198 3662 308 3734 medio
335 3672 499 3755 nostrum,
525 3663 675 3735 Alleluia.

213 3763 341 3859 Corpus
367 3788 464 3837 suurn
491 3765 584 3837 dedit
607 3765 705 3837 uobis
733 3765 844 3839 eibum
871 3776 905 3839 et
929 3764 1090 3863 sauguine
1116 3788 1178 3837 suo
1207 3773 1324 3837 sancto
1350 3759 1396 3833 ad·

134 3867 257 3958 sparsit
281 3890 355 3956 rros,
388 3865 538 3939 Alleluia.

131 4002 446 4019 ——-—————

221 4068 243 4128 l)
264 4069 306 4118 We
324 4083 378 4118 now
394 4068 498 4120 beseeelr
517 4069 590 4131 Thes,
608 4077 632 4119 to
652 4071 743 4121 reesirs
760 4070 808 4121 this
826 4071 881 4135 troly
899 4078 1035 4135 mystarpto
1046 4070 1086 4121 tlre
1097 4070 1226 4120 remissior
1237 4069 1266 4119 ol
1277 4062 1396 4119 oursiuds.

218 4319 243 4379 2)
261 4321 312 4371 lc:
332 4322 435 4372 Dieron:
454 4324 542 4384 Segne,
561 4322 629 4373 llerr.
664 4324 696 4374 Er
714 4324 799 4374 erhebt
816 4325 859 4375 dre
877 4323 1071 4388 (Allerlreiligste)
1089 4323 1197 4374 sirltbsr
1214 4322 1258 4372 der
1270 4322 1394 4371 tarseoru-

130 4399 199 4536 {unp
225 4405 274 4454 und
301 4406 393 4470 spriclrt
421 4421 450 4456 ru
477 4407 549 4457 ilrrreu
577 4408 641 4458 leur:
668 4409 717 4459 l'orr
744 4409 798 4458 dem
826 4408 938 4471 heiligen,
963 4425 1007 4460 rou
1025 4410 1080 4460 dem
1099 4408 1214 4472 heiligen,
1239 4403 1394 4464 eorumdum

152 4487 205 4536 sibe
224 4495 269 4538 ato.
