3044 4912
726 242 800 317 tta

121 435 293 530 hymnum,
320 433 496 522 honorem,
524 427 783 519 consessionem,
811 438 845 499 et
870 426 1111 519 adorationem,
1138 449 1230 500 nuno
1255 439 1291 500 et
1314 453 1389 501 sem·

120 561 193 634 per,
221 547 255 608 et
279 537 315 607 in
342 534 473 608 saecula
499 531 718 604 saeculorum.

200 637 368 710 Sacerdos
394 637 504 730 manat
532 632 763 706 Sacramenta.
815 629 1061 727 Respondetur.
1113 630 1232 702 Amen.

200 739 381 811 Diaconos.
434 737 471 808 ln
498 734 667 807 mentibus
692 733 822 806 restris.
875 733 975 804 Orate
1001 754 1117 829 pacem
1143 731 1332 806 nobiscum.

162 940 329 1014 Sacerdos
356 939 439 1011 dicit
464 938 550 1010 itanc
578 936 783 1023 Orationem,
811 934 994 1007 inclinatae
1020 945 1052 1006 et
1079 920 1246 1009 submissa
1270 957 1362 1009 once.

198 1076 340 1148 Domine
374 1073 465 1145 Deus
498 1084 635 1168 potens,
671 1071 804 1168 suscipe
839 1069 925 1142 hanc
962 1069 1180 1163 oblationem,
1214 1092 1276 1166 pro
1312 1093 1389 1142 omn

122 1177 272 1248 Ecclesia
299 1186 412 1248 sancte
440 1174 620 1265 Catltolica,
648 1184 682 1245 et
706 1197 767 1270 pro
795 1172 949 1245 omnibus
973 1171 1127 1245 Patribus
1153 1173 1218 1269 piis
1246 1181 1282 1244 ct
1305 1172 1389 1245 iusti

123 1278 179 1375 qui
214 1277 326 1375 placiti
362 1277 497 1350 luerunt
522 1275 595 1366 tihi,
631 1284 664 1346 et
689 1298 749 1370 pro
777 1274 932 1347 omnibus
958 1272 1133 1369 Prophetis
1161 1284 1195 1346 et
1220 1274 1389 1370 Apostolis

124 1392 157 1452 et
189 1404 249 1475 pro
285 1378 440 1450 omuibus
473 1375 685 1471 Martyribus,
720 1386 754 1447 et
786 1374 1055 1467 consessoribus,
1091 1386 1124 1446 et
1158 1399 1218 1472 pro
1247 1375 1389 1449 omnibu:

123 1480 328 1576 lugentibus,
363 1478 561 1573 angustiatis
587 1488 622 1550 et
647 1478 804 1572 aegrotis,
841 1487 875 1548 et
899 1501 959 1573 pro
987 1476 1141 1549 omnibus
1169 1478 1389 1549 necessitatem

124 1591 159 1653 et
183 1582 390 1652 vexationem
415 1579 630 1675 patientibus,
664 1588 698 1650 et
722 1603 782 1675 pro
811 1578 965 1652 omnibus
992 1578 1134 1650 infirmis
1162 1588 1195 1650 et
1221 1579 1389 1677 oppressis

125 1693 159 1754 et
184 1705 244 1777 pro
273 1680 429 1753 omuibus
456 1679 634 1772 defunctis,
663 1679 719 1777 qui
746 1679 880 1753 anobis
900 1681 1042 1778 separati
1061 1681 1307 1774 migraverunt:
1336 1691 1389 1754 tun

124 1807 185 1879 pro
213 1783 367 1855 omuibus
395 1783 450 1879 qui
477 1791 595 1878 petunt
620 1784 804 1855 orationem
831 1782 872 1855 ab
900 1782 1090 1854 infirmitate
1118 1793 1245 1876 nostra,
1285 1793 1319 1855 et
1344 1806 1389 1879 pn

125 1908 178 1957 me
213 1895 387 1981 peccatore
422 1883 538 1956 humili
573 1894 608 1956 et
640 1884 783 1957 intirmo.
835 1883 977 1956 Domine
1004 1884 1094 1956 Deus
1123 1895 1248 1977 noster,
1286 1908 1386 1963 secun

126 1987 205 2058 dum
223 1984 456 2058 miserationes
476 1996 561 2078 tuas,
588 1986 902 2082 multitudinemque
922 1986 1102 2080 gratiarum
1121 1996 1265 2078 tuarum,
1293 1986 1389 2083 aspie

125 2088 284 2187 populum
310 2097 417 2181 tuum,
452 2097 486 2159 et
511 2112 565 2159 me
592 2089 773 2182 infirmum,
808 2112 917 2184 neque
944 2088 1129 2160 secundum
1155 2097 1292 2184 peccata
1318 2112 1389 2161 mea

126 2199 160 2261 et
192 2189 401 2287 insipientias
436 2214 545 2262 meas:
583 2191 643 2263 sed
677 2200 714 2263 ut
740 2189 832 2285 digni
859 2191 941 2261 liant
966 2190 1165 2262 remissione
1191 2203 1389 2287 peccatoruu

125 2315 276 2385 suorum,
303 2316 364 2388 por
390 2316 511 2388 corpus
536 2290 603 2364 hoc
629 2301 793 2385 sanctum,
830 2290 919 2388 quod
946 2315 1023 2362 cum
1048 2291 1113 2363 fide
1140 2291 1322 2387 accipiunt,
1347 2315 1389 2389 pe

126 2394 266 2488 gratiam
292 2393 542 2466 misericordiae
569 2402 645 2465 tuae
672 2393 865 2467 insaecula
892 2393 1111 2465 saeculorum.
1163 2393 1283 2466 Amen.

396 2592 435 2666 la
462 2594 529 2664 alio
557 2593 669 2669 codice
694 2593 745 2664 ita
770 2593 889 2689 incipit
914 2594 977 2665 illa
1006 2557 1135 2666 Oratio.

203 2728 344 2798 Domine
370 2728 461 2799 Deus
495 2737 625 2825 potens,
660 2728 777 2799 exaudi
811 2752 925 2800 vocem
960 2730 1113 2802 clamoris
1141 2730 1205 2801 mei
1234 2741 1389 2801 coramt

127 2828 192 2899 hoc
218 2839 385 2924 ternpore:
413 2830 548 2901 intende
575 2830 717 2902 Domine
745 2840 778 2901 et
803 2831 880 2901 audi
909 2832 1052 2924 gemitus
1080 2854 1172 2903 meos
1200 2856 1313 2902 caram
1341 2856 1389 2904 ma

128 2932 245 3001 iestate
272 2941 340 3021 tua,
369 2932 566 3028 suscipeque
595 2931 861 3028 deprecationem
888 2936 952 3004 mei
981 2934 1176 3030 peccatoris,
1213 2959 1277 3029 qua
1306 2933 1389 3006 inter

127 3032 213 3126 pello
242 3033 380 3126 gratiam
409 3043 511 3124 tuam,
547 3033 608 3104 hac
634 3034 716 3105 liora
743 3058 806 3131 qua
833 3035 970 3106 ollertur
997 3036 1197 3107 sacrificium
1224 3037 1311 3130 patri
1339 3048 1389 3109 tuo

127 3132 286 3204 Miserere
308 3135 455 3206 omnium
480 3146 724 3206 creaturarum:
752 3159 850 3232 parce
869 3136 948 3229 reis,
977 3148 1131 3208 converte
1151 3148 1321 3225 errantes3
1351 3162 1389 3233 ep

128 3258 263 3330 pressos
290 3259 423 3325 recrea3
451 3236 591 3308 turbatis
619 3238 764 3333 quietem
791 3248 940 3333 praesta:
976 3264 1055 3311 sana
1082 3237 1250 3309 infirmos:
1288 3262 1389 3310 conso

128 3337 196 3407 lare
224 3335 384 3427 alllictas3
421 3350 454 3411 et
479 3339 601 3434 perfice
628 3339 856 3434 eleemosynas
883 3364 999 3413 eorum
1025 3342 1081 3436 qui
1108 3350 1290 3436 operantur
1312 3340 1390 3413 iusti

129 3437 226 3528 tiam,
268 3448 402 3534 prepter
444 3464 564 3511 nomen
606 3451 698 3512 tuum
741 3452 903 3514 sanctum.
955 3442 1018 3513 llei
1056 3466 1187 3538 ‹puoque
1221 3442 1389 3537 peccatori

128 3540 382 3637 miserereper
416 3543 556 3636 gratiam
591 3551 691 3614 tuam.
743 3542 885 3615 Domine
909 3541 1000 3614 Deus
1035 3554 1165 3638 potens,
1203 3544 1390 3640 suscipiatu

129 3640 250 3713 oblatio
286 3640 368 3714 haec
401 3666 461 3739 pro
490 3644 643 3716 universa
669 3643 819 3717 Ecclesia
845 3656 959 3717 sancta
986 3644 1164 3736 catholica,
1199 3656 1232 3716 et
1258 3670 1319 3743 pro
1349 3646 1389 3720 Sa

130 3742 333 3836 melotibus,
359 3744 520 3839 Regibus
547 3745 766 3842 principibus,
794 3756 825 3817 ct
852 3746 983 3842 reliqna
1008 3757 1046 3817 at
1072 3771 1187 3843 supra.

258 3947 425 4020 Sacerdos
453 3949 534 4019 dicit
561 3948 645 4019 hanc
675 3946 868 4020 Orationem
893 3947 1121 4022 inclinationis
1147 3959 1287 4022 secreto.

207 4080 290 4153 Xlll.
333 4082 382 4155 Tu
409 4082 551 4154 Domine
585 4106 646 4179 per
671 4084 903 4155 miserationes
930 4095 1003 4156 tuas
1030 4084 1149 4156 multas
1176 4094 1211 4156 et
1236 4085 1389 4156 inenarra

130 4180 225 4273 biles,
260 4184 311 4254 iac
344 4185 540 4257 memoriam
576 4185 697 4258 bonam
732 4196 766 4257 et
799 4186 1033 4283 acceptabilem
1067 4187 1221 4258 omnibus
1256 4188 1389 4282 patribu

217 4420 275 4482 Cap.
294 4420 354 4470 llll.
391 4421 620 4481 neomaenias,
643 4429 755 4470 strenuus
780 4421 932 4472 orientalium
957 4423 1044 4471 rituum
1064 4431 1180 4486 patronus
1199 4438 1227 4473 ac
1245 4424 1330 4473 vindex
1350 4424 1389 4473 hat

9 4506 22 4529 ·
130 4509 228 4597 mpnet:
251 4503 280 4553 ln
298 4505 343 4554 hac
361 4506 469 4556 oratione
487 4504 527 4565 (lit
543 4508 621 4556 reniet
639 4505 740 4557 Domino
756 4508 862 4571 Spiritus
879 4505 992 4568 Sanctus)
1011 4506 1158 4558 observanda
1176 4515 1234 4558 sunt
1251 4508 1327 4557 multa
1347 4522 1389 4572 qur

1286 4770 1302 4813 ἡ
