3044 4912
696 273 719 345 'l

61 457 273 521 Bmatsein
293 455 348 518 ter
369 454 482 518 Ktrebc
503 457 759 537 oaaocsprocltea,
794 475 828 521 ao
850 463 892 522 ist
913 479 943 523 aa
965 461 1160 540 unicultor,
1188 464 1260 527 dosa
1282 465 1347 529 siclt

60 560 115 622 ihr
139 557 249 622 &ltus
269 560 304 620 irs
320 558 596 638 protestantium
614 558 842 639 Formloss'olceit
862 562 926 624 aad
946 562 1126 626 sobieottoer
1145 563 1273 628 wither
1294 566 1345 630 be-

63 671 165 740 nepte.
209 659 272 722 Aea
301 658 424 722 sololtert
445 657 608 740 Astaspes
635 662 740 724 sotlrdc
771 664 821 724 tric
850 662 903 724 clos
932 663 1126 745 rer'cblcoltr'pc
1152 667 1362 745 prieclu'acbo,¹

64 760 216 824 senocto
243 761 308 823 aad
331 759 615 840 morpeottmh'scbc
640 761 747 825 Riteol
767 764 948 827 amarandus
977 769 1050 828 sein
1094 766 1223 831 liutbalt
1250 770 1345 832 dieses

64 870 191 944 rpttare
211 861 362 925 Zetlroters
381 864 415 925 to
436 860 541 943 Menoe
561 864 626 926 aad
646 880 738 943 sopor
752 862 861 926 Febler
880 866 945 928 aad
959 864 1179 941 tltsstroccte,
1203 885 1237 932 so
1259 888 1344 935 masa
1367 902 1372 916 ι

66 963 142 1027 tiocli
162 967 207 1025 tm
225 963 466 1029 orctrtsttotes
489 963 596 1029 Celtas
623 975 714 1028 etwas
744 984 877 1044 pomarese
904 969 983 1038 aaa,
1017 984 1125 1030 moron
1151 970 1215 1032 siclt
1242 970 1345 1034 solclte

65 1066 201 1129 Zasttze
228 1065 406 1146 ontatpfen
437 1066 502 1128 aad
528 1070 627 1129 morin
658 1067 759 1130 solclte
787 1067 996 1131 Mr'sabrltocbe
1024 1072 1088 1131 aaa
1118 1069 1345 1154 Veronlosseap

65 1169 167 1249 fictas
189 1167 334 1230 lrotsnterr.
371 1165 434 1229 Atta
455 1170 539 1231 atter
556 1167 833 1248 protestantiscbco
847 1167 1139 1250 Predtptsommlaap
1160 1172 1265 1233 witrio
1280 1171 1344 1235 sicle

65 1274 97 1334 ἐκ
116 1268 367 1331 tatrtousmtm
390 1270 441 1330 aie
462 1268 510 1331 clia
528 1268 713 1349 priecbtaolte
727 1269 825 1332 llatae
847 1270 1011 1335 eutmiclcelt
1033 1271 1189 1350 bobert.“⁸)
1225 1270 1345 1335 Scilicet

65 1371 119 1433 hae
143 1369 349 1450 apostolorum
370 1368 505 1450 liturgiae
527 1369 564 1431 ab
586 1370 624 1432 iis
646 1389 720 1450 quas
742 1380 824 1434 aetas
846 1371 998 1451 posterior
1020 1371 1102 1447 tulit,
1135 1390 1196 1434 non
1224 1372 1342 1453 quidem

64 1472 186 1552 ingenio
209 1479 241 1534 ct
261 1467 433 1555 οἰκονομίᾳ
454 1471 610 1547 differunt,
633 1472 688 1535 sed
707 1472 833 1535 multum
855 1472 1001 1536 dissident
1020 1472 1164 1536 brevitate
1179 1483 1210 1537 et
1224 1474 1342 1555 simpli-

65 1575 167 1636 citate:
202 1591 300 1653 neque
326 1591 456 1654 unquam
484 1572 668 1636 obliteranda
689 1573 734 1636 vel
756 1574 839 1636 falsis
872 1573 1044 1639 criminibus
1066 1575 1264 1639 insimulanda
1296 1582 1345 1639 est

65 1677 172 1739 invicta
195 1675 359 1738 sententia:
387 1692 448 1736 non
480 1684 579 1737 extare
600 1684 775 1755 perpetuam
802 1676 945 1739 ecclesiae
972 1677 1004 1739 in
1032 1676 1140 1739 ritibus
1163 1678 1343 1742 consensio·

63 1798 148 1851 nem,
182 1795 245 1839 non
273 1776 350 1839 solvi
382 1776 626 1839 caerimoniarum
661 1776 832 1840 diversitate
866 1777 1085 1841 ecclesiasticae
1117 1779 1240 1843 unitatis
1272 1779 1341 1842 rin·

63 1879 170 1942 culum

667 2083 698 2158 a.
714 2083 744 2144 a.

233 2215 281 2278 ns
304 2214 450 2279 cunnus
473 2213 582 2277 sacru
603 2214 916 2277 cnn1srnuouuu
938 2173 1171 2278 ruruonnus

153 2384 214 2446 lam
240 2385 323 2448 titulo
352 2403 440 2465 mem
461 2384 530 2446 huic
552 2384 638 2464 capiti
660 2384 909 2465 praescripsimus
941 2384 1135 2464 significatum
1165 2393 1227 2457 est,
1261 2385 1342 2465 quod

65 2486 277 2566 disputationis
306 2485 547 2566 comprobabitur
575 2486 781 2565 peroratione:
814 2504 873 2547 nos
895 2485 1056 2566 plurimum
1077 2486 1343 2566 lacereeiusignem

63 2587 182 2650 llicartli
205 2587 304 2649 nouit
332 2589 611 2650 commentationem
632 2586 679 2649 De
700 2587 929 2649 Primordiis
958 2587 1080 2650 cultus
1109 2588 1208 2650 sacri
1233 2589 1340 2651 Chri-

65 2690 274 2751 stianorum
297 2688 495 2769 conscriptam
518 2689 649 2763 (Bonnae
664 2691 768 2767 1851).
802 2689 867 2751 Etsi
889 2708 960 2752 uero
982 2708 1043 2751 non
1066 2691 1176 2764 omnia,
1201 2710 1276 2770 quae
1291 2690 1342 2754 Vir

63 2792 175 2853 Doctus
198 2791 235 2852 de
256 2791 404 2872 primaeva
427 2791 622 2853 eucharistiae
644 2791 738 2852 forma
760 2791 883 2871 aliisque
905 2790 1043 2871 protulit,
1066 2791 1182 2871 placere
1195 2801 1340 2871 possunt:

64 2904 162 2957 umen
191 2892 277 2956 nobis
306 2893 569 2972 persuasissimum
602 2899 665 2965 est,
704 2893 759 2954 hac
780 2892 920 2954 Rothiani
948 2891 1038 2953 libelli
1066 2892 1174 2954 virtute
1202 2912 1341 2972 magnum

60 3014 258 3076 progressum
280 2996 388 3057 lactum
410 3013 478 3056 esse
499 2995 536 3056 ad
557 2993 692 3072 liturgiae
714 2993 898 3056 Christianae
919 2995 1046 3076 γένεσιν
1076 2994 1240 3057 accuratius
1268 3014 1339 3075 per-

62 3098 257 3179 spiciendam.

146 3199 213 3260 Nou
235 3198 337 3260 deerat
351 3197 566 3276 Hierosolymis
588 3204 660 3277 post
680 3196 930 3258 resurrectionem
946 3204 976 3258 et
990 3197 1195 3259 ascensionem
1211 3194 1339 3271 Domini,

60 3301 96 3363 iis
122 3302 173 3380 qui
196 3301 225 3362 in
249 3318 317 3362 eum
340 3307 478 3379 tanquam
499 3297 638 3360 blessiam
661 3298 835 3370 credebaut,
869 3297 964 3361 cultus
992 3299 1101 3380 publici
1122 3298 1202 3377 larga
1225 3316 1339 3378 oppor-

60 3405 186 3465 tunitas.
229 3401 352 3464 Patebat
374 3400 586 3474 sanctuarium,
616 3400 646 3461 in
669 3419 728 3479 quo
750 3398 829 3460 Deus
853 3399 919 3480 ipse
941 3420 974 3462 se
996 3401 1114 3462 adorari
1136 3399 1210 3461 velle
1239 3398 1338 3461 decla-

59 3506 149 3566 rarit:
174 3504 302 3565 florebat
321 3503 352 3564 in
375 3522 410 3565 eo
433 3502 528 3565 cultus
545 3521 629 3564 sacer
644 3521 660 3563 a
675 3499 736 3562 Deo
759 3500 826 3581 ipso
849 3500 1013 3564 institutus.
1052 3502 1126 3574 Quis
1149 3499 1280 3562 fidelium
1303 3517 1338 3560 eo

129 3776 156 3834 Sl
175 3776 309 3826 liothins
336 3776 360 3825 in
385 3775 586 3824 commentatione
603 3774 664 3824 inira
684 3773 849 3824 commendata
866 3789 890 3836 p.
904 3772 934 3822 lb
958 3773 1059 3838 „Neque
1083 3771 1181 3821 omnino
1201 3784 1337 3835 unquama

58 3876 96 3910 me
116 3862 250 3925 impetrare
274 3861 356 3925 potui,
383 3867 408 3909 ut
426 3859 493 3909 nihili
512 3859 749 3923 perempturam,
776 3856 840 3921 quod
859 3859 969 3907 universa
988 3857 1090 3907 ecclesia
1108 3857 1204 3919 antiqua
1223 3870 1275 3905 eam
1294 3871 1338 3908 eu-

58 3948 190 3996 charistiae
209 3943 368 3995 celebrandas
385 3945 512 4003 rationem,
531 3957 602 4006 quarn
620 3951 676 4006 post
694 3951 802 4006 tempora
821 3941 987 4005 apostolorum
1006 3955 1049 4005 per
1073 3948 1149 3989 totum
1168 3940 1252 3991 orbern
1273 3942 1337 3992 chri-

58 4033 165 4080 suanum
183 4031 300 4092 rigentem
318 4029 434 4089 ridemus,
452 4043 499 4078 uno
518 4043 561 4078 ore
580 4027 609 4077 ab
628 4027 720 4089 origine
737 4026 871 4090 apostolica
889 4027 985 4076 derivet.
1026 4025 1082 4073 Utut
1100 4025 1162 4074 cuim
1182 4041 1264 4088 neges,
1283 4027 1339 4090 opi·

59 4118 158 4166 trionem
178 4114 241 4164 hanc
259 4113 413 4163 fundamento
433 4112 514 4177 aliquo
532 4127 586 4162 rere
604 4112 719 4162 historico
738 4112 791 4174 niti,
814 4112 849 4162 rix
868 4120 946 4161 tamen
966 4108 1095 4171 intelliges,
1114 4111 1289 4173 quomodote,
1308 4110 1339 4159 do

59 4216 105 4265 qna
122 4215 166 4250 res
185 4207 230 4260 est,
255 4213 354 4248 mensae
371 4198 506 4248 dominicae
524 4199 610 4257 lorms,
637 4213 698 4262 quse
717 4206 782 4248 certe
799 4195 940 4261 primigenia
958 4208 1007 4243 non
1032 4194 1084 4254 luit,
1108 4195 1160 4244 sine
1188 4195 1338 4256 auctoritatis

60 4284 211 4348 spostolicae
229 4283 351 4347 praesidio
369 4290 393 4332 et
410 4283 556 4333 adminiculo
575 4291 623 4332 tam
643 4284 698 4342 cito,
718 4283 751 4332 nti
770 4283 858 4332 lactum
876 4295 929 4329 essa
948 4285 1051 4340 constat,
1067 4293 1112 4343 per
1127 4294 1211 4328 omnes
1224 4278 1338 4328 eeclesias

61 4370 212 4419 Christianae
235 4368 366 4433 propagari
390 4368 503 4431 potuerit,
527 4368 629 4417 maximo
652 4382 679 4416 ea
704 4375 789 4429 aetate,
820 4381 865 4430 qua
891 4364 999 4427 singulae
1022 4363 1170 4428 reipublicae
1189 4363 1338 4414 Christianae

61 4455 197 4514 provinciae
216 4453 323 4503 nondum
341 4453 411 4502 lirmo
429 4451 509 4517 aliquo
528 4452 638 4518 beneque
662 4452 772 4503 ordinato
799 4450 935 4502 commercii
960 4448 1101 4500 universalis
1119 4448 1212 4499 uinculo
1231 4449 1293 4498 inter
1310 4461 1337 4497 ro

61 4537 285 4591 connecterentur.“
