3044 4912
664 241 738 317 429

108 426 124 500 ῖ
159 426 228 502 τὸν
259 423 432 501 ἑκουσίον
463 425 528 500 καῖ
562 423 739 518 ἀοιδίμον
770 425 835 500 καὶ
861 422 1042 515 ζωοποιὸν
1069 426 1187 501 αὐτοῦ
1211 422 1339 500 θάνα-

107 555 145 619 ν,
181 535 235 623 τῇ
271 527 408 603 νυκτὶ
441 520 465 624 ἧ
497 525 757 623 παρεδίδου
794 525 965 603 ἑαυτὸν
998 526 1111 623 ὑπὲρ
1147 535 1225 624 τῆς
1257 535 1338 605 τοῦ

107 626 246 726 ίσμου
278 627 413 725 ζωῆς,
447 626 607 726 λαβὼν
631 629 778 723 ἀρτον
801 626 876 702 ἐπὶ
900 636 992 704 τῶν
1017 627 1166 730 άγίων
1192 629 1337 704 αὐτοῦ

107 730 143 805 ιλ
177 728 429 829 ἀχράντων
450 737 645 828 χειρῶν,
678 728 931 817 ἀναδείξας
955 754 1028 805 σοι
1053 739 1114 806 τῶ
1144 735 1235 828 Θεῷ
1261 730 1338 806 καῖ
1435 810 1439 817 ‚

107 827 1336 934 ττρὶ,εὐχαριστήσας,εάλογήσας,ἀγιάσας,κλάσας.

147 946 187 1017 ‘0
208 945 316 1036 ῖερεάς
334 945 438 1017 κλίνει
458 948 517 1037 τὴν
537 943 696 1039 κεφαλήν,
718 943 822 1035 α’ίρων
842 946 901 1036 τήν
923 947 1035 1030 δεξιὰν
1056 944 1160 1016 αάτοῦ
1178 948 1264 1034 μετὰ
1284 945 1339 1017 εό-

107 1047 215 1138 βείας,
237 1046 366 1138 εὐλογῶ
385 1049 443 1118 τόν
464 1047 559 1138 ἀγιον
580 1043 680 1139 ἀρτον
700 1046 857 1139 ὲκφῶνως
870 1048 985 1138 λέγων.
1041 1077 1049 1096 =

141 1153 307 1229 Ἔδωκε
339 1159 436 1236 τοῖς
469 1152 624 1255 άγίοις
664 1153 810 1229 αὐτοῦ
841 1157 1083 1250 μαθηταῖς
1113 1154 1191 1229 καὶ
1223 1154 1339 1230 ἀπο-

106 1252 254 1340 τόλοις
274 1253 436 1343 εἰπεῖν,
463 1253 648 1352 λάβετε,
674 1252 871 1356 φάγετε,
896 1251 1037 1331 τοῦτό
1056 1283 1145 1350 μου
1165 1256 1264 1332 ἐστὶ
1287 1257 1338 1333 τό
1390 1284 1393 1289 ·

106 1366 219 1452 ῶμα,
253 1356 303 1431 τὸ
335 1355 449 1452 ὑπὲρ
481 1355 612 1454 ήμῶν
636 1353 877 1452 κλῶμενον
902 1362 967 1441 εἰς
989 1357 1161 1455 ἀφεσιν
1188 1357 1339 1456 ἀμαρ-

106 1466 182 1536 ,ῶν
208 1461 375 1556 ssac.30).

150 1572 189 1643 ‘0
208 1574 307 1664 χορὸς
327 1571 463 1665 ψάλλει,
489 1555 601 1656 ἀμήν.

155 1673 242 1744 Τότε
263 1672 282 1744 ὁ
305 1673 421 1762 ἱερεὺς,
442 1672 500 1744 καί
519 1671 540 1744 ό
561 1672 715 1756 διάκονος
733 1675 777 1744 τὰ
798 1672 884 1744 αὐτὰ
904 1672 1080 1746 κάνταῦθα
1101 1673 1148 1757 ῶς
1167 1675 1204 1745 ἀν
1223 1681 1264 1768 τῇ
1279 1683 1341 1746 τοῦ

106 1776 322 1868 ρυσοστόμου.

523 1876 561 1945 Ὁ
584 1875 690 1966 ῖερεὺς
708 1884 884 1962 μυστικῶς.

147 1982 309 2078 Ὁμοίως
342 1980 407 2056 καῖ
440 1979 483 2055 τό
518 1979 696 2079 ποτήριον
730 1985 771 2057 ἐκ
802 1988 872 2057 τοῦ
895 1979 1132 2109 γεννήματος
1166 1989 1231 2078 τῆς
1265 1981 1340 2077 άμ-

105 2085 179 2159 {lov
215 2082 344 2182 λαβὼν
386 2079 607 2178 κεράσας,
651 2084 1018 2180 εάχαριστησας,
1062 2082 1338 2185 εὐλογήσας,

105 2183 179 2286 γιά
188 2210 271 2269 σας
296 2188 370 2280 (lae.
383 2187 456 2281 30).

150 2297 326 2390 Ἐκφῶνως
347 2296 366 2368 ό
389 2299 495 2388 ἱερεὺς
514 2299 574 2388 τήν
594 2305 688 2386 χεῖρα
709 2297 792 2384 ἔχων
813 2294 956 2383 ἀνωθεν,
977 2300 1057 2385 μετδ
1077 2295 1261 2385 εὐλαβείας,
1282 2300 1341 2370 καῖ

105 2404 222 2491 λαγῶν,
242 2403 342 2490 λέγει.

145 2505 311 2582 Ἔδωκε
337 2511 434 2589 τοῖς
459 2504 579 2606 ἁγίοις
605 2504 750 2580 αὐτοῦ
776 2508 1018 2601 μαθηταῖς
1042 2503 1106 2580 καὶ
1122 2502 1340 2591 ἀποστόλοις

105 2607 222 2684 πῶν.
251 2609 392 2681 Πίετε
418 2610 464 2691 ἐξ
489 2607 635 2682 αὐτοῦ
655 2603 844 2697 πάντες,
870 2602 1009 2783 τὸφῦτό
1029 2609 1129 2682 ἐστι
1147 2607 1198 2682 τό
1224 2605 1338 2704 αίμά

105 2740 179 2798 ου,
206 2709 256 2783 τὸ
281 2717 360 2804 τῆς
384 2715 551 2803 καινῆς
576 2705 828 2805 διαθήκης,
861 2739 884 2783 τ
937 2706 1052 2803 ὑπὲρ
1078 2707 1230 2801 ὑμῶν,
1262 2709 1340 2785 καὶ

104 2819 253 2888 ολλῶν
279 2807 598 2905 ἐκχυνόμενον
622 2815 687 2894 εἰς
713 2811 884 2905 ἄφεσιν
906 2809 1167 2908 ἀμαρτιῶν.

151 2924 191 2994 Ὁ
211 2927 310 3014 χορός
331 2924 466 3018 ψάλλει,
493 2909 595 3008 ἀμήν
622 2915 781 3008 (lac.30).

229 3076 267 3167 ‘O
290 3075 397 3165 ἱερεὺς
416 3074 529 3156 κλίνας
549 3078 609 3166 τήν
629 3078 786 3168 κεφαλήν,
809 3072 985 3159 ἐπεύχεται
1004 3082 1180 3161 μυστικῶς.

160 3188 301 3257 Τοῦτο
327 3186 502 3256 ποιεῖτε
528 3185 593 3263 εἰς
616 3180 700 3276 τὴν
725 3180 840 3277 ἐμὴν
860 3176 1137 3276 ἀνάμνησιν.
1158 3177 1342 3266 Ὁσάκις

104 3283 158 3379 ἀρ
195 3283 251 3359 ἀν
287 3282 479 3379 ἐσθίητε
515 3281 596 3357 τὸν
629 3284 773 3380 ἄρτον
797 3289 986 3371 τοῦτον,
1022 3280 1174 3356 καὶτὸ
1200 3279 1342 3380 ποτή-

104 3413 174 3460 ιον
206 3393 344 3460 τοῦτο
377 3384 559 3480 πίνητε,
593 3383 674 3459 τὸν
700 3383 812 3477 ἐμὸν
838 3380 1055 3459 θάνατον
1079 3386 1341 3486 καταγγέλ-

104 3516 189 3576 ετε,
209 3486 292 3583 τὴν
312 3486 405 3584 ἐμήν
424 3483 692 3562 ἀνάστασιν
711 3485 983 3588 ὁμολογεῖτε
999 3488 1340 3584 (clem.14.lae.30).

104 3593 383 3686 ίεμνημὲνοι
417 3583 519 3677 οὖν,
553 3586 727 3676 δέσποτα,
762 3587 841 3662 καῖ
873 3587 1006 3683 ἡμεῖς
1031 3594 1124 3662 τῶν
1149 3589 1343 3684 σωτηρίων

103 3720 155 3765 ου
182 3689 496 3788 παθημάτων,
522 3698 605 3764 τοῦ
632 3688 814 3780 ζωοποιοῦ
840 3697 1066 3785 σταυροῦ,
1092 3696 1171 3785 τῆς
1195 3690 1343 3786 τριημέ-

103 3820 143 3866 w
169 3801 339 3890 ταφῆς,
365 3800 444 3886 τῆς
468 3794 516 3865 ἐκ
534 3799 714 3888 νεκρῶν
735 3787 1056 3880 ἀναστάσεως,
1081 3799 1159 3886 τῆς
1180 3795 1244 3875 ελς
1265 3792 1343 3866 οὐ·

103 3894 246 3978 ανοάς
271 3891 471 3981 ἀνόδου,
505 3901 555 3991 τῆ
608 3896 655 3969 ἐκ
681 3892 848 3978 δεξιῶν
872 3899 956 3967 σοῦ
987 3900 1070 3968 τοῦ
1099 3897 1232 3981 Θεοῦ,
1265 3892 1343 3967 καῖ

106 3997 248 4092 ατρὸς
282 3993 543 4090 καθέδρας,
579 3994 656 4069 καὶ
690 4002 768 4093 τῆς
804 3990 1000 4080 ἐνδόξου
1032 3993 1109 4069 καῖ
1134 3996 1344 4093 φοβεροῖς

104 4097 220 4173 ἀτοῦ
246 4097 509 4193 πὰρουσίας
536 4100 696 4194 (Ιεο.31).

528 4261 702 4354 Ἐκφιόνως
722 4259 741 4332 ό
765 4260 879 4350 ἱερεὺς.

121 4467 131 4495 ³
159 4367 216 4495 Τά
248 4369 296 4441 σοὶ
330 4371 369 4443 ἐκ
401 4378 479 4444 τῶν
513 4377 591 4444 σῶν
625 4394 682 4442 σοι
714 4366 979 4466 προςφίρσντες
1010 4367 1105 4442 κατὰ
1131 4362 1255 4444 πάντα
1279 4367 1343 4444 καὶ

103 4498 137 4543 ια
163 4498 298 4546 παντα.
