3044 4912
644 228 718 305 3113

105 404 257 489 δςΥίοδς
284 407 398 498 φωτὸς
424 414 484 498 τῆς
509 406 636 497 ἡμέρας
660 405 968 499 καίνληρονδμοίις
993 415 1059 477 τῶν
1087 404 1230 479 αἰωνίων
1254 430 1318 477 σου

105 515 196 579 adaia.
223 507 409 599 Μιήσθητι
432 508 537 598 Κύριε
557 511 593 580 ἐν
612 517 661 601 τῷ
681 508 812 601 πλήθει
831 516 898 579 τῶν
917 508 1096 599 οἰκτιρμῶν
1115 534 1178 579 σου
1187 508 1319 591 Ιπαντὸς

105 612 215 679 ἰίαοῦ
242 634 318 691 σου,
346 617 412 678 τῶν
440 609 682 702 συμπαρόντων
707 612 766 681 καί
791 618 858 691 τῶν
884 612 1128 698 συνευχομένων
1154 608 1234 702 ἡμῖν
1260 609 1318 679 καί

105 736 179 783 πων
199 717 266 779 τῶν
287 708 443 803 ἀδελφῶν
462 710 557 802 ἡμῶν
570 719 636 781 τῶν
649 713 685 783 δν
697 720 748 804 γῇ,
768 720 835 781 τῶν
848 711 885 781 δν
897 710 1063 803 θαλάσσῃ,
1085 720 1152 782 τῶν
1165 713 1201 783 δν
1214 711 1319 781 παντί

105 826 145 902 dp
162 820 224 903 τῆς
245 812 445 895 δεσποτείας
463 837 535 896 σου,
558 816 722 900 δεομένων
741 820 801 905 τῆς
815 821 876 903 σῆς
890 812 1153 905 φιλανθρωπίας
1165 813 1224 883 καί
1235 818 1319 903 don·

105 910 158 995 ἷας.
185 914 259 982 Καὶ
278 921 367 983 πάσι
383 913 567 1006 χορήγησον
586 916 626 985 τδ
642 917 728 1005 μέγα
742 940 804 986 σου
818 914 921 997 ἔλεος,
942 915 1319 1005 transrhenanam

110 1014 169 1085 καί
187 1013 320 1103 σώματι
340 1014 485 1086 πάντοτε
507 1018 716 1104 διαμένοντες
731 1017 831 1105 μετὰ
857 1014 1050 1109 ’παρρησίας
1069 1014 1258 1103 δοξάζωμεν
1278 1015 1318 1085 τδ

105 1117 247 1203 υμαστδν
266 1117 324 1186 καί
344 1115 561 1208 εδδσγφμένον
574 1113 683 1205 άνομά
696 1144 768 1203 σου,
788 1126 849 1189 τοῦ
862 1117 1001 1208 Πατρδς
1015 1117 1072 1186 καί
1086 1122 1147 1187 anai
1165 1114 1248 1185 Ylaa'i
1259 1114 1318 1187 τισί

123 1216 134 1243 ‘
162 1216 237 1307 ylov
253 1216 451 1305 Πνεδματος
472 1228 529 1288 νῦν
549 1220 606 1290 καί
627 1219 682 1289 det
702 1221 760 1291 καί
779 1219 928 1302 είςιτοδς
950 1217 1074 1300 αίυίνας
1093 1224 1160 1287 cuia
1178 1216 1317 1303 αίοίρων.

106 1344 157 1409 l’·
1150 1374 1154 1381 ·
1197 1374 1202 1383 -
1253 1342 1256 1347 '

128 1426 212 1489 lnter
238 1426 293 1489 haa
321 1445 429 1507 preces
457 1428 623 1491 sacerdotis
651 1437 809 1491 cantantur
833 1427 946 1491 Psalmi
969 1429 1027 1495 88:
1056 1418 1163 1513 Κάριε
1190 1418 1209 1490 δ
1232 1420 1319 1502 Θεὸς

130 1519 296 1612 σωτηρίας
320 1548 396 1608 μου.
439 1530 594 1595 Ρε.103ι-
614 1520 743 1617 εδλομεῑ
766 1522 788 1614 ἦ
810 1522 900 1614 ψυχή
921 1548 989 1611 μου
1008 1522 1067 1593 adv
1086 1520 1224 1613 Κάρισν.
1266 1528 1318 1592 Ρι.

105 1646 124 1692 ε
146 1621 254 1714 Κύριε
275 1622 466 1705 είςάκουσον
486 1632 749 1715 τῆςπροςευχῆς
768 1650 845 1712 μου.

128 1729 272 1792 Procedit
300 1731 373 1792 ordo
402 1732 495 1794 olticii
523 1732 560 1794 ad
583 1725 728 1796 ἔκτενίαν
748 1750 896 1811 magnam.
938 1731 1071 1793 Posthac
1091 1741 1237 1793 canuntur
1258 1733 1319 1793 hn-

105 1850 172 1895 tnne
194 1841 226 1895 et
246 1833 426 1913 Taenarium
447 1834 484 1897 de
507 1834 662 1897 Dominica
683 1833 730 1894 vel
752 1833 790 1894 da
812 1833 922 1894 Sancto
944 1841 975 1895 et
994 1826 1094 1913 ὕμνοι
1114 1824 1291 1910 τριαδικοί.

127 1934 216 1995 Νοοσ
237 1934 401 1997 recitentur
422 1936 480 1997 duo
495 1936 683 1998 Psalmnrum
703 1924 901 2014 καθίσματα
922 1951 990 1995 cum
1011 1932 1193 2012 Antiphonia
1208 1932 1319 1993 l‘aalani

105 2046 162 2098 »et
184 2037 255 2109 136,
264 2035 285 2111 ¹)
314 2035 449 2098 nonnulli
477 2036 617 2115 verniculi
649 2045 677 2098 et
705 2026 833 2098 ἐκτενία
865 2034 975 2098 minor.
1024 2034 1058 2096 ln
1089 2032 1187 2095 leriali
1215 2032 1318 2095 cilicie

105 2136 214 2199 cedunt
234 2155 341 2200 novem
364 2138 455 2200 odae
476 2157 493 2199 e
515 2138 663 2218 scriptura
694 2154 779 2198 sacra
809 2137 1020 2216 depromptae:
1044 2133 1200 2197 Canticum
1224 2132 1317 2196 linaia

105 2237 141 2299 al.
158 2242 208 2311 15,
223 2240 259 2301 at
274 2256 322 2318 sq.
345 2239 500 2301 Canticum
523 2238 717 2300 hinniebant.
732 2239 783 2309 32,
803 2241 816 2300 1
832 2255 879 2317 sq.
901 2236 1054 2307 Canticum
1070 2236 1194 2299 Hannae
1214 2235 1318 2312 ttteg.

105 2342 172 2419 laq.
200 2337 356 2401 Canticum
382 2339 522 2403 Hahacuc
544 2339 620 2402 llah.
643 2358 670 2401 c.
686 2340 717 2403 3.
745 2338 900 2402 Canticum
921 2338 1018 2399 isaiae
1040 2356 1067 2399 c.
1083 2339 1135 2402 26.
1162 2336 1318 2401 Canticum

105 2458 138 2503 ae
159 2458 187 2503 ε.
201 2442 233 2503 2.
257 2440 413 2503 Canticum
433 2443 523 2505 trium
545 2459 707 2522 puerorum
729 2440 761 2503 in
773 2436 900 2503 ¹'camino
922 2439 1011 2518 ignis,
1034 2438 1186 2502 Canticum
1206 2434 1320 2501 llariae

105 2560 121 2605 ι.
135 2547 166 2615 1,
181 2544 223 2606 46
235 2560 281 2621 sq·
305 2561 363 2604 una
386 2560 452 2604 cum
475 2543 598 2606 Cantica
622 2543 781 2607 Zachariae
802 2543 875 2604 Luc.
893 2546 920 2616 1,
936 2543 1035 2622 ti8aq.

131 2643 288 2707 Dominica
316 2662 343 2705 s.
374 2644 543 2717 festivitate,
573 2644 632 2705 illis
660 2645 728 2706 odis
754 2643 992 2724 praetermissis,
1021 2642 1185 2704 recitantur
1205 2639 1318 2702 Psalm.

105 2748 127 2806 l:
156 2736 280 2807 αἰνεῖτε
306 2740 365 2808 τὸν
385 2739 512 2830 Κύριον
538 2741 573 2809 ἐκ
593 2747 659 2806 τῶν
681 2736 838 2827 οὐρανῶν.
879 2745 932 2805 Ρε.
951 2747 1025 2808 15οε
1056 2731 1160 2829 ᾇσατε
1180 2742 1228 2826 τῷ
1248 2742 1320 2805 Κυ-

105 2866 112 2905 ι
137 2832 230 2933 ξίσμα
257 2839 380 2910 καινόν.
423 2847 474 2910 Ρε.
492 2852 568 2911 151:
596 2840 719 2911 αίνεῖτε
739 2840 797 2909 τὸν
820 2839 905 2909 Θεὸν
927 2839 962 2907 ἐν
983 2845 1055 2919 τοῖς
1064 2836 1186 2927 ’ἁγίοις
1205 2834 1319 2921 αὐτοῦ,

105 2946 149 3013 itu
174 2948 352 3012 decantatur
372 2949 537 3029 horologia
564 2968 668 3029 magna
692 2957 723 3008 et
742 2945 935 3023 Euangelium
957 2940 1003 3008 τὸ·
1019 2937 1163 3009 ἑωθινόν
1184 2936 1319 3008 recurre·

105 3049 173 3121 ιοίε,
210 3048 339 3129 denique
367 3050 533 3112 Dominicis
565 3050 688 3131 propria
721 3055 791 3109 sunt
817 3045 963 3125 Troparia
995 3036 1206 3127 άναστάσιμα
1240 3062 1268 3106 ε.
1290 3052 1318 3123 ς.

105 3168 198 3229 uacua
218 3143 365 3234 σωτηρία
384 3153 432 3234 τῷ
453 3147 580 3236 Κάσμφ
601 3145 741 3234 μέμονεν,
768 3137 900 3234 άσωμεν
920 3147 968 3230 τῷ
989 3137 1170 3210 ἀναστάντι
1196 3140 1233 3209 da
1258 3137 1320 3208 τά-

105 3272 127 3327 n,
154 3245 213 3314 καί
239 3241 368 3336 άρχηγῷ
394 3252 454 3333 τῆς
483 3247 568 3335 ζωῆς
587 3244 701 3336 Ιἡμῶν·
728 3243 882 3314 καθελών
909 3242 971 3332 γὰρ
1006 3250 1055 3334 τῷ
1087 3239 1228 3335 θανάτῳ
1261 3242 1319 3311 τὸν

105 3372 209 3429 νατον,
231 3345 270 3415 τδ
292 3353 381 3427 νῖκος
402 3344 523 3415 ἔδωκεν
543 3344 632 3435 ἡμῖν,
653 3346 711 3415 καί
732 3346 770 3413 τὸ
791 3344 878 3432 μέγα
899 3342 1002 3426 ἔλεος.

128 3444 293 3529 ’Λναστὰς
312 3446 349 3517 ἐκ
370 3454 430 3516 τοῦ
450 3446 629 3537 μνήματος,
648 3447 705 3516 καὶ
725 3446 767 3514 τὰ
789 3446 895 3533 δεσμδι
916 3443 1095 3535 διαρρήξας
1115 3452 1175 3513 τοῦ
1186 3442 1319 3525 Ἅιδου,

105 3573 168 3630 σας
194 3550 234 3618 τδ
260 3547 446 3637 κατάκριμα
472 3557 533 3617 τοῦ
560 3547 710 3617 θανάτου
730 3546 847 3637 Κύριε,
874 3545 1005 3627 πάντας
1026 3548 1062 3616 ἐκ
1082 3552 1149 3615 τῶν
1168 3542 1321 3633 παγίδων

105 3656 110 3707 i
139 3650 264 3740 ἐχθροῦ
295 3649 487 3741 ῥυσάμενος,
520 3648 708 3741 ἐμφανίσας
731 3648 871 3718 σεαυτὸν
895 3653 973 3728 τοῖς
996 3645 1218 3726 Ἀποστόίοις
1247 3668 1320 3728 σου,

105 3808 354 3818 -η--ι--ι

134 3893 159 3954 1)
185 3894 263 3957 Κίος
282 3893 328 3943 Ι.ε.
346 3909 370 3958 p.
381 3893 429 3944 94:
453 3893 498 3954 „ln
516 3893 561 3944 dar
577 3890 742 3956 griechischen
760 3889 847 3941 llirche
864 3890 962 3941 wardan
980 3890 1019 3943 dia
1035 3890 1146 3952 Ferttaga
1164 3889 1188 3937 in
1206 3887 1258 3938 daei
1275 3886 1321 3937 hr-

115 3977 221 4028 ntmlich
238 3992 332 4041 ςεοεεε,
351 3978 454 4028 mittiera
473 3979 521 4028 und
538 3978 618 4028 llaina
635 3975 788 4039 aiussathellt;
807 3974 856 4026 und
873 3974 1040 4037 gemeiniglieh
1058 3989 1089 4024 an
1106 3974 1161 4024 dam
1178 3972 1260 4023 llanda
1277 3972 1322 4023 dar

105 4060 245 4113 hanhdcher
267 4062 344 4113 durch
367 4065 406 4113 eiu
430 4063 521 4113 ticinen
538 4063 614 4112 lireua
637 4062 661 4110 in
685 4062 763 4110 cinam
781 4060 869 4121 lirici,
893 4060 953 4110 oder
976 4060 1001 4108 in
1024 4059 1102 4108 einem
1126 4058 1214 4109 halhan
1232 4054 1323 4119 Zirlel,

105 4147 191 4199 cahat
208 4146 297 4207 Zirlai,
315 4148 462 4198 bezeichnen.
497 4145 545 4196 liar
562 4145 646 4196 llienst
662 4145 723 4195 wird
740 4144 801 4195 nach
818 4144 874 4195 dem
892 4143 970 4196 Grada
988 4144 1031 4193 der
1043 4142 1169 4206 llailigleit
1185 4142 1251 4192 einer
1269 4138 1322 4189 acl·

105 4242 114 4278 ι
137 4230 215 4293 Tages
239 4231 403 4293 cingarichtet.
438 4230 514 4280 Wann
539 4230 582 4280 der
608 4229 664 4281 135.
683 4231 732 4280 nnd
752 4228 809 4280 136.
828 4224 908 4281 Pralm
931 4228 971 4278 hei
995 4226 1075 4278 diener
1093 4227 1168 4277 Stella
1191 4223 1323 4288 gebraucht

105 4314 146 4365 lau
163 4314 218 4375 (τῖε
235 4314 403 4378 ςιιαεῖοίςΙίεΙι
420 4315 464 4365 des
482 4314 603 4378 Sunntags
620 4314 763 4378 carehim),
780 4330 808 4363 εο
826 4313 885 4363 wind
903 4328 929 4362 ar
946 4308 1102 4372 πυλοέλεος,
1119 4326 1164 4361 von
1182 4311 1227 4361 dar
1243 4307 1321 4359 hand·

113 4398 302 4463 Wiadarhalung
319 4400 362 4450 das
380 4395 455 4454 ilaec
472 4400 495 4449 in
514 4400 568 4451 dem
587 4400 673 4451 letatan
693 4399 771 4449 Paalm
790 4404 921 4463 ganennet:
939 4396 1055 4447 wasalhrt
1072 4388 1114 4444 ὅτι
1129 4386 1225 4451 alceir
1233 4388 1322 4442 alaim

105 4477 267 4549 insudanti,
285 4484 349 4539 dean
365 4485 433 4537 aeine
443 4485 503 4537 Cute
514 4486 604 4536 wahart
613 4484 732 4549 eaiglich,
749 4474 968 4548 ahansjadaatan
978 4479 1167 4533 heaclaliaaut⁸⁸
1183 4476 1320 4546 (11.1»,241.
