3044 4912
751 276 826 351 665

105 428 212 537 m
238 450 402 523 αὐτὸν
365 478 425 523 τον
449 453 578 524 σκοπὸν
603 461 665 526 τοῦ
690 461 876 543 μονοχικοῦ
898 453 1080 547 σχήματος,
1106 464 1167 527 τοῦ
1195 456 1321 547 Κυρίου
1348 461 1427 552 δῖη

124 560 208 625 θῶ
233 579 887 627 εν..

108 638 128 723 ί·
206 580 425 745 u‘Ym'Q'
364 660 425 725 τοὸ
452 653 581 745 διάγειν
607 653 709 727 αὐτὸν
736 656 811 728 ἐν
797 656 891 751 πάση
919 655 1072 751 εὐσεβείᾳ
1098 658 1157 729 καί
1183 656 1341 754 εὐλαβείᾳ
1367 663 1425 732 καί

105 732 337 883 ηἶᾶμνδτητι,
357 764 419 826 τοῦ
437 755 567 847 Κυρίου
589 761 774 849 δεηθῶμεν.

106 916 112 937 ,
137 890 158 939 ‚2
232 855 337 984 Ὑπέρ
364 864 425 927 τοῦ
451 855 656 930 ἀποθέσθαι
678 857 832 931 αὐτὸν
797 885 856 929 τον
875 860 1024 931 παλαιὸν
1045 854 1230 950 ἀνθρωπον
1249 890 1308 932 και
1298 862 1425 934 ἐνδί-

105 966 282 1029 σασθαι
301 961 361 1028 τὸν
381 958 466 1042 νέον,
488 960 546 1029 τὸν
564 961 652 1030 κατὰ
675 960 762 1031 Θεὸν
781 963 972 1044 κτισθέντα,
994 969 1053 1030 τοῦ
1074 961 1202 1051 Κυρίου
1225 966 1409 1054 δεηθῶμεν.

232 1058 335 1150 Ὑπέρ
356 1057 509 1151 ἀφέσεως
528 1060 586 1129 καί
607 1060 841 1151 συγχωρήσεως
860 1069 926 1130 τῶν
947 1060 1118 1151 άμαρτιῶν
1139 1060 1252 1148 αὐτοῦ,
1273 1072 1423 1135 1⁰va-

139 1152 227 1255 ρίου
248 1166 432 1252 δεηθῶμεν.

233 1261 334 1352 Ὑπὲρ
370 1269 431 1331 τοῦ
467 1267 634 1353 ρυσθῆναι
668 1260 758 1352 ἡμᾶς
792 1260 862 1333 ἀπὸ
894 1263 1007 1356 πάσης
1036 1263 1202 1356 θλίψεως,
1236 1264 1334 1357 ὀργῆς
1364 1267 1423 1337 καί

127 1362 302 1457 ἐνόντος·

137 1468 146 1489 ’
232 1463 439 1552 Ἅντιλαβοῦ,
461 1468 580 1547 σῶσον,
602 1463 738 1556 ἐλέησον
757 1464 816 1535 καί
838 1464 1045 1558 διαφύλαξον
1065 1464 1154 1557 ἡμεῖς
1175 1465 1194 1537 δ
1213 1468 1299 1550 Θεὸς
1318 1476 1359 1560 τῇ
1380 1476 1422 1560 σῇ

125 1564 272 1675 κύστο

137 1684 150 1693 ·
237 1674 306 1758 Τῆς
330 1662 499 1753 παναγίας
524 1662 702 1756 ἀχράντου,
729 1664 1035 1761 ὖπερευλογημένης
1062 1668 1215 1753 ἐνδόξου,
1246 1669 1422 1762 δεσποίνης

167 1796 252 1859 μων.

139 1766 226 1889 ’ἦ
679 1866 891 1962 Ἐκφυίνησις.

141 1998 147 2011 ’
226 1970 304 2039 ’Ὁτι
326 1969 420 2058 άγιος
441 1964 473 2039 εί
493 1966 512 2040 δ
536 1969 622 2052 Θεὸς
643 1968 745 2060 ἡμῶν,
765 1972 825 2040 καί
845 1972 902 2040 σοί
920 1970 990 2061 τήν.

197 2148 201 2153 ,
227 2072 328 2141 Ὅσοι
348 2070 396 2153 είς
417 2072 565 2162 Χριστὸν
585 2072 826 2165 ἐβαπτίσθητε,
848 2074 997 2161 Χριστὸν
1017 2069 1233 2141 ἐνεδύσασθε.

144 2200 151 2209 ’
232 2172 441 2265 Ἅλληλσύία.

668 2274 902 2363 Προκείμενον.

235 2374 362 2464 Κύριος
388 2374 563 2465 φωτισμός
588 2401 654 2462 μου
681 2376 739 2446 καί
764 2375 875 2466 σωτήρ
902 2403 978 2464 μου.
1021 2374 1149 2465 Κύριος
1169 2373 1422 2467 ὑπερασπιστὴς

143 2486 210 2569 τῆς
230 2478 315 2568 ζωῆς
334 2502 410 2563 μου·

144 2602 148 2607 ·
233 2580 327 2669 Πρὸς
345 2576 519 2669 Ἐφεσίους
540 2577 720 2668 ἐπιστολῆς
739 2576 879 2647 Παύλου
899 2579 939 2647 τὸ
961 2575 1159 2667 ἀνάγνωσμα
1181 2587 1405 2663 ε.6,10-17.

230 2678 439 2771 Ἀλληλούῖα.
485 2670 592 2758 Οὗτος
612 2675 631 2747 ὸ
653 2680 785 2765 πτωχὸς
804 2679 975 2769 ἐκέκραξευ

233 2781 434 2872 Εὐαγγέλισν
455 2781 491 2851 ἐκ
511 2788 571 2850 τοῦ
591 2781 677 2850 κατὰ
696 2788 886 2852 Ματθαῖον
907 2806 933 2849 ο.
951 2790 1000 2864 10,
1016 2790 1068 2852 37.
1083 2788 1134 2852 38.
1158 2805 1184 2849 ε.
1202 2790 1251 2865 17,
1268 2789 1406 2855 28—30.

232 2883 271 2954 Ὁ
294 2883 457 2965 διάκονος.
497 2879 651 2975 Ἐλέησον
671 2881 760 2975 ἡμᾶς
779 2882 799 2953 δ
824 2885 910 2965 Θεὸς
928 2885 1014 2952 κατὰ
1034 2883 1073 2954 τὸ
1093 2883 1179 2971 μέγα
1200 2882 1294 2965 ἔλεός
1313 2909 1386 2957 σου.

227 2984 301 3057 Ἔτι
322 2985 473 3071 δεόμεθα
493 2982 579 3074 ὸπὲρ
601 2982 754 3076 ἀφέσεως
773 2986 830 3054 καὶ
851 2983 1085 3073 συγχωρήσεως
1097 2992 1163 3051 τῶν
1177 2981 1347 3072 άμαρτιῶν
1361 2992 1422 3054 τού

143 3087 271 3160 δοάλοο
292 3095 352 3157 τοῦ
375 3092 463 3156 Θεοῦ
485 3090 617 3168 (τοῦδε).

231 3188 269 3259 Ὁ
290 3187 406 3280 ίερεύς.
441 3184 520 3256 ’Ότι
540 3186 688 3277 ἐλεήμων
708 3185 765 3256 καί
784 3182 1030 3277 φιλάνθρωπος
1052 3184 1138 3264 Θεὸς
1158 3182 1328 3276 ὑπάρχεις.

146 3330 149 3335 ·
232 3293 303 3360 Καί
325 3290 462 3361 δίδωσιν
484 3286 575 3377 αὐτῷ
595 3288 653 3357 τὸν
674 3288 826 3377 σταυρὸν,
848 3290 967 3375 λέγων·

232 3389 338 3462 Εἶπεν
359 3391 377 3461 ὁ
400 3390 542 3477 Κύριος·
564 3386 668 3471 εἴτις
688 3390 788 3459 θέλει
807 3387 919 3460 ὀπίσω
939 3414 1007 3476 μου,
1028 3385 1238 3473 ἀκολουθεῖν,
1270 3386 1420 3479 ἀπαρνη-

140 3494 269 3567 σάσθω
292 3493 410 3564 ἑαυτὸν
430 3493 488 3562 καί
508 3489 620 3582 ἀράτω
641 3493 700 3560 τὸν
720 3493 864 3580 σταυρὸν
883 3489 986 3560 αὐτοῦ
1006 3492 1064 3561 καί
1085 3488 1314 3562 ἀκολουθείτω
1334 3517 1404 3577 μοι.

148 3656 153 3661 .
232 3598 304 3666 Καὶ
324 3597 362 3665 τὸ
384 3593 498 3687 κηρίον
520 3591 738 3680 ἀπτούμενον,
759 3595 879 3682 λέγων·

148 3738 151 3743 -
232 3693 338 3767 Εἶπεν
359 3694 378 3767 δ
401 3695 541 3786 Κύριος·
574 3693 662 3763 οίτω
683 3694 852 3787 λαμψάτω
873 3695 911 3764 τὸ
934 3702 1008 3786 φῶς
1029 3692 1119 3781 ὐμῶν
1140 3691 1335 3783 ἔμπροσθεν
1354 3703 1421 3764 τῶν

142 3798 349 3889 ἀνθρώπων,
371 3798 467 3879 ὅπως
486 3796 604 3867 ἴδωσιν
623 3794 716 3884 ὐμῶν
734 3798 779 3867 τὸ
798 3798 884 3867 καλὸν
906 3795 985 3886 ἔργα
1005 3797 1062 3865 καί
1083 3794 1250 3878 δοξάσωσι
1271 3796 1331 3866 τὸν
1350 3822 1421 3867 πα-

141 3904 229 3989 τέρα
250 3901 340 3987 ὸμῶν
361 3900 420 3969 τὸν
441 3901 569 3982 ἐντοῖς
590 3895 756 3988 οὐρανοῖς.

232 4005 303 4072 Καί
323 4000 450 4090 γίνεται
463 4000 482 4072 ὸ
498 4000 686 4088 ἀσπασμὸς,
708 3998 895 4092 ψάλλοντες
908 3999 948 4067 τὸ
964 3996 1143 4086 ίδιόμιλον.
1162 3992 1262 4083 Ἦχος
1275 4004 1418 4087 πρῶτος.

230 4101 442 4193 Ἐπιγνῶμεν,
465 4100 618 4195 ἀδελφοί,
640 4109 700 4171 τοῦ
719 4099 900 4194 μυστηρίου
915 4102 973 4189 τὴν
989 4099 1141 4187 δύναμιν·
1164 4101 1222 4169 τὸν
1235 4101 1296 4189 γὰρ
1311 4101 1347 4170 ἐκ
1360 4109 1419 4192 τῆς

143 4205 312 4296 ἀμαρτίας
339 4206 425 4294 πρὸς
451 4205 511 4295 τὴν
538 4205 701 4295 πατρινίην
729 4202 840 4272 ἑστίαν
869 4200 1101 4293 ἀναδραμόντα
1129 4196 1259 4271 άσωτον
1285 4199 1368 4285 υίὸν,
1397 4200 1416 4273 ὸ

143 4306 349 4396 πανάγαθος
370 4307 481 4396 πατὴρ
502 4303 764 4395 προϋπαντήσας
784 4303 971 4387 ἀσπάζεται
991 4305 1048 4374 καί
1066 4302 1170 4373 πάλιν
1183 4310 1243 4394 τῆς
1257 4300 1347 4385 ίὸίας
1361 4303 1419 4373 δό-

146 4414 207 4502 ξης
225 4409 395 4499 χαρίζεται
415 4410 458 4477 τὰ
478 4406 699 4497 γνωρίσματα.
740 4407 812 4475 Καί
831 4406 991 4497 μυστικὴν
1011 4412 1083 4486 τοῖς
1105 4401 1173 4475 ἀνω
1196 4405 1343 4475 ἐπιτελεῖ
1364 4404 1419 4477 εὐ-

145 4511 324 4603 φροσίνην,
353 4509 448 4581 θύων
467 4509 526 4582 τὸν
545 4508 669 4597 μόσχον
688 4510 747 4579 τὸν
768 4506 927 4591 σιτευτὸν,
955 4507 1011 4578 ίνα
1032 4506 1128 4598 ἡμεῖς
1148 4504 1419 4619 ἀξίως-πολεων·Ι
