<?xml version="1.0" encoding="UTF-8"?>
<!DOCTYPE html PUBLIC "-//W3C//DTD XHTML 1.0 Transitional//EN"
    "http://www.w3.org/TR/xhtml1/DTD/xhtml1-transitional.dtd">
<html xmlns="http://www.w3.org/1999/xhtml" xml:lang="en" lang="en">
 <head>
  <title>
</title>
<meta http-equiv="Content-Type" content="text/html;charset=utf-8" />
  <meta name='ocr-system' content='tesseract 3.04.00' />
  <meta name='ocr-capabilities' content='ocr_page ocr_carea ocr_par ocr_line ocrx_word'/>
</head>
<body>
  <div class='ocr_page' id='page_1' title='image "./codexliturgicus05danigoog_0188.png"; bbox 0 0 3044 4912; ppageno 0'>
   <div class='ocr_carea' id='block_1_1' title="bbox 657 209 727 283">
    <p class='ocr_par' dir='ltr' id='par_1_1' title="bbox 657 209 727 283">
     <span class='ocr_line' id='line_1_1' title="bbox 657 209 727 283; baseline 0.014 -1"><span class='ocrx_word' id='word_1_1' title='bbox 657 209 727 283; x_wconf 81' lang='lat'><strong>177</strong></span> 
     </span>
    </p>
   </div>
   <div class='ocr_carea' id='block_1_2' title="bbox 72 361 1392 798">
    <p class='ocr_par' dir='ltr' id='par_1_2' title="bbox 72 361 1392 798">
     <span class='ocr_line' id='line_1_2' title="bbox 133 361 1310 492; baseline -0.001 -28"><span class='ocrx_word' id='word_1_2' title='bbox 133 390 350 490; x_wconf 78' lang='lat' dir='ltr'><strong>Respondent.</strong></span> <span class='ocrx_word' id='word_1_3' title='bbox 402 361 1041 492; x_wconf 81' lang='lat' dir='ltr'><strong>Tecumeteumspiritutuo.</strong></span> <span class='ocrx_word' id='word_1_4' title='bbox 1301 442 1310 463; x_wconf 78' lang='grc'><strong><em>,</em></strong></span> 
     </span>
     <span class='ocr_line' id='line_1_3' title="bbox 87 493 1392 669; baseline 0.009 -104"><span class='ocrx_word' id='word_1_5' title='bbox 87 595 104 667; x_wconf 68' lang='lat' dir='ltr'>h</span> <span class='ocrx_word' id='word_1_6' title='bbox 133 493 283 669; x_wconf 52' lang='lat' dir='ltr'><strong>fitcppat</strong></span> <span class='ocrx_word' id='word_1_7' title='bbox 303 516 424 591; x_wconf 84' lang='lat' dir='ltr'><strong>paoem</strong></span> <span class='ocrx_word' id='word_1_8' title='bbox 448 493 513 567; x_wconf 84' lang='lat' dir='ltr'><strong>eibi</strong></span> <span class='ocrx_word' id='word_1_9' title='bbox 538 493 679 567; x_wconf 81' lang='lat' dir='ltr'><strong>ironicam</strong></span> <span class='ocrx_word' id='word_1_10' title='bbox 705 507 737 568; x_wconf 89' lang='lat' dir='ltr'><strong>et</strong></span> <span class='ocrx_word' id='word_1_11' title='bbox 764 498 890 569; x_wconf 78' lang='lat' dir='ltr'><strong>dictent.</strong></span> <span class='ocrx_word' id='word_1_12' title='bbox 925 497 1003 571; x_wconf 89' lang='lat' dir='ltr'><strong>Pro</strong></span> <span class='ocrx_word' id='word_1_13' title='bbox 1031 501 1227 575; x_wconf 91' lang='lat' dir='ltr'><strong>omnibus</strong></span> <span class='ocrx_word' id='word_1_14' title='bbox 1254 503 1329 577; x_wconf 92' lang='lat' dir='ltr'><strong>Ca·</strong></span> <span class='ocrx_word' id='word_1_15' title='bbox 1389 626 1392 631; x_wconf 43' lang='lat'><strong>‚</strong></span> 
     </span>
     <span class='ocr_line' id='line_1_4' title="bbox 72 607 1228 798; baseline 0.009 -30"><span class='ocrx_word' id='word_1_16' title='bbox 72 607 83 668; x_wconf 66' lang='lat' dir='ltr'><strong>l</strong></span> <span class='ocrx_word' id='word_1_17' title='bbox 111 619 301 769; x_wconf 74' lang='lat' dir='ltr'><strong>0Diaconos</strong></span> <span class='ocrx_word' id='word_1_18' title='bbox 328 695 422 768; x_wconf 83' lang='lat' dir='ltr'><strong>dicit.</strong></span> <span class='ocrx_word' id='word_1_19' title='bbox 477 696 715 792; x_wconf 83' lang='lat' dir='ltr'><strong>Confiteamur,</strong></span> <span class='ocrx_word' id='word_1_20' title='bbox 741 721 912 793; x_wconf 77' lang='lat' dir='ltr'><strong>rogemus,</strong></span> <span class='ocrx_word' id='word_1_21' title='bbox 941 710 975 772; x_wconf 87' lang='lat' dir='ltr'><strong>et</strong></span> <span class='ocrx_word' id='word_1_22' title='bbox 1001 701 1228 798; x_wconf 81' lang='lat' dir='ltr'><strong>deprecemur.</strong></span> 
     </span>
    </p>
   </div>
   <div class='ocr_carea' id='block_1_3' title="bbox 302 913 1080 993">
    <p class='ocr_par' dir='ltr' id='par_1_3' title="bbox 302 913 1080 993">
     <span class='ocr_line' id='line_1_5' title="bbox 302 913 1080 993; baseline 0.005 -6"><span class='ocrx_word' id='word_1_23' title='bbox 302 913 470 988; x_wconf 72' lang='lat' dir='ltr'><strong>Sacerdos</strong></span> <span class='ocrx_word' id='word_1_24' title='bbox 497 915 579 988; x_wconf 86' lang='lat' dir='ltr'><strong>dicit</strong></span> <span class='ocrx_word' id='word_1_25' title='bbox 604 917 690 990; x_wconf 86' lang='lat' dir='ltr'><strong>hanc</strong></span> <span class='ocrx_word' id='word_1_26' title='bbox 719 917 913 991; x_wconf 79' lang='lat' dir='ltr'><strong><em>Orationem</em></strong></span> <span class='ocrx_word' id='word_1_27' title='bbox 940 930 1080 993; x_wconf 86' lang='lat' dir='ltr'><strong>secreto.</strong></span> 
     </span>
    </p>
   </div>
   <div class='ocr_carea' id='block_1_4' title="bbox 10 1082 1359 1591">
    <p class='ocr_par' dir='ltr' id='par_1_4' title="bbox 10 1082 1359 1591">
     <span class='ocr_line' id='line_1_6' title="bbox 126 1082 1329 1188; baseline 0.012 -34"><span class='ocrx_word' id='word_1_28' title='bbox 126 1082 270 1155; x_wconf 91' lang='lat' dir='ltr'><strong>Domine</strong></span> <span class='ocrx_word' id='word_1_29' title='bbox 296 1083 387 1158; x_wconf 91' lang='lat' dir='ltr'><strong>Deus</strong></span> <span class='ocrx_word' id='word_1_30' title='bbox 420 1094 540 1182; x_wconf 91' lang='lat' dir='ltr'><strong>potens</strong></span> <span class='ocrx_word' id='word_1_31' title='bbox 574 1085 691 1159; x_wconf 89' lang='lat' dir='ltr'><strong>adiuva</strong></span> <span class='ocrx_word' id='word_1_32' title='bbox 723 1085 983 1161; x_wconf 76' lang='lat' dir='ltr'><strong>imbecillitatem</strong></span> <span class='ocrx_word' id='word_1_33' title='bbox 1016 1113 1135 1183; x_wconf 91' lang='lat' dir='ltr'><strong>meam,</strong></span> <span class='ocrx_word' id='word_1_34' title='bbox 1170 1113 1231 1188; x_wconf 91' lang='lat' dir='ltr'><strong>per</strong></span> <span class='ocrx_word' id='word_1_35' title='bbox 1264 1094 1329 1167; x_wconf 91' lang='lat' dir='ltr'><strong>cle·</strong></span> 
     </span>
     <span class='ocr_line' id='line_1_7' title="bbox 64 1185 1359 1290; baseline 0.011 -36"><span class='ocrx_word' id='word_1_36' title='bbox 64 1185 210 1257; x_wconf 76' lang='lat' dir='ltr'><strong>mendam</strong></span> <span class='ocrx_word' id='word_1_37' title='bbox 244 1196 347 1278; x_wconf 89' lang='lat' dir='ltr'><strong>tuam,</strong></span> <span class='ocrx_word' id='word_1_38' title='bbox 382 1196 416 1258; x_wconf 86' lang='lat' dir='ltr'><strong>et</strong></span> <span class='ocrx_word' id='word_1_39' title='bbox 445 1210 507 1284; x_wconf 89' lang='lat' dir='ltr'><strong>per</strong></span> <span class='ocrx_word' id='word_1_40' title='bbox 533 1185 735 1259; x_wconf 89' lang='lat' dir='ltr'><strong>adiutorium</strong></span> <span class='ocrx_word' id='word_1_41' title='bbox 762 1189 888 1282; x_wconf 80' lang='lat' dir='ltr'><strong>gratiae</strong></span> <span class='ocrx_word' id='word_1_42' title='bbox 915 1199 1009 1262; x_wconf 90' lang='lat' dir='ltr'><strong>tuae:</strong></span> <span class='ocrx_word' id='word_1_43' title='bbox 1043 1216 1162 1288; x_wconf 92' lang='lat' dir='ltr'><strong>meque</strong></span> <span class='ocrx_word' id='word_1_44' title='bbox 1180 1193 1359 1290; x_wconf 80' lang='lat' dir='ltr'><strong>dignum</strong></span> 
     </span>
     <span class='ocr_line' id='line_1_8' title="bbox 64 1284 1328 1390; baseline 0.01 -33"><span class='ocrx_word' id='word_1_45' title='bbox 64 1284 106 1358; x_wconf 90' lang='lat' dir='ltr'><strong>lae</strong></span> <span class='ocrx_word' id='word_1_46' title='bbox 136 1284 298 1359; x_wconf 81' lang='lat' dir='ltr'><strong>offerendi</strong></span> <span class='ocrx_word' id='word_1_47' title='bbox 333 1311 445 1360; x_wconf 87' lang='lat' dir='ltr'><strong>eornm</strong></span> <span class='ocrx_word' id='word_1_48' title='bbox 480 1299 511 1360; x_wconf 92' lang='lat' dir='ltr'><strong>te</strong></span> <span class='ocrx_word' id='word_1_49' title='bbox 538 1288 739 1363; x_wconf 88' lang='lat' dir='ltr'><strong>oblationem</strong></span> <span class='ocrx_word' id='word_1_50' title='bbox 767 1291 864 1384; x_wconf 90' lang='lat' dir='ltr'><strong>banc,</strong></span> <span class='ocrx_word' id='word_1_51' title='bbox 901 1301 1058 1390; x_wconf 86' lang='lat' dir='ltr'><strong>tanquam</strong></span> <span class='ocrx_word' id='word_1_52' title='bbox 1084 1294 1125 1366; x_wconf 93' lang='lat' dir='ltr'><strong>ad</strong></span> <span class='ocrx_word' id='word_1_53' title='bbox 1153 1318 1328 1370; x_wconf 89' lang='lat' dir='ltr'><strong>commune</strong></span> 
     </span>
     <span class='ocr_line' id='line_1_9' title="bbox 10 1388 1330 1489; baseline 0.011 -33"><span class='ocrx_word' id='word_1_54' title='bbox 10 1398 12 1409; x_wconf 90' lang='lat'>&#39;</span> <span class='ocrx_word' id='word_1_55' title='bbox 64 1388 201 1461; x_wconf 90' lang='lat' dir='ltr'><strong>omnium</strong></span> <span class='ocrx_word' id='word_1_56' title='bbox 235 1388 408 1482; x_wconf 82' lang='lat' dir='ltr'><strong>auxilium,</strong></span> <span class='ocrx_word' id='word_1_57' title='bbox 443 1400 477 1461; x_wconf 91' lang='lat' dir='ltr'><strong>et</strong></span> <span class='ocrx_word' id='word_1_58' title='bbox 509 1389 549 1463; x_wconf 89' lang='lat' dir='ltr'><strong>ad</strong></span> <span class='ocrx_word' id='word_1_59' title='bbox 586 1391 717 1464; x_wconf 91' lang='lat' dir='ltr'><strong>laudem</strong></span> <span class='ocrx_word' id='word_1_60' title='bbox 750 1392 922 1467; x_wconf 74' lang='lat' dir='ltr'><strong>Trinitatis</strong></span> <span class='ocrx_word' id='word_1_61' title='bbox 958 1406 1033 1467; x_wconf 89' lang='lat' dir='ltr'><strong>tuae</strong></span> <span class='ocrx_word' id='word_1_62' title='bbox 1059 1395 1168 1489; x_wconf 89' lang='lat' dir='ltr'><strong>Pater,</strong></span> <span class='ocrx_word' id='word_1_63' title='bbox 1205 1397 1268 1470; x_wconf 84' lang='lat' dir='ltr'><strong>Fili</strong></span> <span class='ocrx_word' id='word_1_64' title='bbox 1295 1409 1330 1471; x_wconf 90' lang='lat' dir='ltr'><strong>et</strong></span> 
     </span>
     <span class='ocr_line' id='line_1_10' title="bbox 64 1487 1323 1591; baseline 0.01 -31"><span class='ocrx_word' id='word_1_65' title='bbox 64 1487 197 1585; x_wconf 75' lang='lat' dir='ltr'><strong>Spiritus</strong></span> <span class='ocrx_word' id='word_1_66' title='bbox 223 1501 348 1563; x_wconf 89' lang='lat' dir='ltr'><strong>sancte.</strong></span> <span class='ocrx_word' id='word_1_67' title='bbox 1319 1584 1323 1591; x_wconf 24' lang='lat'>¹</span> 
     </span>
    </p>
   </div>
   <div class='ocr_carea' id='block_1_5' title="bbox 163 1706 1229 1806">
    <p class='ocr_par' dir='ltr' id='par_1_5' title="bbox 163 1706 1229 1806">
     <span class='ocr_line' id='line_1_11' title="bbox 163 1706 1229 1806; baseline 0.008 -26"><span class='ocrx_word' id='word_1_68' title='bbox 163 1706 244 1780; x_wconf 80' lang='lat' dir='ltr'><strong>Alia</strong></span> <span class='ocrx_word' id='word_1_69' title='bbox 271 1706 391 1781; x_wconf 84' lang='lat' dir='ltr'><strong>Oratio</strong></span> <span class='ocrx_word' id='word_1_70' title='bbox 417 1734 502 1806; x_wconf 81' lang='lat' dir='ltr'><strong>quae</strong></span> <span class='ocrx_word' id='word_1_71' title='bbox 529 1710 657 1783; x_wconf 83' lang='lat' dir='ltr'><strong>dicitur</strong></span> <span class='ocrx_word' id='word_1_72' title='bbox 683 1711 783 1783; x_wconf 85' lang='lat' dir='ltr'><strong>etiam</strong></span> <span class='ocrx_word' id='word_1_73' title='bbox 808 1712 844 1783; x_wconf 86' lang='lat' dir='ltr'><strong>io</strong></span> <span class='ocrx_word' id='word_1_74' title='bbox 869 1709 1028 1806; x_wconf 76' lang='lat' dir='ltr'><strong>hitorpia</strong></span> <span class='ocrx_word' id='word_1_75' title='bbox 1053 1712 1229 1789; x_wconf 77' lang='lat' dir='ltr'><strong>Nestorii·</strong></span> 
     </span>
    </p>
   </div>
   <div class='ocr_carea' id='block_1_6' title="bbox 56 1870 1329 2687">
    <p class='ocr_par' dir='ltr' id='par_1_6' title="bbox 56 1870 1328 2269">
     <span class='ocr_line' id='line_1_12' title="bbox 126 1870 1327 1976; baseline 0.008 -28"><span class='ocrx_word' id='word_1_76' title='bbox 126 1875 270 1950; x_wconf 87' lang='lat' dir='ltr'><strong>Domine</strong></span> <span class='ocrx_word' id='word_1_77' title='bbox 304 1887 338 1950; x_wconf 90' lang='lat' dir='ltr'><strong>et</strong></span> <span class='ocrx_word' id='word_1_78' title='bbox 369 1870 460 1950; x_wconf 85' lang='lat' dir='ltr'><strong>Deus</strong></span> <span class='ocrx_word' id='word_1_79' title='bbox 493 1889 609 1951; x_wconf 89' lang='lat' dir='ltr'><strong>noster</strong></span> <span class='ocrx_word' id='word_1_80' title='bbox 643 1888 759 1952; x_wconf 78' lang='lat' dir='ltr'><strong>coerce</strong></span> <span class='ocrx_word' id='word_1_81' title='bbox 794 1879 1014 1976; x_wconf 82' lang='lat' dir='ltr'><strong>cogitationes</strong></span> <span class='ocrx_word' id='word_1_82' title='bbox 1048 1905 1151 1975; x_wconf 90' lang='lat' dir='ltr'><strong>meas,</strong></span> <span class='ocrx_word' id='word_1_83' title='bbox 1189 1895 1226 1955; x_wconf 93' lang='lat' dir='ltr'><strong>ut</strong></span> <span class='ocrx_word' id='word_1_84' title='bbox 1256 1909 1327 1958; x_wconf 77' lang='lat' dir='ltr'><strong>non</strong></span> 
     </span>
     <span class='ocr_line' id='line_1_13' title="bbox 56 1979 1328 2072; baseline 0.009 -24"><span class='ocrx_word' id='word_1_85' title='bbox 56 1990 233 2072; x_wconf 82' lang='lat' dir='ltr'><strong>evagentur</strong></span> <span class='ocrx_word' id='word_1_86' title='bbox 265 1979 300 2050; x_wconf 89' lang='lat' dir='ltr'><strong>in</strong></span> <span class='ocrx_word' id='word_1_87' title='bbox 326 1979 526 2053; x_wconf 80' lang='lat' dir='ltr'><strong>vanitatibus</strong></span> <span class='ocrx_word' id='word_1_88' title='bbox 553 1981 667 2053; x_wconf 91' lang='lat' dir='ltr'><strong>mundi</strong></span> <span class='ocrx_word' id='word_1_89' title='bbox 695 1981 806 2054; x_wconf 92' lang='lat' dir='ltr'><strong>buius.</strong></span> <span class='ocrx_word' id='word_1_90' title='bbox 857 1980 1001 2054; x_wconf 90' lang='lat' dir='ltr'><strong>Domine</strong></span> <span class='ocrx_word' id='word_1_91' title='bbox 1027 1982 1119 2054; x_wconf 90' lang='lat' dir='ltr'><strong>Deus</strong></span> <span class='ocrx_word' id='word_1_92' title='bbox 1144 1997 1260 2057; x_wconf 85' lang='lat' dir='ltr'><strong>noster</strong></span> <span class='ocrx_word' id='word_1_93' title='bbox 1287 1987 1328 2060; x_wconf 91' lang='lat' dir='ltr'><strong>dn</strong></span> 
     </span>
     <span class='ocr_line' id='line_1_14' title="bbox 61 2079 1327 2180; baseline 0.008 -30"><span class='ocrx_word' id='word_1_94' title='bbox 61 2079 133 2152; x_wconf 87' lang='lat' dir='ltr'><strong>nihi</strong></span> <span class='ocrx_word' id='word_1_95' title='bbox 165 2091 204 2154; x_wconf 94' lang='lat' dir='ltr'><strong>ut</strong></span> <span class='ocrx_word' id='word_1_96' title='bbox 236 2080 333 2153; x_wconf 89' lang='lat' dir='ltr'><strong>uniar</strong></span> <span class='ocrx_word' id='word_1_97' title='bbox 370 2081 539 2154; x_wconf 81' lang='lat' dir='ltr'><strong>dilectioni</strong></span> <span class='ocrx_word' id='word_1_98' title='bbox 574 2082 720 2154; x_wconf 88' lang='lat' dir='ltr'><strong>caritatis</strong></span> <span class='ocrx_word' id='word_1_99' title='bbox 755 2095 842 2174; x_wconf 90' lang='lat' dir='ltr'><strong>tuae,</strong></span> <span class='ocrx_word' id='word_1_100' title='bbox 878 2083 1026 2180; x_wconf 90' lang='lat' dir='ltr'><strong>quamvis</strong></span> <span class='ocrx_word' id='word_1_101' title='bbox 1060 2083 1218 2179; x_wconf 83' lang='lat' dir='ltr'><strong>indignus</strong></span> <span class='ocrx_word' id='word_1_102' title='bbox 1252 2089 1327 2159; x_wconf 90' lang='lat' dir='ltr'><strong>sim.</strong></span> 
     </span>
     <span class='ocr_line' id='line_1_15' title="bbox 61 2178 422 2269; baseline 0.008 -16"><span class='ocrx_word' id='word_1_103' title='bbox 61 2178 162 2269; x_wconf 80' lang='lat' dir='ltr'><strong>Gloria</strong></span> <span class='ocrx_word' id='word_1_104' title='bbox 190 2181 249 2254; x_wconf 91' lang='lat' dir='ltr'><strong>tibi</strong></span> <span class='ocrx_word' id='word_1_105' title='bbox 279 2181 422 2256; x_wconf 89' lang='lat' dir='ltr'><strong>Christe.</strong></span> 
     </span>
    </p>

    <p class='ocr_par' dir='ltr' id='par_1_7' title="bbox 58 2283 1329 2687">
     <span class='ocr_line' id='line_1_16' title="bbox 126 2283 1329 2382; baseline 0.003 -25"><span class='ocrx_word' id='word_1_106' title='bbox 126 2283 281 2357; x_wconf 80' lang='lat' dir='ltr'><strong>Ascende</strong></span> <span class='ocrx_word' id='word_1_107' title='bbox 307 2285 341 2355; x_wconf 90' lang='lat' dir='ltr'><strong>in</strong></span> <span class='ocrx_word' id='word_1_108' title='bbox 368 2283 548 2357; x_wconf 89' lang='lat' dir='ltr'><strong>thalamum</strong></span> <span class='ocrx_word' id='word_1_109' title='bbox 574 2284 710 2356; x_wconf 89' lang='lat' dir='ltr'><strong>luminis</strong></span> <span class='ocrx_word' id='word_1_110' title='bbox 736 2283 897 2382; x_wconf 88' lang='lat' dir='ltr'><strong>praeclari</strong></span> <span class='ocrx_word' id='word_1_111' title='bbox 926 2285 973 2358; x_wconf 87' lang='lat' dir='ltr'><strong>tui</strong></span> <span class='ocrx_word' id='word_1_112' title='bbox 999 2284 1159 2357; x_wconf 89' lang='lat' dir='ltr'><strong>Domine:</strong></span> <span class='ocrx_word' id='word_1_113' title='bbox 1201 2288 1329 2361; x_wconf 87' lang='lat' dir='ltr'><strong>semina</strong></span> 
     </span>
     <span class='ocr_line' id='line_1_17' title="bbox 59 2383 1328 2481; baseline 0.004 -24"><span class='ocrx_word' id='word_1_114' title='bbox 59 2383 166 2459; x_wconf 86' lang='lat' dir='ltr'><strong>inme</strong></span> <span class='ocrx_word' id='word_1_115' title='bbox 195 2410 310 2459; x_wconf 91' lang='lat' dir='ltr'><strong>semen</strong></span> <span class='ocrx_word' id='word_1_116' title='bbox 334 2385 467 2460; x_wconf 83' lang='lat' dir='ltr'><strong>honum</strong></span> <span class='ocrx_word' id='word_1_117' title='bbox 501 2386 717 2459; x_wconf 86' lang='lat' dir='ltr'><strong>humilitatis:</strong></span> <span class='ocrx_word' id='word_1_118' title='bbox 756 2396 790 2458; x_wconf 89' lang='lat' dir='ltr'><strong>et</strong></span> <span class='ocrx_word' id='word_1_119' title='bbox 821 2386 885 2459; x_wconf 90' lang='lat' dir='ltr'><strong>sub</strong></span> <span class='ocrx_word' id='word_1_120' title='bbox 912 2387 972 2458; x_wconf 89' lang='lat' dir='ltr'><strong>alis</strong></span> <span class='ocrx_word' id='word_1_121' title='bbox 1000 2387 1125 2481; x_wconf 80' lang='lat' dir='ltr'><strong>gratiae</strong></span> <span class='ocrx_word' id='word_1_122' title='bbox 1153 2399 1227 2461; x_wconf 87' lang='lat' dir='ltr'><strong>tuae</strong></span> <span class='ocrx_word' id='word_1_123' title='bbox 1254 2389 1328 2463; x_wconf 89' lang='lat' dir='ltr'><strong>abs·</strong></span> 
     </span>
     <span class='ocr_line' id='line_1_18' title="bbox 60 2487 1328 2585; baseline 0.006 -27"><span class='ocrx_word' id='word_1_124' title='bbox 60 2489 157 2559; x_wconf 86' lang='lat' dir='ltr'><strong>conde</strong></span> <span class='ocrx_word' id='word_1_125' title='bbox 191 2512 257 2580; x_wconf 86' lang='lat' dir='ltr'><strong>me,</strong></span> <span class='ocrx_word' id='word_1_126' title='bbox 295 2511 356 2585; x_wconf 87' lang='lat' dir='ltr'><strong>per</strong></span> <span class='ocrx_word' id='word_1_127' title='bbox 381 2488 645 2562; x_wconf 88' lang='lat' dir='ltr'><strong>misericordiam</strong></span> <span class='ocrx_word' id='word_1_128' title='bbox 672 2498 772 2560; x_wconf 85' lang='lat' dir='ltr'><strong>tunm.</strong></span> <span class='ocrx_word' id='word_1_129' title='bbox 815 2487 851 2559; x_wconf 88' lang='lat' dir='ltr'><strong>Si</strong></span> <span class='ocrx_word' id='word_1_130' title='bbox 880 2489 1072 2584; x_wconf 86' lang='lat' dir='ltr'><strong>iniquitates</strong></span> <span class='ocrx_word' id='word_1_131' title='bbox 1100 2488 1328 2566; x_wconf 88' lang='lat' dir='ltr'><strong>observaveris</strong></span> 
     </span>
     <span class='ocr_line' id='line_1_19' title="bbox 58 2587 1276 2687; baseline 0.005 -28"><span class='ocrx_word' id='word_1_132' title='bbox 58 2587 204 2683; x_wconf 89' lang='lat' dir='ltr'><strong>Domine,</strong></span> <span class='ocrx_word' id='word_1_133' title='bbox 232 2590 307 2687; x_wconf 89' lang='lat' dir='ltr'><strong>quis</strong></span> <span class='ocrx_word' id='word_1_134' title='bbox 333 2590 457 2687; x_wconf 88' lang='lat' dir='ltr'><strong>poterit</strong></span> <span class='ocrx_word' id='word_1_135' title='bbox 482 2590 689 2662; x_wconf 76' lang='lat' dir='ltr'><strong>consisteret</strong></span> <span class='ocrx_word' id='word_1_136' title='bbox 720 2590 796 2687; x_wconf 90' lang='lat' dir='ltr'><strong>quia</strong></span> <span class='ocrx_word' id='word_1_137' title='bbox 824 2590 910 2685; x_wconf 93' lang='lat' dir='ltr'><strong>apud</strong></span> <span class='ocrx_word' id='word_1_138' title='bbox 939 2599 970 2661; x_wconf 92' lang='lat' dir='ltr'><strong>te</strong></span> <span class='ocrx_word' id='word_1_139' title='bbox 996 2591 1186 2687; x_wconf 85' lang='lat' dir='ltr'><strong>propitiatio</strong></span> <span class='ocrx_word' id='word_1_140' title='bbox 1215 2603 1276 2665; x_wconf 91' lang='lat' dir='ltr'><strong>est.</strong></span> 
     </span>
    </p>
   </div>
   <div class='ocr_carea' id='block_1_7' title="bbox 144 2806 1227 2883">
    <p class='ocr_par' dir='ltr' id='par_1_8' title="bbox 144 2806 1227 2883">
     <span class='ocr_line' id='line_1_20' title="bbox 144 2806 1227 2883; baseline 0 -2"><span class='ocrx_word' id='word_1_141' title='bbox 144 2807 185 2881; x_wconf 85' lang='lat' dir='ltr'><strong>la</strong></span> <span class='ocrx_word' id='word_1_142' title='bbox 211 2809 279 2882; x_wconf 86' lang='lat' dir='ltr'><strong>alio</strong></span> <span class='ocrx_word' id='word_1_143' title='bbox 308 2807 427 2883; x_wconf 81' lang='lat' dir='ltr'><strong>Codice</strong></span> <span class='ocrx_word' id='word_1_144' title='bbox 454 2808 621 2882; x_wconf 83' lang='lat' dir='ltr'><strong>Sacerdos</strong></span> <span class='ocrx_word' id='word_1_145' title='bbox 648 2808 730 2879; x_wconf 84' lang='lat' dir='ltr'><strong>dicit</strong></span> <span class='ocrx_word' id='word_1_146' title='bbox 741 2806 841 2879; x_wconf 66' lang='lat' dir='ltr'><strong>“hooc</strong></span> <span class='ocrx_word' id='word_1_147' title='bbox 870 2806 1063 2882; x_wconf 83' lang='lat' dir='ltr'><strong>Orationem</strong></span> <span class='ocrx_word' id='word_1_148' title='bbox 1089 2821 1227 2883; x_wconf 84' lang='lat' dir='ltr'><strong>secreto.</strong></span> 
     </span>
    </p>
   </div>
   <div class='ocr_carea' id='block_1_8' title="bbox 55 2950 1327 3465">
    <p class='ocr_par' dir='ltr' id='par_1_9' title="bbox 55 2950 1327 3465">
     <span class='ocr_line' id='line_1_21' title="bbox 75 2950 1327 3057; baseline 0.003 -25"><span class='ocrx_word' id='word_1_149' title='bbox 75 2950 80 2958; x_wconf 49' lang='lat'><strong>⁴</strong></span> <span class='ocrx_word' id='word_1_150' title='bbox 127 2961 231 3033; x_wconf 86' lang='lat' dir='ltr'><strong>hlaler</strong></span> <span class='ocrx_word' id='word_1_151' title='bbox 257 2960 391 3034; x_wconf 88' lang='lat' dir='ltr'><strong>Domini</strong></span> <span class='ocrx_word' id='word_1_152' title='bbox 428 2962 532 3033; x_wconf 87' lang='lat' dir='ltr'><strong>nostri</strong></span> <span class='ocrx_word' id='word_1_153' title='bbox 560 2960 635 3032; x_wconf 91' lang='lat' dir='ltr'><strong>lesu</strong></span> <span class='ocrx_word' id='word_1_154' title='bbox 663 2959 798 3050; x_wconf 86' lang='lat' dir='ltr'><strong>Christi,</strong></span> <span class='ocrx_word' id='word_1_155' title='bbox 833 2959 1011 3055; x_wconf 89' lang='lat' dir='ltr'><strong>deprecare</strong></span> <span class='ocrx_word' id='word_1_156' title='bbox 1038 2986 1098 3057; x_wconf 92' lang='lat' dir='ltr'><strong>pro</strong></span> <span class='ocrx_word' id='word_1_157' title='bbox 1126 2985 1178 3032; x_wconf 93' lang='lat' dir='ltr'><strong>me</strong></span> <span class='ocrx_word' id='word_1_158' title='bbox 1205 2962 1327 3037; x_wconf 86' lang='lat' dir='ltr'><strong>Filium</strong></span> 
     </span>
     <span class='ocr_line' id='line_1_22' title="bbox 55 3061 1327 3160; baseline 0.003 -27"><span class='ocrx_word' id='word_1_159' title='bbox 55 3063 261 3157; x_wconf 80' lang='lat' dir='ltr'><strong>unigenitum</strong></span> <span class='ocrx_word' id='word_1_160' title='bbox 289 3064 345 3160; x_wconf 87' lang='lat' dir='ltr'><strong>qui</strong></span> <span class='ocrx_word' id='word_1_161' title='bbox 374 3088 414 3135; x_wconf 84' lang='lat' dir='ltr'><strong>ex</strong></span> <span class='ocrx_word' id='word_1_162' title='bbox 441 3074 473 3135; x_wconf 92' lang='lat' dir='ltr'><strong>te</strong></span> <span class='ocrx_word' id='word_1_163' title='bbox 500 3072 686 3153; x_wconf 87' lang='lat' dir='ltr'><strong>natusest,</strong></span> <span class='ocrx_word' id='word_1_164' title='bbox 715 3072 751 3133; x_wconf 92' lang='lat' dir='ltr'><strong>ut</strong></span> <span class='ocrx_word' id='word_1_165' title='bbox 776 3061 923 3132; x_wconf 87' lang='lat' dir='ltr'><strong>remittat</strong></span> <span class='ocrx_word' id='word_1_166' title='bbox 941 3061 1021 3133; x_wconf 88' lang='lat' dir='ltr'><strong>milri</strong></span> <span class='ocrx_word' id='word_1_167' title='bbox 1041 3062 1171 3154; x_wconf 86' lang='lat' dir='ltr'><strong>delicte,</strong></span> <span class='ocrx_word' id='word_1_168' title='bbox 1200 3074 1233 3134; x_wconf 90' lang='lat' dir='ltr'><strong>et</strong></span> <span class='ocrx_word' id='word_1_169' title='bbox 1250 3088 1327 3160; x_wconf 91' lang='lat' dir='ltr'><strong>pee-</strong></span> 
     </span>
     <span class='ocr_line' id='line_1_23' title="bbox 56 3163 1327 3261; baseline 0.004 -26"><span class='ocrx_word' id='word_1_170' title='bbox 56 3176 125 3236; x_wconf 83' lang='lat' dir='ltr'><strong>cata</strong></span> <span class='ocrx_word' id='word_1_171' title='bbox 150 3188 235 3257; x_wconf 90' lang='lat' dir='ltr'><strong>mea,</strong></span> <span class='ocrx_word' id='word_1_172' title='bbox 263 3175 297 3236; x_wconf 92' lang='lat' dir='ltr'><strong>et</strong></span> <span class='ocrx_word' id='word_1_173' title='bbox 322 3166 482 3261; x_wconf 89' lang='lat' dir='ltr'><strong>suscipiat</strong></span> <span class='ocrx_word' id='word_1_174' title='bbox 510 3190 548 3236; x_wconf 80' lang='lat' dir='ltr'><strong>eu</strong></span> <span class='ocrx_word' id='word_1_175' title='bbox 575 3163 729 3236; x_wconf 88' lang='lat' dir='ltr'><strong>manibus</strong></span> <span class='ocrx_word' id='word_1_176' title='bbox 756 3164 840 3235; x_wconf 91' lang='lat' dir='ltr'><strong>meis</strong></span> <span class='ocrx_word' id='word_1_177' title='bbox 867 3163 1008 3236; x_wconf 87' lang='lat' dir='ltr'><strong>infirmis</strong></span> <span class='ocrx_word' id='word_1_178' title='bbox 1037 3175 1071 3234; x_wconf 89' lang='lat' dir='ltr'><strong>et</strong></span> <span class='ocrx_word' id='word_1_179' title='bbox 1085 3165 1327 3261; x_wconf 89' lang='lat' dir='ltr'><strong>peccatricibus</strong></span> 
     </span>
     <span class='ocr_line' id='line_1_24' title="bbox 55 3264 1327 3363; baseline 0.002 -26"><span class='ocrx_word' id='word_1_180' title='bbox 55 3267 252 3338; x_wconf 82' lang='lat' dir='ltr'><strong>sacrificium</strong></span> <span class='ocrx_word' id='word_1_181' title='bbox 286 3266 351 3338; x_wconf 90' lang='lat' dir='ltr'><strong>hoe</strong></span> <span class='ocrx_word' id='word_1_182' title='bbox 387 3267 475 3363; x_wconf 90' lang='lat' dir='ltr'><strong>quod</strong></span> <span class='ocrx_word' id='word_1_183' title='bbox 512 3267 608 3337; x_wconf 85' lang='lat' dir='ltr'><strong>ollert</strong></span> <span class='ocrx_word' id='word_1_184' title='bbox 640 3264 848 3337; x_wconf 88' lang='lat' dir='ltr'><strong>imbecillitas</strong></span> <span class='ocrx_word' id='word_1_185' title='bbox 876 3289 960 3357; x_wconf 89' lang='lat' dir='ltr'><strong>mea,</strong></span> <span class='ocrx_word' id='word_1_186' title='bbox 995 3290 1096 3362; x_wconf 90' lang='lat' dir='ltr'><strong>super</strong></span> <span class='ocrx_word' id='word_1_187' title='bbox 1122 3267 1187 3353; x_wconf 83' lang='lat' dir='ltr'><strong>hoc</strong></span> <span class='ocrx_word' id='word_1_188' title='bbox 1213 3268 1327 3361; x_wconf 86' lang='lat' dir='ltr'><strong>altare,</strong></span> 
     </span>
     <span class='ocr_line' id='line_1_25' title="bbox 55 3354 1174 3465; baseline -0.001 -25"><span class='ocrx_word' id='word_1_189' title='bbox 55 3391 112 3465; x_wconf 89' lang='lat' dir='ltr'><strong>per</strong></span> <span class='ocrx_word' id='word_1_190' title='bbox 137 3368 412 3441; x_wconf 89' lang='lat' dir='ltr'><strong>intercessionem</strong></span> <span class='ocrx_word' id='word_1_191' title='bbox 440 3379 530 3440; x_wconf 89' lang='lat' dir='ltr'><strong>tuam</strong></span> <span class='ocrx_word' id='word_1_192' title='bbox 556 3392 616 3464; x_wconf 88' lang='lat' dir='ltr'><strong>pro</strong></span> <span class='ocrx_word' id='word_1_193' title='bbox 644 3391 709 3457; x_wconf 90' lang='lat' dir='ltr'><strong>me,</strong></span> <span class='ocrx_word' id='word_1_194' title='bbox 736 3365 840 3437; x_wconf 85' lang='lat' dir='ltr'><strong>Mater</strong></span> <span class='ocrx_word' id='word_1_195' title='bbox 866 3379 988 3439; x_wconf 89' lang='lat' dir='ltr'><strong>sancta.</strong></span> <span class='ocrx_word' id='word_1_196' title='bbox 1143 3354 1174 3383; x_wconf 75' lang='lat'><strong>&#39;&#39;</strong></span> 
     </span>
    </p>
   </div>
   <div class='ocr_carea' id='block_1_9' title="bbox 128 3517 1327 3610">
    <p class='ocr_par' dir='ltr' id='par_1_10' title="bbox 128 3517 1327 3610">
     <span class='ocr_line' id='line_1_26' title="bbox 128 3517 1327 3610; baseline -0.002 -18"><span class='ocrx_word' id='word_1_197' title='bbox 128 3520 181 3593; x_wconf 88' lang='lat' dir='ltr'><strong>Xl.</strong></span> <span class='ocrx_word' id='word_1_198' title='bbox 211 3521 294 3593; x_wconf 66' lang='lat' dir='ltr'><strong>&amp;tm</strong></span> <span class='ocrx_word' id='word_1_199' title='bbox 320 3521 446 3593; x_wconf 77' lang='lat' dir='ltr'><strong>dicerit</strong></span> <span class='ocrx_word' id='word_1_200' title='bbox 472 3519 653 3592; x_wconf 79' lang='lat' dir='ltr'><strong>Diaconos.</strong></span> <span class='ocrx_word' id='word_1_201' title='bbox 687 3517 872 3610; x_wconf 83' lang='lat' dir='ltr'><strong>Vigilanter</strong></span> <span class='ocrx_word' id='word_1_202' title='bbox 898 3529 1084 3610; x_wconf 76' lang='lat' dir='ltr'><strong>manente,</strong></span> <span class='ocrx_word' id='word_1_203' title='bbox 1113 3520 1227 3603; x_wconf 79' lang='lat' dir='ltr'><strong>statim</strong></span> <span class='ocrx_word' id='word_1_204' title='bbox 1245 3542 1327 3590; x_wconf 83' lang='lat' dir='ltr'><strong>enr-</strong></span> 
     </span>
    </p>
   </div>
   <div class='ocr_carea' id='block_1_10' title="bbox 55 3786 1344 4450">
    <p class='ocr_par' dir='ltr' id='par_1_11' title="bbox 55 3786 1344 4361">
     <span class='ocr_line' id='line_1_27' title="bbox 58 3786 1328 3856; baseline 0 -18"><span class='ocrx_word' id='word_1_205' title='bbox 58 3790 80 3839; x_wconf 90' lang='lat' dir='ltr'><strong>in</strong></span> <span class='ocrx_word' id='word_1_206' title='bbox 97 3806 142 3855; x_wconf 82' lang='lat' dir='ltr'><strong>qua</strong></span> <span class='ocrx_word' id='word_1_207' title='bbox 160 3793 289 3842; x_wconf 84' lang='lat' dir='ltr'><strong>universim</strong></span> <span class='ocrx_word' id='word_1_208' title='bbox 316 3806 361 3856; x_wconf 93' lang='lat' dir='ltr'><strong>pro</strong></span> <span class='ocrx_word' id='word_1_209' title='bbox 380 3791 492 3841; x_wconf 85' lang='lat' dir='ltr'><strong>omnibns</strong></span> <span class='ocrx_word' id='word_1_210' title='bbox 510 3790 621 3854; x_wconf 87' lang='lat' dir='ltr'><strong>personis</strong></span> <span class='ocrx_word' id='word_1_211' title='bbox 640 3797 663 3838; x_wconf 90' lang='lat' dir='ltr'><strong>et</strong></span> <span class='ocrx_word' id='word_1_212' title='bbox 682 3788 753 3838; x_wconf 82' lang='lat' dir='ltr'><strong>rebus</strong></span> <span class='ocrx_word' id='word_1_213' title='bbox 772 3802 858 3852; x_wconf 87' lang='lat' dir='ltr'><strong>preces</strong></span> <span class='ocrx_word' id='word_1_214' title='bbox 876 3786 905 3836; x_wconf 86' lang='lat' dir='ltr'><strong>od</strong></span> <span class='ocrx_word' id='word_1_215' title='bbox 924 3786 998 3836; x_wconf 90' lang='lat' dir='ltr'><strong>Deum</strong></span> <span class='ocrx_word' id='word_1_216' title='bbox 1017 3787 1085 3835; x_wconf 84' lang='lat' dir='ltr'><strong>liunt.</strong></span> <span class='ocrx_word' id='word_1_217' title='bbox 1120 3787 1154 3835; x_wconf 87' lang='lat' dir='ltr'><strong>lta</strong></span> <span class='ocrx_word' id='word_1_218' title='bbox 1174 3795 1251 3835; x_wconf 88' lang='lat' dir='ltr'><strong>entem</strong></span> <span class='ocrx_word' id='word_1_219' title='bbox 1271 3802 1328 3852; x_wconf 91' lang='lat' dir='ltr'><strong>per·</strong></span> 
     </span>
     <span class='ocr_line' id='line_1_28' title="bbox 58 3871 1328 3937; baseline -0.003 -13"><span class='ocrx_word' id='word_1_220' title='bbox 58 3876 153 3925; x_wconf 81' lang='lat' dir='ltr'><strong>heienda</strong></span> <span class='ocrx_word' id='word_1_221' title='bbox 172 3884 208 3926; x_wconf 83' lang='lat' dir='ltr'><strong>est</strong></span> <span class='ocrx_word' id='word_1_222' title='bbox 225 3877 267 3926; x_wconf 86' lang='lat' dir='ltr'><strong>illa</strong></span> <span class='ocrx_word' id='word_1_223' title='bbox 285 3877 373 3937; x_wconf 86' lang='lat' dir='ltr'><strong>oratio,</strong></span> <span class='ocrx_word' id='word_1_224' title='bbox 392 3890 419 3926; x_wconf 82' lang='lat' dir='ltr'><strong>ex</strong></span> <span class='ocrx_word' id='word_1_225' title='bbox 438 3875 508 3924; x_wconf 86' lang='lat' dir='ltr'><strong>bliseo</strong></span> <span class='ocrx_word' id='word_1_226' title='bbox 528 3874 678 3932; x_wconf 71' lang='lat' dir='ltr'><strong>delabentes,</strong></span> <span class='ocrx_word' id='word_1_227' title='bbox 697 3874 743 3922; x_wconf 86' lang='lat' dir='ltr'><strong>Pro</strong></span> <span class='ocrx_word' id='word_1_228' title='bbox 763 3871 874 3922; x_wconf 84' lang='lat' dir='ltr'><strong>omnibns</strong></span> <span class='ocrx_word' id='word_1_229' title='bbox 894 3871 1047 3930; x_wconf 84' lang='lat' dir='ltr'><strong>Patriovcbis,</strong></span> <span class='ocrx_word' id='word_1_230' title='bbox 1071 3871 1207 3934; x_wconf 81' lang='lat' dir='ltr'><strong>Episcopis,</strong></span> <span class='ocrx_word' id='word_1_231' title='bbox 1226 3872 1328 3937; x_wconf 66' lang='lat' dir='ltr'><strong>Presby-</strong></span> 
     </span>
     <span class='ocr_line' id='line_1_29' title="bbox 58 3955 1329 4029; baseline -0.001 -21"><span class='ocrx_word' id='word_1_232' title='bbox 58 3962 113 4010; x_wconf 84' lang='lat' dir='ltr'><strong>teris</strong></span> <span class='ocrx_word' id='word_1_233' title='bbox 130 3968 152 4010; x_wconf 89' lang='lat' dir='ltr'><strong>et</strong></span> <span class='ocrx_word' id='word_1_234' title='bbox 170 3962 294 4021; x_wconf 77' lang='lat' dir='ltr'><strong>Distento,</strong></span> <span class='ocrx_word' id='word_1_235' title='bbox 312 3968 337 4010; x_wconf 91' lang='lat' dir='ltr'><strong>et</strong></span> <span class='ocrx_word' id='word_1_236' title='bbox 353 3974 398 4025; x_wconf 84' lang='lat' dir='ltr'><strong>pro</strong></span> <span class='ocrx_word' id='word_1_237' title='bbox 417 3960 455 4010; x_wconf 84' lang='lat' dir='ltr'><strong>his</strong></span> <span class='ocrx_word' id='word_1_238' title='bbox 473 3961 513 4025; x_wconf 88' lang='lat' dir='ltr'><strong>qni</strong></span> <span class='ocrx_word' id='word_1_239' title='bbox 532 3959 576 4007; x_wconf 85' lang='lat' dir='ltr'><strong>vita</strong></span> <span class='ocrx_word' id='word_1_240' title='bbox 597 3957 669 4006; x_wconf 84' lang='lat' dir='ltr'><strong>iuncti</strong></span> <span class='ocrx_word' id='word_1_241' title='bbox 689 3971 716 4007; x_wconf 81' lang='lat' dir='ltr'><strong>er</strong></span> <span class='ocrx_word' id='word_1_242' title='bbox 735 3958 779 4007; x_wconf 86' lang='lat' dir='ltr'><strong>hac</strong></span> <span class='ocrx_word' id='word_1_243' title='bbox 796 3956 919 4005; x_wconf 82' lang='lat' dir='ltr'><strong>Ecclesiae</strong></span> <span class='ocrx_word' id='word_1_244' title='bbox 937 3955 1123 4018; x_wconf 73' lang='lat' dir='ltr'><strong>congregatione</strong></span> <span class='ocrx_word' id='word_1_245' title='bbox 1141 3955 1264 4029; x_wconf 65' lang='lat' dir='ltr'><strong>exierunt}</strong></span> <span class='ocrx_word' id='word_1_246' title='bbox 1290 3956 1329 4017; x_wconf 70' lang='lat' dir='ltr'><strong>(St</strong></span> 
     </span>
     <span class='ocr_line' id='line_1_30' title="bbox 56 4040 1344 4111; baseline -0.002 -17"><span class='ocrx_word' id='word_1_247' title='bbox 56 4060 98 4109; x_wconf 86' lang='lat' dir='ltr'><strong>pro</strong></span> <span class='ocrx_word' id='word_1_248' title='bbox 116 4044 259 4096; x_wconf 76' lang='lat' dir='ltr'><strong>beatissimo</strong></span> <span class='ocrx_word' id='word_1_249' title='bbox 278 4045 342 4109; x_wconf 80' lang='lat' dir='ltr'><strong>Papa</strong></span> <span class='ocrx_word' id='word_1_250' title='bbox 361 4046 454 4104; x_wconf 80' lang='lat' dir='ltr'><strong>nostro)</strong></span> <span class='ocrx_word' id='word_1_251' title='bbox 478 4059 539 4109; x_wconf 84' lang='lat' dir='ltr'><strong>qnae</strong></span> <span class='ocrx_word' id='word_1_252' title='bbox 564 4042 653 4092; x_wconf 83' lang='lat' dir='ltr'><strong>additio</strong></span> <span class='ocrx_word' id='word_1_253' title='bbox 677 4050 714 4090; x_wconf 89' lang='lat' dir='ltr'><strong>est</strong></span> <span class='ocrx_word' id='word_1_254' title='bbox 731 4056 744 4090; x_wconf 86' lang='lat' dir='ltr'><strong>a</strong></span> <span class='ocrx_word' id='word_1_255' title='bbox 763 4041 884 4090; x_wconf 83' lang='lat' dir='ltr'><strong>Lusitanis</strong></span> <span class='ocrx_word' id='word_1_256' title='bbox 908 4041 984 4089; x_wconf 86' lang='lat' dir='ltr'><strong>lacta:</strong></span> <span class='ocrx_word' id='word_1_257' title='bbox 1008 4054 1102 4104; x_wconf 84' lang='lat' dir='ltr'><strong>proque</strong></span> <span class='ocrx_word' id='word_1_258' title='bbox 1126 4040 1209 4088; x_wconf 89' lang='lat' dir='ltr'><strong>mundi</strong></span> <span class='ocrx_word' id='word_1_259' title='bbox 1228 4052 1288 4103; x_wconf 86' lang='lat' dir='ltr'><strong>pace</strong></span> <span class='ocrx_word' id='word_1_260' title='bbox 1304 4048 1344 4111; x_wconf 33' lang='lat' dir='ltr'><strong>el·</strong></span> 
     </span>
     <span class='ocr_line' id='line_1_31' title="bbox 58 4124 1335 4193; baseline -0.005 -15"><span class='ocrx_word' id='word_1_261' title='bbox 58 4131 109 4179; x_wconf 84' lang='lat' dir='ltr'><strong>anni</strong></span> <span class='ocrx_word' id='word_1_262' title='bbox 127 4144 226 4191; x_wconf 78' lang='lat' dir='ltr'><strong>menna,</strong></span> <span class='ocrx_word' id='word_1_263' title='bbox 246 4138 272 4181; x_wconf 93' lang='lat' dir='ltr'><strong>nt</strong></span> <span class='ocrx_word' id='word_1_264' title='bbox 289 4130 383 4180; x_wconf 86' lang='lat' dir='ltr'><strong>seilicet</strong></span> <span class='ocrx_word' id='word_1_265' title='bbox 395 4129 551 4179; x_wconf 85' lang='lat' dir='ltr'><strong>benedicetur</strong></span> <span class='ocrx_word' id='word_1_266' title='bbox 569 4135 592 4177; x_wconf 93' lang='lat' dir='ltr'><strong>et</strong></span> <span class='ocrx_word' id='word_1_267' title='bbox 611 4126 776 4176; x_wconf 81' lang='lat' dir='ltr'><strong>misericordie</strong></span> <span class='ocrx_word' id='word_1_268' title='bbox 794 4125 1026 4189; x_wconf 85' lang='lat' dir='ltr'><strong>ton-adimpleatur:</strong></span> <span class='ocrx_word' id='word_1_269' title='bbox 1044 4140 1088 4189; x_wconf 86' lang='lat' dir='ltr'><strong>pro</strong></span> <span class='ocrx_word' id='word_1_270' title='bbox 1107 4125 1186 4173; x_wconf 87' lang='lat' dir='ltr'><strong>omnis</strong></span> <span class='ocrx_word' id='word_1_271' title='bbox 1199 4125 1272 4173; x_wconf 83' lang='lat' dir='ltr'><strong>etiam</strong></span> <span class='ocrx_word' id='word_1_272' title='bbox 1283 4124 1335 4193; x_wconf 67' lang='grc' dir='ltr'><strong>Ειτ-ι</strong></span> 
     </span>
     <span class='ocr_line' id='line_1_32' title="bbox 57 4211 1329 4280; baseline -0.006 -16"><span class='ocrx_word' id='word_1_273' title='bbox 57 4214 142 4266; x_wconf 80' lang='lat' dir='ltr'><strong>etesiae</strong></span> <span class='ocrx_word' id='word_1_274' title='bbox 165 4217 275 4280; x_wconf 72' lang='lat' dir='ltr'><strong>germine</strong></span> <span class='ocrx_word' id='word_1_275' title='bbox 294 4215 359 4280; x_wconf 82' lang='lat' dir='ltr'><strong>quod</strong></span> <span class='ocrx_word' id='word_1_276' title='bbox 377 4216 473 4277; x_wconf 74' lang='lat' dir='ltr'><strong>dignum</strong></span> <span class='ocrx_word' id='word_1_277' title='bbox 493 4214 620 4278; x_wconf 84' lang='lat' dir='ltr'><strong>reperitur,</strong></span> <span class='ocrx_word' id='word_1_278' title='bbox 644 4211 790 4261; x_wconf 86' lang='lat' dir='ltr'><strong>oblationem</strong></span> <span class='ocrx_word' id='word_1_279' title='bbox 809 4211 871 4260; x_wconf 87' lang='lat' dir='ltr'><strong>hane</strong></span> <span class='ocrx_word' id='word_1_280' title='bbox 888 4224 949 4275; x_wconf 86' lang='lat' dir='ltr'><strong>quae</strong></span> <span class='ocrx_word' id='word_1_281' title='bbox 967 4211 990 4259; x_wconf 86' lang='lat' dir='ltr'><strong>in</strong></span> <span class='ocrx_word' id='word_1_282' title='bbox 1009 4216 1140 4273; x_wconf 84' lang='lat' dir='ltr'><strong>conspectu</strong></span> <span class='ocrx_word' id='word_1_283' title='bbox 1158 4216 1200 4258; x_wconf 89' lang='lat' dir='ltr'><strong>too</strong></span> <span class='ocrx_word' id='word_1_284' title='bbox 1219 4214 1256 4258; x_wconf 84' lang='lat' dir='ltr'><strong>est</strong></span> <span class='ocrx_word' id='word_1_285' title='bbox 1273 4221 1329 4257; x_wconf 85' lang='lat' dir='ltr'><strong>sns-</strong></span> 
     </span>
     <span class='ocr_line' id='line_1_33' title="bbox 55 4302 180 4361; baseline 0.008 -11"><span class='ocrx_word' id='word_1_286' title='bbox 55 4302 74 4350; x_wconf 88' lang='lat' dir='ltr'><strong>ei</strong></span> <span class='ocrx_word' id='word_1_287' title='bbox 92 4316 114 4361; x_wconf 86' lang='lat' dir='ltr'><strong>e,</strong></span> <span class='ocrx_word' id='word_1_288' title='bbox 133 4309 180 4351; x_wconf 89' lang='lat' dir='ltr'><strong>etc.</strong></span> 
     </span>
    </p>

    <p class='ocr_par' dir='ltr' id='par_1_12' title="bbox 76 4316 1329 4450">
     <span class='ocr_line' id='line_1_34' title="bbox 76 4316 1329 4450; baseline -0.008 -15"><span class='ocrx_word' id='word_1_289' title='bbox 76 4316 91 4366; x_wconf 67' lang='grc' dir='ltr'>Ρ</span> <span class='ocrx_word' id='word_1_290' title='bbox 137 4387 195 4450; x_wconf 85' lang='lat' dir='ltr'><strong>Cap.</strong></span> <span class='ocrx_word' id='word_1_291' title='bbox 217 4386 255 4435; x_wconf 78' lang='lat' dir='ltr'><strong>tt.</strong></span> <span class='ocrx_word' id='word_1_292' title='bbox 291 4383 503 4433; x_wconf 85' lang='lat' dir='ltr'><strong>Dennldotins</strong></span> <span class='ocrx_word' id='word_1_293' title='bbox 529 4383 543 4432; x_wconf 92' lang='lat' dir='ltr'><strong>l.</strong></span> <span class='ocrx_word' id='word_1_294' title='bbox 562 4399 582 4432; x_wconf 90' lang='lat' dir='ltr'><strong>c.</strong></span> <span class='ocrx_word' id='word_1_295' title='bbox 606 4398 629 4446; x_wconf 93' lang='lat' dir='ltr'><strong>p.</strong></span> <span class='ocrx_word' id='word_1_296' title='bbox 647 4381 696 4431; x_wconf 83' lang='grc'><strong>598</strong></span> <span class='ocrx_word' id='word_1_297' title='bbox 708 4395 759 4445; x_wconf 76' lang='lat' dir='ltr'><strong>erp:</strong></span> <span class='ocrx_word' id='word_1_298' title='bbox 792 4379 911 4439; x_wconf 82' lang='lat' dir='ltr'><strong>Petamus,</strong></span> <span class='ocrx_word' id='word_1_299' title='bbox 939 4380 1095 4428; x_wconf 78' lang='lat' dir='ltr'><strong>conliteamur</strong></span> <span class='ocrx_word' id='word_1_300' title='bbox 1122 4385 1146 4427; x_wconf 87' lang='lat' dir='ltr'><strong>et</strong></span> <span class='ocrx_word' id='word_1_301' title='bbox 1171 4379 1329 4429; x_wconf 77' lang='lat' dir='ltr'><strong>obsecremus</strong></span> 
     </span>
    </p>
   </div>
   <div class='ocr_carea' id='block_1_11' title="bbox 54 4455 1342 4603">
    <p class='ocr_par' dir='ltr' id='par_1_13' title="bbox 54 4455 1342 4603">
     <span class='ocr_line' id='line_1_35' title="bbox 54 4455 1331 4589; baseline -0.006 -71"><span class='ocrx_word' id='word_1_302' title='bbox 54 4484 139 4520; x_wconf 84' lang='lat' dir='ltr'><strong>omnes</strong></span> <span class='ocrx_word' id='word_1_303' title='bbox 157 4470 182 4519; x_wconf 89' lang='lat' dir='ltr'><strong>iu</strong></span> <span class='ocrx_word' id='word_1_304' title='bbox 200 4470 276 4519; x_wconf 84' lang='lat' dir='ltr'><strong>choro</strong></span> <span class='ocrx_word' id='word_1_305' title='bbox 295 4469 435 4519; x_wconf 88' lang='lat' dir='ltr'><strong>Dominum:</strong></span> <span class='ocrx_word' id='word_1_306' title='bbox 455 4476 516 4517; x_wconf 87' lang='lat' dir='ltr'><strong>state</strong></span> <span class='ocrx_word' id='word_1_307' title='bbox 534 4483 594 4532; x_wconf 88' lang='lat' dir='ltr'><strong>pure</strong></span> <span class='ocrx_word' id='word_1_308' title='bbox 611 4475 635 4517; x_wconf 90' lang='lat' dir='ltr'><strong>et</strong></span> <span class='ocrx_word' id='word_1_309' title='bbox 653 4466 768 4516; x_wconf 83' lang='lat' dir='ltr'><strong>attendite</strong></span> <span class='ocrx_word' id='word_1_310' title='bbox 785 4466 822 4514; x_wconf 88' lang='lat' dir='ltr'><strong>his</strong></span> <span class='ocrx_word' id='word_1_311' title='bbox 841 4479 902 4530; x_wconf 85' lang='lat' dir='ltr'><strong>quae</strong></span> <span class='ocrx_word' id='word_1_312' title='bbox 920 4471 1038 4526; x_wconf 60' lang='lat' dir='ltr'><strong>aguntum</strong></span> <span class='ocrx_word' id='word_1_313' title='bbox 1060 4455 1193 4513; x_wconf 85' lang='lat' dir='ltr'><strong>tremendis</strong></span> <span class='ocrx_word' id='word_1_314' title='bbox 1212 4462 1331 4589; x_wconf 67' lang='lat' dir='ltr'><strong>appeteris</strong></span> 
     </span>
     <span class='ocr_line' id='line_1_36' title="bbox 84 4544 1342 4603; baseline -0.005 -2"><span class='ocrx_word' id='word_1_315' title='bbox 84 4559 119 4603; x_wconf 87' lang='lat' dir='ltr'><strong>vv.</strong></span> <span class='ocrx_word' id='word_1_316' title='bbox 1096 4544 1130 4597; x_wconf 79' lang='lat' dir='ltr'><strong>tt</strong></span> <span class='ocrx_word' id='word_1_317' title='bbox 1215 4546 1220 4557; x_wconf 88' lang='grc'><strong>“</strong></span> <span class='ocrx_word' id='word_1_318' title='bbox 1341 4547 1342 4550; x_wconf 74' lang='grc'>’</span> 
     </span>
    </p>
   </div>
   <div class='ocr_carea' id='block_1_12' title="bbox 0 0 1526 4912">
    <p class='ocr_par' dir='ltr' id='par_1_14' title="bbox 0 0 1526 4912">
     <span class='ocr_line' id='line_1_37' title="bbox 0 0 1526 4912; baseline 0 5"><span class='ocrx_word' id='word_1_319' title='bbox 0 0 1526 4912; x_wconf 95' lang='lat' dir='ltr'><strong> </strong></span> 
     </span>
    </p>
   </div>
  </div>
 </body>
</html>
