3044 4912
720 262 793 337 586

121 456 256 505 orationem
279 451 434 503 invocationis
451 450 555 517 Spiritus
571 451 661 511 Sancti,
684 451 782 501 tradunt
804 448 915 500 baculum
934 458 979 499 ete.
1013 448 1043 499 m
1066 448 1206 499 Patriurelaa
1229 448 1299 497 lltlem
1321 463 1377 499 ratu

123 540 251 605 prolitetur
269 545 292 587 et
310 537 425 603 promittit
452 551 496 597 „se
514 544 680 586 veneraturum
699 544 723 586 et
740 536 960 599 obtemperaturum
978 534 1081 599 principi
1100 534 1243 599 pontificum
1262 534 1378 583 111111110-

123 638 209 673 manae
227 624 326 673 antistiti
344 628 368 671 ct
385 622 436 671 eius
454 620 548 683 legibus
566 620 748 671 inhaesurum.“

209 706 531 769 Syro-lacobitarum
550 719 660 755 summus
679 705 824 767 Patriarchn,
841 704 881 767 qui
899 704 981 753 itidem
999 702 1132 765 gloriosum
1147 704 1288 753 Antiochiae
1305 717 1377 752 romeu

123 800 237 851 ostentat,
260 798 325 841 tenet
342 788 513 839 monesterium
533 788 703 853 Zaphranenre
721 788 746 839 S.
764 788 888 839 Armeniae
912 802 988 852 prope
1007 788 1105 838 hlardin.
1141 788 1308 838 ordinationis
1329 789 1379 837 ritus

122 878 148 927 in
165 876 277 941 plurimis
295 875 434 937 conspirant
452 886 506 923 cum
525 873 656 924 Maronitis.

129 964 135 979 ·
208 959 406 1023 Coptitsrum
430 958 565 1009 Patriarcha
590 958 776 1018 Alexandrinus,
805 957 845 1023 qui
869 957 894 1007 S.
919 956 991 1007 llarci
1022 957 1105 1007 selem
1135 957 1249 1008 obtinere
1278 956 1380 1019 gloriatur

123 1043 268 1103 (l'otriarcha
287 1044 310 1093 in
328 1042 387 1093 setla
404 1043 429 1091 S.
449 1042 530 1101 Marci,
553 1044 735 1107 potentissimae
753 1042 819 1091 urbis
838 1040 1000 1101 Alexandriae,
1018 1042 1253 1105 Hierosolymorum.
1273 1042 1381 1103 utriusque

123 1128 228 1191 Aegypti,
251 1126 343 1177 Nubine
361 1126 417 1187 etc.)
439 1141 483 1191 per
501 1126 630 1191 episcopos
647 1128 743 1192 Aegypti
762 1141 844 1175 uorem
864 1125 1064 1191 adstipulantibus
1082 1126 1217 1190 Coptorum
1243 1126 1381 1189 proceribus.
1422 1137 1424 1144 ·

122 1212 151 1262 lli
171 1212 273 1261 miserae
291 1212 368 1273 gentis
387 1220 519 1273 magnates,
538 1220 563 1260 ut
581 1212 613 1260 ita
630 1210 717 1271 dicam,
742 1220 841 1273 erogant
859 1226 954 1275 quoque
971 1217 1066 1259 sumtus
1084 1208 1212 1259 electionis
1231 1216 1256 1259 ct
1276 1208 1380 1258 inthroui·
1419 1256 1422 1262 ,

123 1295 231 1347 sationis.
268 1296 285 1345 F
287 1310 328 1345 era
345 1309 443 1359 semper
460 1296 562 1345 llahirue
580 1303 750 1346 commoratur.

206 1380 419 1444 Aethiopicae
437 1380 553 1429 ecelesiae
563 1389 634 1443 caput
643 1388 680 1429 est
689 1394 738 1439 rea,
750 1380 808 1429 olim
818 1378 960 1429 sacerdotali
974 1380 1088 1443 dignitato
1103 1380 1262 1443 conspicuos.
1281 1378 1382 1425 Summus

122 1466 238 1529 pontifex,
263 1464 303 1527 qui
327 1466 487 1515 communiter
505 1464 609 1513 Abuna
628 1465 643 1514 i.
655 1479 676 1514 e.
695 1464 765 1514 Pater
781 1464 868 1515 Noster
886 1466 1076 1526 connominatur,
1102 1466 1200 1528 antiqua
1221 1461 1382 1513 cousuetudine

120 1558 218 1613 potente
236 1564 293 1609 rege
310 1562 323 1596 a
342 1547 477 1597 l'atriarcha
495 1548 652 1598 Alexandrino
670 1550 700 1598 ad
719 1549 741 1599 111
760 1563 847 1598 munus
865 1558 974 1598 sacratur
991 1557 1014 1598 et
1031 1564 1058 1597 er
1076 1550 1182 1613 Aegypto
1201 1548 1226 1597 in
1246 1548 1383 1610 Aethiopiam

121 1632 229 1682 mittitur.
264 1632 317 1684 Nou
336 1630 400 1681 enirn
417 1632 464 1682 sibl
482 1632 555 1682 licere
572 1641 657 1697 putant
674 1647 701 1683 eu
718 1648 761 1683 sua
780 1643 849 1695 gente
867 1633 971 1698 aliquem
990 1634 1156 1693 denominare,
1174 1648 1249 1697 quern
1261 1632 1383 1682 Patriarrba

122 1716 231 1767 ordinet:
249 1732 304 1765 nem
323 1724 419 1767 tenaces
436 1726 493 1767 sunt
510 1725 613 1767 ueterum
633 1732 751 1768 canonum
769 1718 1067 1779 (Pseudo-Nicaauoruml,
1086 1720 1174 1781 quibus
1193 1726 1384 1770 contemmere

121 1800 251 1865 Aethiopes
269 1808 352 1851 creent
368 1800 404 1850 rel
422 1801 511 1864 eligant
529 1802 699 1864 l'etriarcbam‚
723 1804 781 1867 quin
799 1804 879 1868 potius
897 1818 980 1854 eorum
1000 1802 1123 1853 l‘roelntus
1141 1802 1187 1852 sub
1204 1810 1326 1867 potestate
1342 1800 1385 1849 eius

120 1886 161 1943 sit,
179 1884 219 1949 qui
237 1886 487 1935 aedemAleruuelriao
503 1895 577 1939 tenet.
611 1888 640 1938 At
657 1903 713 1937 reru
731 1902 785 1937 cum
803 1887 874 1938 lrotlic
893 1887 1009 1939 ecclesiae
1020 1886 1195 1937 Alexandrinae
1208 1887 1325 1951 Coptioae
1341 1894 1383 1934 ata·

121 1976 160 2019 tus
184 1970 329 2019 miserabilis
352 1972 385 2020 sit
407 1972 621 2037 aldemannum,
644 1972 701 2023 binc
718 1972 789 2023 facile
807 1972 906 2035 intelligi
924 1982 1013 2037 potest,
1037 1972 1120 2038 quales
1139 1973 1182 2022 riri
1202 1972 1227 2021 in
1247 1972 1386 2036 Aethiopiam

122 2054 245 2104 mittantur
262 2054 379 2105 ccclesiae
397 2062 513 2106 rectores.
547 2055 610 2107 llihil
629 2058 717 2116 acient,
743 2057 800 2106 nihil
819 2058 910 2107 iaciunt
928 2057 963 2107 1111
981 2058 1157 2121 metropolitae,
1182 2057 1230 2106 uisi
1251 2066 1276 2106 ut
1294 2056 1385 2105 clericos

122 2138 241 2189 ordinent
278 2140 447 2190 llollmann
472 2141 488 2190 l.
507 2154 543 2191 c.:
568 2141 618 2201 „Er
642 2141 738 2191 residirt
761 2142 785 2191 iu
804 2142 901 2192 Gondar
925 2142 972 2191 unul
997 2145 1084 2205 regiert
1107 2142 1169 2192 auch
1194 2140 1235 2190 dio
1260 2140 1344 2190 liirche
1364 2140 1384 2188 iu

122 2222 199 2273 Seboa
220 2224 266 2273 und
286 2225 363 2286 Tigre.
398 2226 546 2277 Lbndereieu
566 2226 796 2276 und0rdinationen
815 2228 904 2277 nerlen
923 2226 1140 2277 seineullntorhalt
1160 2226 1199 2276 ab.
1239 2224 1332 2274 Einmal
1344 2238 1385 2271 urar

121 2308 165 2357 cler
182 2308 252 2357 tlritte
270 2308 338 2359 Tbeil
357 2310 399 2359 eles
417 2310 515 2373 Ertrags
533 2311 576 2359 der
594 2310 722 2360 Prouinzen
742 2311 779 2361 lrtr
797 2312 838 2361 ibn
856 2312 986 2362 bestimmt.
1021 2312 1093 2361 Seine
1107 2311 1185 2361 ttacht
1204 2312 1237 2361 ist
1255 2325 1302 2360 nur
1318 2308 1384 2359 durch

121 2392 159 2442 elio
183 2394 226 2443 eles
243 2394 332 2457 ttontgs
355 2395 509 2455 beschrtnlrt,
534 2396 570 2444 olt
587 2396 669 2445 wurde
687 2410 713 2445 er
731 2396 777 2445 den
795 2394 939 2447 hlouarclton
958 2396 1089 2447 lurcbtbar.
1124 2396 1156 2444 Er
1175 2396 1290 2457 0111111111,
1313 2394 1383 2444 iotleet

120 2492 147 2527 er
166 2478 203 2527 tte
220 2480 362 2542 Aspiranten
381 2480 500 2530 unhauclrt
518 2480 566 2529 und
585 2479 628 2528 das
645 2480 722 2529 llreuz
739 2481 799 2530 uber
816 2482 851 2529 sio
870 2482 957 2531 macht.
991 2482 1032 2531 Als
1050 2482 1081 2530 im
1091 2481 1162 2530 lehre
1175 2480 1242 2530 tete
1261 2480 1382 2529 1111111111-

120 2576 201 2622 gcrem
220 2564 363 2613 Ausbleihen
382 2565 421 2623 tlt
443 2562 523 2617 ialnel
542 2566 579 2613 ein
599 2579 673 2613 norror·
690 2564 771 2614 Alenus
791 2565 910 2628 eurinome,
934 2568 998 2616 hatte
1017 2582 1043 2615 er
1062 2565 1147 2628 tagliolr
1167 2581 1197 2613 an
1222 2566 1285 2614 1000
1305 2566 1381 2613 terso-

120 2662 166 2695 nen
185 2662 212 2695 zu
232 2648 331 2707 weilren,
350 2650 387 2697 elie
406 2650 457 2697 sich
477 2651 499 2697 in
519 2663 607 2709 genuen
627 2650 770 2698 erran-anon
790 2666 833 2698 aus
852 2652 897 2699 don
915 2652 1100 2701 verschiedenen
1119 2651 1226 2700 lleichen
1248 2650 1307 2699 nacla
1326 2650 1381 2699 Gou-

119 2731 164 2779 1111
181 2731 314 2791 tiegntnnf‘
