3044 4912
747 252 771 323 4

205 439 318 501 Dehinc
338 437 374 499 ab
397 431 461 499 hac*
473 434 679 514 theologorum
700 435 762 496 rixa
784 443 885 496 uatum
908 382 955 496 bet
976 432 1054 495 aliud
1074 431 1228 495 homiuum
1250 433 1390 511 saeclum,

55 532 59 551 '
121 542 228 604 ardens
244 541 343 603 studio
359 536 562 619 antiquissima
577 536 811 599 Christianorum
825 543 1015 599 monumenta
1030 534 1225 614 investigandi
1248 543 1278 596 et
1296 536 1392 615 expli·

121 641 221 716 candi,
244 641 323 721 quod
338 639 469 718 liturgias
492 657 610 719 quoque
631 639 724 701 multo
746 637 858 700 sudore
878 645 907 698 et
927 636 1030 699 labore
1051 636 1232 716 perscrutari
1254 636 1361 717 coepit.
1371 637 1391 714 ¹)

122 743 227 822 Utique
254 743 312 805 hoc
337 740 541 825 prosperrimo
568 758 669 801 rerum
697 746 804 802 eventu
830 738 973 818 pristinae
1001 737 1142 800 ecclesiae
1163 737 1287 799 scientia
1314 739 1391 818 apud

121 844 264 929 plurimos
285 843 411 924 profecit
430 841 600 922 plurimum.
633 840 745 903 Tamen
766 840 814 901 illa
835 848 927 914 aetas,
949 839 1058 921 quippe
1073 857 1147 919 quae
1161 839 1392 900 Romanensium

123 955 153 1008 et
172 945 402 1007 Protestantium
425 954 526 1005 coetus
548 942 731 1005 irrevocabili
754 960 825 1004 casu
846 942 1029 1015 seiunxerat,
1062 941 1109 1002 vix
1131 941 1256 1020 amplius
1279 940 1392 1002 terebat

121 1046 261 1109 iudicium
283 1045 408 1108 liberum
437 1054 467 1107 ot
488 1064 504 1106 a
525 1044 653 1123 partium
676 1043 775 1105 studio
796 1062 923 1124 prorsus
950 1043 1088 1105 alienum.
1145 1042 1227 1104 Cadit
1250 1042 1280 1102 in
1301 1061 1391 1122 prae·-

121 1147 199 1210 clara
219 1147 367 1212 volumina
389 1147 536 1225 utrimque
558 1164 575 1206 a
596 1145 778 1207 doctissimis
801 1144 871 1206 viris
895 1145 1026 1206 conlecta
1046 1144 1197 1206 Ciceronis
1228 1143 1391 1206 sententia:

121 1267 255 1328 magnam
278 1248 483 1309 necessitatem
505 1245 663 1327 possidere
685 1246 859 1326 sanguinem
880 1253 1050 1326 paternum:
1079 1245 1213 1325 adeoque
1238 1245 1269 1307 in
1296 1244 1391 1306 abun-

122 1350 312 1412 dantissimos
334 1347 485 1410 doetrinae
512 1346 624 1409 rivulos
653 1346 873 1409 immiscebatur
899 1347 1009 1408 luroris
1038 1356 1125 1426 atque
1155 1344 1281 1408 invidiae
1310 1346 1392 1407 virus

122 1459 156 1512 ut
177 1467 328 1528 emergere
350 1448 485 1528 nequiret
501 1448 581 1528 quod
596 1467 711 1522 sanum,
734 1447 814 1529 quod
827 1466 929 1511 verum
945 1447 1067 1524 esset²t
1100 1446 1196 1508 Hodie
1211 1447 1321 1508 multos
1338 1465 1392 1507 so·
1417 1450 1420 1454 ’

120 1550 247 1612 brietate
269 1549 312 1611 uti
335 1558 365 1610 et
384 1550 546 1629 aequitate,
568 1550 687 1629 negabit
707 1569 811 1613 nemo:
836 1549 979 1611 remansit
999 1548 1030 1609 in
1052 1547 1116 1611 aliis
1137 1549 1270 1611 innatum
1293 1548 1394 1610 odium

123 1651 285 1713 sementis
308 1650 442 1712 caecitas.
479 1651 543 1712 Duo
565 1659 717 1732 praetcrea
739 1660 809 1713 sunt
830 1650 934 1712 itinera
956 1650 1056 1724 devia,
1079 1669 1095 1712 a
1118 1650 1225 1730 quibus
1247 1649 1392 1712 arcendus

124 1759 186 1826 est,
209 1751 259 1831 qui
279 1752 442 1831 liturgicum
466 1752 634 1815 studiorum
654 1753 800 1814 rationem
820 1753 936 1833 ingredi
958 1751 1094 1815 voluerit.

207 1853 284 1915 Sunt
305 1853 399 1928 enim,
421 1853 470 1932 qui
485 1872 626 1933 perverso
641 1855 841 1916 Romanarum
855 1873 955 1916 rerum
969 1873 1071 1916 amore
1088 1854 1262 1932 flagrantes,
1296 1851 1393 1915 nullos

122 1954 198 2017 ritus
220 1963 384 2035 agnoscunt
405 1955 463 2018 nisi
486 1955 636 2018 Romanos
659 1956 735 2019 etsi
758 1956 808 2036 qui
830 1955 878 2017 alii
899 1965 969 2018 suut
991 1975 1043 2017 eos
1065 1955 1171 2036 dignos
1198 1963 1323 2016 censent
1344 1953 1392 2034 qni

121 2225 335 2290 riseherdilduug
353 2242 381 2278 so
399 2227 459 2278 anch
478 2252 511 2263 -
528 2227 592 2279 dean
609 2227 661 2278 dies
679 2228 710 2278 ist
728 2227 921 2278 nazertrenulich
937 2253 971 2263 -
989 2241 1020 2276 au
1037 2225 1093 2276 aeti
1111 2224 1243 2276 ireniscbcr
1256 2225 1393 2287 Gesianung

122 2310 276 2362 wratislaus
294 2311 390 2377 Philipp
408 2311 574 2363 hislanchtbon
593 2311 641 2362 aut
659 2311 694 2361 lo.
712 2313 770 2363 (leo.
790 2311 902 2362 calixtus.
936 2311 999 2360 lber
1022 2310 1063 2361 hat
1080 2324 1106 2359 es
1121 2313 1147 2374 je
1165 2309 1304 2372 Theologen
1322 2323 1393 2371 gege-

121 2395 179 2457 ben,
196 2397 276 2448 denen
290 2397 329 2447 ihr
346 2396 459 2447 Zeitaltar
475 2396 514 2446 die
530 2395 706 2458 tasrtsauuag
723 2396 790 2446 ihrer
807 2395 876 2447 edeln
889 2396 1049 2446 intentionem
1067 2394 1116 2445 uud
1130 2394 1197 2444 ihrer
1215 2393 1394 2444 wissenscbalt-

123 2479 203 2533 licheu
220 2480 380 2543 Bagruadung
397 2479 525 2530 derselbeu
543 2487 659 2543 remaglo,
677 2494 847 2530 surerenas
865 2478 931 2530 diese
949 2479 1063 2530 heidau.‘¹

194 2563 217 2624 l)
237 2564 272 2614 cl.
291 2563 351 2614 Cod.
368 2563 414 2614 Lit.
433 2563 451 2613 l.
470 2578 494 2627 p.
518 2563 606 2613 Notum
623 2565 899 2628 estliturgiasssraeeas
918 2573 941 2615 et
951 2564 1086 2615 Orientalea
1104 2563 1183 2613 serius
1201 2578 1228 2612 ex
1246 2561 1352 2612 tenebris
1371 2561 1394 2612 iu

122 2646 203 2697 lucem
223 2655 332 2697 evocatas
350 2662 413 2697 esse.
447 2647 545 2698 herald.
565 2648 581 2697 Ι.
594 2663 629 2699 c:
658 2648 739 2710 „Nihil
757 2657 814 2699 tuuc
831 2649 894 2714 quod
913 2648 1000 2699 adres
1019 2647 1141 2711 liturgicus
1158 2638 1286 2713 spectaret,
1305 2647 1394 2697 editum

122 2738 183 2790 erat,
201 2729 247 2780 uisi
265 2732 410 2781 Graecorum
429 2732 585 2783 ecelesiastici
603 2732 657 2784 libri
681 2733 827 2796 complures,
850 2733 953 2782 venetiis
977 2732 1129 2798 plerumque,
1152 2740 1178 2782 ut
1197 2733 1249 2782 usui
1273 2733 1354 2782 iorent
1371 2732 1394 2781 iu

123 2814 270 2880 quotidianis
288 2815 388 2877 Officiis,
406 2818 495 2882 quique
511 2830 596 2867 omnes
615 2818 665 2868 iere
683 2818 706 2868 in
725 2817 849 2869 Graeciam
868 2816 1061 2881 asportabantur,
1080 2818 1163 2882 virque
1180 2818 1269 2867 nostris
1288 2816 1394 2866 Theolo-

124 2899 160 2962 gis
184 2900 235 2950 uoti
259 2899 341 2959 siant,
366 2915 419 2950 cum
443 2902 505 2952 iuter
527 2916 570 2952 eos
588 2902 727 2966 paucissimi
745 2903 836 2953 Graece
853 2903 943 2953 scireut
966 2901 1104 2967 etquidem
1122 2902 1274 2952 mediocriter
1292 2902 1352 2951 adeo
1371 2908 1396 2951 nt

123 2985 179 3048 stgli
197 2984 262 3035 illius
279 2984 355 3035 sacris
373 2985 459 3035 ritihus
476 2987 570 3050 proprii
587 2987 731 3039 seutentiam
749 3001 796 3038 uon
816 2986 886 3037 lacile
904 2993 1091 3052 assequerentur
1111 3011 1145 3023 -
1161 3010 1196 3020 -
1213 2986 1318 3036 diillcilis
1336 3000 1396 3037 sans

124 3077 175 3131 agat
192 3076 302 3119 accurata
320 3084 400 3119 rerum
420 3069 583 3133 liturgicarum
601 3074 718 3132 tractatio,
737 3086 792 3122 cunr
809 3086 823 3121 a
841 3072 957 3122 restitutis
969 3073 991 3120 in
1004 3072 1100 3136 Europa
1118 3071 1301 3120 humanioribus
1319 3070 1395 3120 literis

122 3151 187 3202 haud
205 3152 328 3203 mediocre
346 3160 439 3217 tempus
457 3154 583 3216 effluxerit,
601 3164 727 3220 autequam
746 3156 840 3219 linguae
857 3158 961 3208 Graecae
980 3155 1084 3220 cognitio
1102 3163 1125 3204 st
1142 3154 1233 3220 reliqua
1252 3169 1279 3204 er
1297 3154 1396 3204 vetustis

123 3236 294 3287 aeclesiasticis
311 3238 472 3288 monumentis
490 3240 597 3290 subsidia
621 3240 649 3290 ad
674 3241 840 3291 illustrandam
864 3241 1010 3304 theologiam
1033 3239 1231 3290 adhiberentur.“
1265 3238 1396 3302 liturgiam

124 3321 289 3384 chrysostomi
314 3321 387 3372 latine
414 3323 562 3387 interpretati
585 3333 641 3374 sunt
663 3326 736 3376 hadr.
755 3326 868 3388 Pelasgus
892 3333 962 3390 atque
980 3325 1103 3375 Erasmus.
1144 3324 1281 3389 Aethiopica
1308 3324 1397 3388 prodiit

122 3405 215 3456 Itomae
233 3404 298 3456 ints
316 3407 359 3456 sed
378 3407 518 3457 inconcinna
536 3416 560 3458 et
577 3408 670 3475 aliquot
686 3410 746 3462 locis
765 3410 917 3476 interpolata.
962 3409 1062 3460 hemum
1077 3409 1141 3460 tane
1158 3410 1265 3459 Lutetiae
1280 3407 1397 3459 Claudius

123 3490 264 3541 Sanctesius
281 3490 355 3540 edidit
371 3490 500 3554 liturgiam
518 3492 543 3543 S.
560 3493 650 3557 iacobi,
667 3496 692 3546 S.
711 3497 801 3558 Basilii,
818 3497 844 3546 S.
862 3496 959 3546 loannis
977 3494 1141 3558 chrysostomi
1159 3509 1213 3545 eum
1232 3493 1304 3543 ldissa
1323 3478 1396 3544 Prae·

124 3575 335 3626 sanctificatorum.

191 3659 217 3720 2)
235 3660 317 3724 ltaque
335 3660 404 3710 multi
422 3661 581 3725 liturgiarum
605 3665 710 3716 editores
733 3666 818 3716 ritibus
845 3665 936 3714 nnllam
960 3672 1000 3715 aut
1023 3664 1130 3727 exiguam
1154 3662 1233 3713 lucem
1257 3662 1395 3713 attulerunt.

123 3744 177 3794 'loti
195 3752 264 3794 eraut
281 3745 344 3794 enim
362 3746 387 3796 in
406 3745 546 3811 dogmaticis
559 3765 588 3799 ac
605 3750 730 3814 polemicis
744 3749 953 3813 disputationibus.
978 3748 1074 3798 Nesla
1092 3747 1179 3797 Tetral.
1192 3748 1246 3797 hist
1258 3747 1326 3797 lllll:
1345 3747 1395 3796 lam

124 3829 164 3878 diu
183 3828 212 3878 ad
231 3830 392 3891 tremissas,
416 3838 528 3897 tanquam
547 3833 577 3883 ad
594 3834 817 3899 incorruptissimus
841 3833 889 3882 litis
913 3832 1016 3882 arbitros
1041 3832 1152 3897 utrinque
1178 3839 1332 3897 provocatum
1351 3838 1398 3881 est.

124 3913 184 3971 Quis
203 3913 265 3962 enim
284 3915 375 3975 nescit,
398 3916 422 3966 iu
442 3917 598 3968 celeberrima
616 3918 657 3967 illa
676 3917 836 3969 controversia
856 3931 917 3982 quae
940 3919 1002 3967 inter
1019 3916 1148 3967 hrualdum
1175 3926 1198 3970 et
1215 3917 1341 3968 Claudium
1366 3916 1396 3966 de

122 3997 283 4063 perpetuitate
301 3999 355 4048 ildei
374 4001 459 4064 agitata
478 4010 523 4063 est,
541 4001 574 4052 nil
593 4017 641 4052 non
659 4003 736 4066 egisse
755 4010 891 4065 utrumque,
915 4016 962 4066 quo
980 3999 1112 4051 Ecclesiam
1131 4001 1276 4052 orientalem
1295 4014 1350 4051 cum
1368 4016 1396 4050 ss

123 4083 260 4133 consentire
278 4082 433 4136 evincerent?
465 4086 523 4136 ludo
540 4100 589 4136 nou
606 4086 687 4136 solum
705 4087 735 4136 ad
751 4087 879 4148 liturgias,
897 4086 927 4136 ad
946 4085 1061 4146 Consilia,
1085 4087 1115 4137 ad
1133 4087 1245 4136 doctores
1263 4084 1394 4135 orientales

124 4165 213 4217 aemuli
231 4167 400 4232 appellahaut;
418 4185 498 4222 rerum
517 4171 588 4221 etiam
606 4172 743 4236 episcopos,
761 4171 924 4237 presbyteros,
943 4171 1152 4231 hieromouacbos,
1176 4171 1256 4236 siqui
1274 4170 1297 4220 iu
1315 4170 1396 4219 Euro·

123 4264 180 4313 pam
198 4251 261 4302 torte
278 4253 424 4316 advenerint,
442 4255 614 4318 consulebant3
632 4256 754 4322 literisque
772 4258 863 4306 amicos
881 4256 904 4306 iu
918 4256 1016 4307 Oriente
1033 4257 1148 4320 degentes
1165 4254 1349 4314 admonuerunt,
1369 4262 1395 4305 nt

123 4334 196 4384 tidem
213 4335 279 4387 illius
296 4338 418 4389 Ecclesiae
436 4354 507 4404 quom
525 4340 707 4404 diligentissima
725 4356 800 4406 super
817 4341 862 4391 hac
879 4356 905 4391 re
922 4341 1099 4405 investigarent,
1123 4339 1336 4405 investigatumqua
1352 4354 1394 4390 re-

124 4418 266 4471 scriberent.
313 4423 414 4474 Tantum
437 4424 530 4475 reterre
553 4425 719 4490 crediderunt,
746 4426 803 4492 quid
820 4425 851 4477 de
873 4427 970 4478 veritate
987 4426 1131 4479 sauameuti
1148 4440 1191 4477 eae
1207 4425 1320 4489 regiones
1336 4440 1395 4478 seu-

124 4500 204 4555 tireut
