3044 4912
667 276 739 350 471

96 462 128 533 bi
164 461 307 534 fructum
342 461 454 532 serunt
486 461 645 534 ecciesiae
672 460 849 558 sanctae,¹)
884 463 940 560 qui
966 486 1150 561 pauperum
1175 487 1342 538 memores

97 575 209 659 agant
234 563 470 659 eleemosynas,
506 563 682 636 Retribuas
708 565 792 662 ipsis
818 586 858 637 ex
885 566 997 660 magni
1024 576 1059 638 et
1085 567 1218 639 coelesti
1246 565 1342 640 boni·

97 677 135 738 rte
169 678 225 737 tua
260 689 476 763 quaecunque
503 666 544 737 iis
577 667 820 739 distribuerunt
856 667 1088 763 centuplicato,
1123 692 1213 740 nunc
1247 681 1281 740 et
1306 669 1342 741 in

97 779 133 839 ta
161 766 282 840 sutura.
334 766 511 860 Memento,
545 767 705 862 Domine,
736 780 771 842 ot
795 769 934 842 ostende
961 769 1224 843 misericordiam
1250 781 1343 843 tuam

97 882 103 941 t
128 869 377 942 miserationem
404 869 576 943 animabus
603 870 855 944 defunctarum:
884 871 970 944 dona
993 871 1039 943 iis
1066 872 1216 969 requiem
1244 884 1343 971 atque

96 994 189 1062 reem,
227 973 371 1043 concede
406 972 447 1045 iis
473 982 601 1069 partem
635 995 711 1045 conr
736 972 869 1046 Sanctis
895 974 962 1046 tuis
988 973 1023 1045 in
1049 996 1155 1068 regno
1181 985 1239 1047 tuo
1266 997 1343 1047 coe·

97 1072 144 1144 :sti
172 1084 206 1144 et
231 1074 370 1168 gratiam
396 1084 486 1146 tuam
514 1075 595 1170 ipsis
621 1075 786 1171 impende.
824 1074 1002 1167 Memento,
1029 1075 1183 1167 Domine,
1211 1078 1341 1149 animae
1363 1070 1367 1077 ’
1455 1117 1461 1143 ι

97 1175 183 1247 umuli
219 1175 267 1247 tui
301 1175 340 1247 N.
375 1187 409 1248 et
442 1177 632 1249 miserearis
661 1177 734 1249 eius
760 1177 945 1250 secundum
971 1199 1125 1270 magnam
1152 1177 1343 1251 misericor·

97 1276 159 1353 iam
184 1287 292 1367 tuam3
320 1279 405 1350 dona
432 1280 462 1350 ei
490 1279 638 1375 requiem
665 1278 828 1351 visitando
857 1303 932 1351 euna
958 1279 1085 1351 iurni'ne
1111 1280 1237 1374 gratim
1256 1291 1343 1352 tuae.

101 1389 246 1472 emento,
280 1380 433 1472 Domine,
466 1381 563 1452 etiam
599 1403 726 1474 eorum,
761 1381 817 1478 qai
843 1404 906 1453 nos
931 1391 1104 1476 rogarunt,
1130 1391 1168 1454 ut
1192 1383 1344 1478 ipsorum

97 1490 126 1552 at
153 1482 419 1554 commemoratio
447 1483 480 1553 in
508 1482 664 1578 precibus
683 1485 821 1576 nostris,
848 1493 882 1554 et
899 1482 1046 1555 rivorum
1065 1494 1099 1554 et
1115 1495 1341 1556 mortuorum:

97 1607 186 1654 >runa
222 1594 254 1654 et
287 1596 434 1655 nostram
475 1585 675 1656 voluntatem
709 1594 744 1657 et
777 1584 981 1658 desiderium
1016 1585 1141 1680 dirigas
1175 1585 1210 1657 in
1245 1582 1343 1678 viam,

97 1708 154 1757 uae
183 1685 274 1756 ducit
300 1686 341 1756 ad
367 1688 476 1758 vitam.
528 1684 670 1759 'iribuas
705 1687 860 1760 omnibus
887 1687 1021 1783 longam
1049 1696 1140 1759 tuam
1168 1697 1266 1786 atqna
1293 1687 1345 1759 in·

97 1785 261 1858 rhaustam
296 1786 557 1859 misericordiam
592 1798 625 1859 et
657 1789 833 1863 emundata
867 1789 1070 1861 conscientia
1098 1800 1211 1860 nostra
1239 1788 1344 1862 iacias

97 1912 131 1960 ns
158 1890 327 1984 tempium,
362 1889 450 1985 quod
483 1890 634 1986 recipere
659 1891 768 1987 possit
793 1914 914 1988 corpus
940 1901 975 1963 et
1000 1891 1196 1986 sanguinem
1224 1892 1344 1989 unige-

97 1990 129 2060 iti
156 1989 230 2061 Filii
268 1992 326 2083 tui,
362 1990 496 2063 Domini
531 2004 564 2062 et
596 1993 816 2089 redemptoris
852 1992 959 2064 nostri
991 1990 1067 2065 lesu
1094 1992 1251 2064 Christis
1275 1995 1343 2087 cui,

97 2115 135 2163 na
157 2102 278 2184 tecum,
307 2093 516 2188 omnipotens
534 2092 641 2185 Pater,
670 2105 703 2167 et
721 2093 860 2191 Spiritui
880 2093 1015 2186 Sancto,
1042 2092 1130 2166 bono
1150 2104 1184 2166 et
1199 2094 1342 2189 rivisrco,

99 2205 113 2265 t
139 2194 242 2288 glorie
271 2205 304 2266 et
328 2205 474 2290 potestas
508 2206 542 2267 et
575 2195 683 2268 honor
715 2219 805 2269 nunc
840 2206 873 2268 et
906 2218 1038 2292 semper
1071 2206 1105 2268 et
1138 2196 1173 2267 in
1200 2196 1343 2269 saecula.

97 2319 185 2367 men.

145 2398 248 2469 Dicto
280 2421 378 2469 noce:
417 2395 528 2469 Gratia
563 2399 674 2493 magni
708 2397 769 2471 Dei
803 2409 837 2471 et
871 2398 1091 2496 redemptoris
1125 2399 1233 2472 nostri
1267 2398 1345 2473 lesu

96 2500 190 2571 hristi
219 2500 263 2571 sit
288 2499 458 2572 vobiscum
485 2500 651 2573 omnibus.

101 2653 109 2666 .
147 2601 285 2673 Chorus.
339 2601 481 2672 Etcum
509 2601 628 2698 spiritu
659 2613 728 2673 tuo.

144 2703 325 2775 Diaconos.
378 2703 500 2775 iterum
527 2715 626 2802 atque
652 2703 772 2776 iterum
798 2704 978 2777 Dominum
1006 2703 1232 2800 deprecemur.

146 2804 285 2876 Ciceros.
338 2805 491 2898 Domine,
518 2807 689 2878 miserere.

146 2907 325 2978 Diaconos.
379 2907 460 2979 Cum
498 2907 652 2979 omnibus
686 2908 837 3001 Sanctis,
879 2932 962 3005 quos
998 2906 1344 3000 commemoravimus,

97 3032 242 3080 recemur
269 3008 302 3080 in
330 3032 410 3105 pace
437 3009 615 3081 Dominum
641 3033 673 3105 p.
686 3009 771 3081 361.

146 3109 286 3182 Chorus.
340 3111 492 3201 Domine,
520 3111 691 3182 miserere.

143 3212 324 3284 Diaconos.
377 3213 557 3284 Precemur
583 3212 760 3284 Dominum
787 3235 847 3308 pro
876 3209 996 3282 divinis
1023 3210 1218 3283 muneribus
1245 3233 1344 3283 ano·

97 3317 118 3387 is
147 3313 277 3406 oblatis,
305 3338 389 3410 quae
416 3337 505 3386 nunc
532 3314 638 3410 posita
665 3324 744 3386 sunt
770 3314 804 3384 in
831 3336 946 3386 mensa
973 3323 1087 3385 sancta
1113 3337 1145 3409 p.
1158 3312 1243 3386 363.

147 3415 286 3487 Cdoros.
339 3417 492 3509 Domine,
520 3416 690 3487 miserere.

145 3517 326 3591 Diaconos.
377 3519 557 3591 Precemur
594 3518 771 3590 Dominum
807 3514 915 3588 Deum
955 3525 1127 3607 nostrum,
1168 3515 1342 3589 hominum

97 3632 262 3710 retorem,
289 3631 326 3691 nt
352 3621 491 3716 accipiat
517 3622 588 3717 ipsa
615 3621 649 3691 in
677 3629 827 3691 sanctum
854 3629 888 3689 et
914 3617 1057 3689 coeleste
1084 3616 1186 3689 altare
1208 3641 1343 3691 sursum

97 3748 103 3792 ι
138 3722 275 3792 odorem
310 3723 479 3794 suavitatis
513 3721 695 3819 spiritualis
730 3731 764 3792 et
789 3720 937 3791 remittat
960 3719 1108 3791 vicissim
1134 3718 1232 3792 nobis
1260 3721 1343 3793 diri·

97 3847 146 3894 am
174 3824 312 3918 gratiam
340 3835 373 3896 et
399 3826 523 3896 donum
550 3824 662 3897 Sancti
689 3823 741 3896 sui
768 3821 914 3920 Spiritus
940 3818 1135 3902 -Ὅοως
1160 3818 1181 3894 ὃ
1207 3817 1344 3919 φιλοίν-

97 3951 224 4020 ’ρωπος
252 3920 339 4006 (decis
364 3952 395 4023 p.
408 3925 525 4020 363.²)

155 4197 179 4255 1)
197 4223 229 4233 -
247 4196 303 4244 τῶν
319 4187 571 4264 καρποφορούντων
588 4192 635 4244 καὶ
647 4186 885 4265 καλλοεργούντων
897 4192 928 4246 ἔν
939 4197 999 4253 ταῖς
1011 4187 1104 4262 ἁγίαις
1115 4205 1167 4246 σου
1177 4191 1343 4259 ἐκκλησίαις.

97 4281 153 4332 eci:
172 4283 262 4331 welche
281 4283 387 4333 Geiuhde
406 4282 475 4331 iosen
494 4282 542 4331 und
561 4282 662 4332 fruente
681 4283 781 4346 hringen
800 4282 823 4333 in
842 4283 912 4333 deine
930 4282 1018 4344 heiliga
1035 4281 1129 4330 ltirche.

152 4382 178 4442 2)
197 4384 256 4432 Dess
277 4383 319 4432 der
337 4384 398 4433 Herc
417 4398 489 4434 unser
502 4386 565 4442 Gott,
584 4385 627 4433 der
645 4385 726 4435 dieses
744 4385 859 4436 autorum
877 4400 905 4434 za
924 4384 1015 4434 aeinem
1033 4381 1203 4432 himmiiscben
1222 4383 1271 4434 und
1290 4383 1343 4447 gei·

100 4482 144 4528 gen
164 4466 248 4530 θρῖον,
273 4468 311 4517 die
334 4469 540 4519 steltrertretendc
559 4469 640 4520 Gnade
664 4470 713 4520 und
737 4468 776 4520 die
794 4469 876 4521 Gabeu
899 4468 943 4520 dee
967 4468 1072 4532 heiligen
1092 4468 1186 4520 Goistes
1210 4468 1271 4519 dher
1295 4481 1344 4518 une

97 4552 208 4615 tspicere:
226 4550 288 4603 deest
304 4567 349 4603 une
367 4553 414 4603 den
433 4554 511 4606 Herrn
529 4553 613 4605 bitten.

1081 4633 1143 4689 at*
