3044 4912
24 478 27 491 ,
35 444 54 487 ,“υ

39 488 58 525 f.

270 254 298 321 ip·
815 238 863 311 60

206 419 258 489 Τὰ
283 416 409 489 nuella
435 418 474 489 δι’
503 418 711 509 οτρκέτωσαν
738 416 826 508 πρὸς
845 425 893 509 τῷ
914 415 1050 508 βήματι.
1093 418 1164 487 Καὶ
1186 415 1342 499 διάκονος
1364 414 1488 501 deff-coit·

176 574 180 579 -
203 522 315 610 ἕτερος
336 524 421 593 ἔστω
441 519 600 613 όφτστώς,
623 517 719 600 ὅπως
737 518 783 608 μὴ
807 517 983 589 desereire.
1004 517 1076 587 Καὶ
1097 514 1197 588 ι’ίλλοι
1211 517 1365 590 διάκονοι
1382 547 1487 611 περι-

201 622 415 721 πατείτωσαν
441 622 499 692 καὶ
527 617 755 690 σκοπείτωσαν
781 622 860 703 τοὺς
889 615 1013 709 ἄνδρας
1031 622 1089 690 καί
1109 621 1170 703 τὰς
1189 628 1356 710 γυναῖκας,
1385 621 1483 705 ὅπως

201 725 247 815 μὴ
275 723 426 813 θόρυβός
450 750 502 804 τις
527 725 669 813 γένηται,
697 723 755 791 καὶ
780 721 826 812 μή
855 750 907 804 τις
928 721 1024 813 νεύσῃ
1046 720 1068 812 ἢ
1089 721 1259 815 ψιθυρίσῃ
1280 719 1303 813 ἢ
1324 722 1478 816 νυστόξρ.

164 900 171 925 ¹
207 822 250 895 Ολ
273 827 311 895 δὲ
333 824 482 895 διάκονοι
505 821 721 893 λστόισθωσαν
743 823 791 905 εἰς
812 824 872 904 τὰς
892 831 958 892 τῶν
979 819 1106 911 ἀνδρῶν
1126 823 1237 913 θύρας
1256 825 1314 894 καὶ
1336 823 1372 895 οἱ
1392 822 1476 894 ὕπο-

203 926 353 997 ιλιόκονοι
374 926 503 1008 εἰςτὰς
524 933 589 994 τῶν
609 933 779 1013 γυναικῶν,
802 925 897 1007 ὅπως
916 924 1015 1016 μήτις
1036 925 1173 1008 ἐξέλθοι
1192 925 1276 1017 μήτε
1299 922 1474 1017 ἅνοιχθῇὴ

201 1029 292 1117 θόρα
312 1026 374 1099 ττῖν
394 1025 516 1109 πιστός
535 1053 588 1108 τις
608 1020 629 1117 ᾖ
650 1027 736 1095 κατὰ
757 1025 815 1096 τόν
836 1027 951 1117 καιρόν
972 1035 1031 1117 τῆς
1053 1024 1241 1119 ἀναφορᾶς·
1262 1022 1324 1108 Εἷς
1339 1029 1378 1097 δὲ
1392 1026 1475 1099 ὑπο-

202 1129 356 1212 ordeolus
377 1129 501 1200 διδότω
522 1126 690 1219 ἀπόνιψιν
711 1137 828 1218 χειρῶν
848 1137 920 1211 τοῖς
942 1127 1075 1219 ἱερεῦσι,
1098 1128 1264 1216 σύμβολον
1285 1128 1475 1220 καθαρότη-

193 1244 258 1314 ΙΙτος
278 1240 394 1323 ψυχῶν
415 1240 489 1322 θεῷ
511 1229 772 1317 ἀνακειμένων.’)

228 1400 420 1499 [Διόταξις
438 1400 620 1500 Ἰακώβου
646 1411 713 1477 τοῦ
739 1403 906 1502 ἀδελφοῦ
925 1400 1105 1479 Ἰωάννου
1125 1411 1194 1477 τοῦ
1210 1403 1448 1500 Ζεβεδαίου]

279 1559 361 1631 XI«
354 1571 457 1660 Φημὶ
479 1570 518 1659 δὴ
540 1566 856 1684 κᾷγώ,1όκωβος,ό
880 1566 1047 1660 ἅδελφός’
1043 1568 1190 1639 Ιωάννοο
1204 1595 1263 1638 του
1248 1567 1475 1683 Ζεβεδαίου,

201 1668 241 1739 ἵν
264 1669 411 1785 εὐθὺς(
394 1698 413 1740 0
442 1670 596 1751 διάκονος
617 1671 710 1787 λέψῃ·
740 1687 792 1754 μη
826 1687 881 1741 τις
913 1666 991 1733 τῶν
1016 1658 1316 1755 κατηχουμὲνων,
1342 1656 1396 1755 τιή
1422 1687 1477 1742 τις

201 1785 281 1834 των
313 1759 577 1855 ἀκροωμένων,
611 1788 663 1855 μη
694 1789 750 1843 τις
775 1768 852 1835 τῶν
880 1759 1060 1848 ἀπίστων,
1093 1757 1144 1857 μή
1170 1789 1225 1843 τις
1249 1768 1329 1834 τῶν
1355 1764 1477 1861 ἑτερο-

200 1857 333 1945 ιίόξων.
364 1862 410 1937 Οἱ
435 1860 504 1957 τὴν
529 1857 681 1958 πρώτην
705 1860 819 1957 εὐχὴν
836 1858 1029 1957 εὐχόμενοι
1046 1861 1245 1987 προελθετε
1255 1862 1297 1958 ²)
1323 1862 1372 1935 τὰ
1390 1891 1477 1937 παι-

201 1961 266 2038 dia
291 1964 690 2062 προςλαμβανέσθε
651 1993 690 2037 αι
716 1963 883 2061 μητέρες·
918 1960 970 2061 μή
994 1993 1050 2046 τις
1074 1960 1171 2038 κατά
1195 1991 1309 2051 τινος,
1343 1993 1396 2061 μη
1422 1993 1478 2049 τις

199 2068 242 2141 ἐν
271 2064 474 2165 ὑποκρίσει.
518 2065 656 2163 Ορθολ
687 2065 779 2163 πρὸς
810 2062 941 2163 κύριον
973 2065 1067 2161 μετὰ
1093 2062 1219 2164 φόβου
1243 2065 1308 2141 καὶ
1332 2064 1478 2167 τρόμου

197 2404 263 2457 τιίιτν
280 2400 375 2461 αὐτοῖς
390 2400 565 2472 μνηστεόται.
600 2406 725 2456 Praeclare
743 2406 826 2469 iugali
845 2407 897 2456 llaii
916 2406 987 2455 Missa
1006 2406 1106 2458 Gallie:
1131 2406 1224 2457 ileueat
1247 2407 1271 2456 iu
1290 2408 1361 2457 uobis
1379 2416 1403 2457 et
1420 2408 1476 2459 siue

198 2491 289 2543 eurulis
306 2506 361 2556 par,
380 2490 509 2539 dummodo
529 2490 611 2539 escula
629 2491 681 2539 sinc
699 2506 759 2554 pace
778 2506 826 2540 uon
845 2499 964 2541 maneant.

285 2606 310 2667 1)
336 2607 478 2671 cyrillus
497 2607 559 2657 λοι
584 2601 722 2674 ἑωράκατε
747 2602 795 2656 τόν
819 2599 961 2673 διάκονον,
985 2601 1033 2658 τόν
1055 2608 1196 2674 νίψασθαι
1219 2602 1334 2661 διδόντα
1352 2608 1389 2674 τῷ
1406 2606 1480 2677 tepet·

21 2696 74 2767 ³⁸3
91 2688 110 2697 ''
198 2690 248 2743 τιτιλ
262 2691 319 2747 τοῖς
335 2688 463 2739 κατελοῦσι
482 2685 512 2740 τὸ
530 2685 727 2756 θυσιαστήριον
744 2689 793 2740 τοῦ
809 2691 877 2742 θεοῦ
894 2694 1096 2760 πρεσβυτέροις,

285 2810 312 2869 2)
329 2810 462 2859 Bdhmcr
482 2811 497 2859 l.
509 2826 528 2859 c.
548 2826 571 2874 p.
582 2809 645 2860 371:
665 2810 731 2870 „Der
749 2811 838 2860 diacon
857 2813 907 2873 ldgt
925 2812 1009 2861 hinzu:
1034 2810 1079 2875 „cl
1096 2808 1146 2876 τὴν
1162 2804 1275 2882 πριότην
1291 2806 1376 2879 εὐχὴν
1392 2805 1477 2879 εθχό-

109 2911 111 2914 ’
200 2908 281 2961 μενοι
307 2891 488 2960 apolectum
525 2896 622 2957 Augusti
641 2894 738 2945 lienlrw.
757 2895 817 2956 l'lll,
836 2895 882 2943 111
914 2897 978 2958 gicht
1004 2897 1047 2946 dus
1075 2897 1221 2964 προέλθετε
1250 2900 1306 2948 ruit:
1336 2902 1475 2961 „entieruet

201 2976 293 3029 eueh“!
322 2980 360 3028 die
378 2970 462 3044 πριότ.
480 2974 564 3043 εὐχὴν
582 2995 644 3040 „rou
664 2981 719 3029 dcru
738 2981 897 3042 allgcrneinen
915 2982 1112 3043 liirclrertgebetc‚
1130 2983 1245 3032 welchem
1264 2983 1325 3032 auch
1345 2984 1384 3033 die
1402 2984 1474 3033 liele·

201 3065 333 3115 chamenun
361 3065 408 3114 und
427 3065 528 3115 Fremde
546 3066 687 3115 beiwelruen
707 3065 830 3126 duriteu“‚
847 3065 998 3115 rerstehcud.
1033 3065 1076 3115 lite
1095 3067 1217 3117 Wuhrheit
1234 3068 1315 3117 dieser
1332 3068 1473 3132 Expositiou

200 3152 231 3200 ist
254 3149 404 3199 aweiiellralt.
440 3150 491 3198 Wic
516 3150 554 3199 die
572 3150 662 3200 Plarase
686 3140 799 3215 πρώτην
822 3142 905 3214 εὐχὴν
932 3152 974 3200 aul
991 3151 1033 3202 das
1052 3157 1125 3212 crstc‚
1149 3166 1192 3201 ren
1212 3151 1258 3201 den
1277 3152 1410 3215 Gldubigcn
1429 3168 1474 3217 per

200 3235 321 3284 silentium
346 3234 510 3298 gespreclienu
530 3234 612 3295 θείνει,
637 3234 752 3284 rrelclicm
777 3235 815 3284 die
833 3236 1025 3286 llateclrumeneu
1043 3236 1093 3286 und
1110 3236 1229 3285 Fremdcu
1247 3238 1313 3287 nicht
1329 3238 1474 3288 heiwehuen

200 3318 304 3379 durltcn,
322 3319 374 3367 sich
391 3319 505 3368 beziclren
524 3318 601 3368 latin:
621 3335 649 3368 se
668 3320 711 3369 das
729 3318 875 3385 προέλθετε
895 3322 989 3381 daraal,
1007 3321 1064 3371 dass
1082 3320 1224 3383 diejeuigeu‚
1243 3321 1280 3370 die
1299 3322 1379 3372 dieses
1398 3322 1473 3373 (lebet

199 3403 349 3467 gespruclren
368 3403 458 3463 hatten,
475 3418 518 3452 zur
535 3403 737 3454 euelruristisclrcu
748 3407 803 3454 λεια
821 3405 905 3454 hiuzu-
924 3406 993 3465 (udcr
1010 3406 1075 3465 ror-l
1093 3414 1169 3455 tretcn
1188 3405 1284 3455 solltcrr.
1309 3407 1398 3456 llicmit
1416 3407 1473 3455 har·

200 3488 288 3538 monirt
312 3486 465 3547 rurtrellliclr‚
490 3487 546 3536 dass
565 3488 603 3537 die
621 3489 821 3551 Caristitutioueu‚
841 3490 956 3539 nachdem
976 3491 1011 3539 sie
1030 3490 1072 3539 dae
1091 3490 1167 3541 Gcbut
1185 3491 1280 3539 erthcilt
1298 3490 1386 3552 haben,
1415 3491 1471 3551 „die

200 3574 288 3624 lliuder
305 3574 404 3623 nehmet
421 3586 451 3621 au
469 3572 538 3632 euch,
558 3574 595 3622 ilrr
613 3571 729 3625 liutter‘·!
749 3575 932 3625 diel‘arr'tnesen
951 3583 1076 3637 rortragen
1094 3574 1189 3624 lasseu:
1210 3575 1285 3634 „dass
1304 3576 1371 3626 nicht
1388 3575 1470 3638 irgeud

198 3658 298 3710 demand
322 3659 395 3708 wider
419 3658 488 3707 einen
507 3654 615 3708 dndcrn!
642 3658 697 3709 dass
715 3661 781 3710 nicht
796 3661 898 3710 demand
916 3661 939 3709 ln
958 3661 1001 3710 der
1019 3659 1159 3723 llypocrisie
1177 3655 1225 3707 sci!
1261 3659 1302 3709 llei
1320 3660 1374 3709 dem
1393 3661 1474 3727 lierru

199 3745 243 3793 mit
261 3744 348 3793 Furcht
365 3743 414 3793 und
426 3742 517 3792 Zitlcru
535 3743 643 3793 aulrcclrt
660 3745 769 3806 stchcud‚
789 3752 875 3806 mugen
893 3746 935 3793 uir
954 3739 1110 3809 uplcrn“!
1146 3743 1176 3793 Et
1194 3744 1251 3793 milri
1269 3744 1470 3808 placeliltalrrueri

116 3812 143 3841 '²
162 3812 168 3837 ²
198 3827 363 3893 interpretatio
383 3843 460 3891 neque
479 3828 568 3890 indiget
585 3831 730 3893 scriptorum
748 3830 892 3878 testimoniis
910 3845 953 3879 vox
970 3828 1166 3894 προέρχεσθαι,
1185 3829 1348 3879 accedere.
1380 3830 1471 3879 Temen

199 3927 253 3962 cum
279 3928 352 3977 supra
370 3915 423 3962 siue
446 3913 595 3963 dubitatione
619 3916 737 3976 significet
761 3913 932 3963 discedere
956 3914 1097 3975 (ttulit)
1120 3928 1199 3978 neque
1226 3922 1415 3963 cousentaneum
1439 3916 1470 3963 sit

198 3997 298 4046 candem
317 4013 398 4048 rocem
418 3999 441 4047 iu
459 3997 543 4047 cedern
562 3999 656 4060 liturgia
675 3999 794 4063 duplicem
814 4006 895 4047 tenere
912 4013 1019 4059 sensum,
1037 3998 1153 4049 hocloco
1169 4000 1251 4050 malim
1267 4000 1348 4061 legere
1365 4012 1472 4064 προς-

197 4080 326 4131 έλθετε.
362 4083 437 4132 Decet
463 4085 563 4133 uarietas
592 4083 702 4133 lectionis
730 4081 882 4132 acutuleriu
911 4083 1021 4144 exhibita,
1049 4084 1144 4134 codices
1168 4086 1191 4136 iu
1216 4086 1260 4135 hac
1283 4086 1380 4147 liturgia
1399 4099 1469 4135 τοοετ

197 4164 410 4231 προςέλθετε
438 4175 462 4217 ct
488 4165 683 4233 προέλθετε
719 4182 838 4231 persaepe
870 4167 1015 4217 confudisse.
1041 4193 1074 4205 -
1113 4169 1274 4233 Cltrysost.
1305 4172 1375 4219 llum.
1400 4170 1416 4220 3
1444 4170 1471 4221 λι

196 4248 300 4313 Ephes:
329 4243 439 4306 ἀκούεις
463 4246 578 4305 ἑστῶτος
604 4249 652 4299 τοῦ
673 4246 788 4319 κήρυκος
811 4248 859 4298 καὶ
881 4248 1022 4316 λέγοντος·
1048 4245 1110 4303 ὅσοι
1133 4249 1165 4303 έν
1181 4255 1315 4321 μετανοίᾳ
1333 4249 1470 4304 ἀπέλθετε

197 4322 309 4387 πάντες·
334 4328 392 4384 ὅσοι
416 4329 455 4399 μὴ
479 4335 643 4399 μετέχουσιν
660 4331 692 4385 έν
707 4335 842 4401 μετανοίᾳ
859 4332 945 4384 εἰσίν·
970 4334 995 4385 ελ
1012 4336 1065 4387 τῶν
1083 4333 1114 4387 ίν
1130 4344 1264 4404 μετανοίᾳ
1283 4330 1469 4407 alpertum&

197 4409 247 4465 οὐκ
265 4410 391 4482 depellere.
428 4419 515 4468 llornil.
536 4421 551 4468 l.
571 4437 592 4470 c.
612 4420 678 4475 lad:
698 4412 759 4484 οὐχ’
781 4411 859 4487 ὁρᾶτε
879 4416 927 4470 dul
945 4419 998 4472 τῶν
1014 4424 1182 4491 μυστηρίων,
1201 4425 1228 4472 τί
1241 4423 1295 4489 ῥοᾷ
1310 4416 1468 4491 συνεχώςό

196 4491 337 4557 διάκονος·
355 4495 548 4568 ἐπιγινώσκετε
565 4495 698 4569 ἀλλήλους
