3044 4912
656 295 728 368 105

133 478 234 553 XXV.
263 474 309 555 Ὁ
336 474 424 560 θεὸς
455 475 476 550 ὅ
510 475 574 552 διά
606 477 745 575 πολλὴν
768 476 832 553 καὶ
857 478 1007 576 ἄφατον
1032 475 1327 576 φιλανθρωπίαν

73 578 309 664 ἐξαποστείλας
332 577 401 655 τάν
425 588 609 682 μονογενῆ
636 603 705 656 σου
738 578 823 656 Υίὸν
847 583 898 664 τίς
922 578 990 656 τὸν
1013 578 1169 676 κόσμον,
1194 582 1257 656 ἵνα
1285 578 1326 653 τὸ

71 681 334 787 πεπλανημένον
359 682 620 778 ἐπαναστρέφη
645 679 852 780 πρόβατον,
884 679 936 777 μὴ
963 681 1206 782 ἀποστραφῇς
1229 681 1329 779 ἡμᾶς

69 783 140 867 τοῦς
155 780 402 881 ἁμαρτωλοὺς
420 781 678 883 ἐγχειροῦντας
695 810 764 859 σου
779 791 825 881 τῇ
843 784 988 881 φοβερᾷ
1004 781 1121 880 ταύτῃ
1138 784 1202 859 καὶ
1219 784 1329 859 ἀναι-

67 882 196 983 μάκτῳ,
210 883 349 982 θυσίᾳ·
378 883 424 960 οῦ
446 884 521 1013 γὰρ
547 883 606 959 ἐπὶ
630 891 712 969 ταῖς
737 882 991 969 δικαιοσύναις
1012 884 1123 985 ἡμῶν
1148 883 1330 960 πεποιθό-

66 1016 112 1071 τες
134 985 274 1084 ἐσμὲν,
289 986 369 1061 ἀλλ’
398 989 459 1060 ἐπι
482 994 536 1083 τῷ
562 987 648 1062 ἐλέει
675 1011 744 1063 σου
767 995 822 1086 τῷ,
848 987 1002 1088 ἀγαθῷ,
1028 984 1079 1062 δι’
1101 980 1147 1062 οὗ
1163 987 1206 1062 τὸ
1222 986 1328 1089 γένος

64 1088 161 1183 ἡμῶν
184 1096 373 1184 περιπατῇ·
408 1086 619 1184 ἱκετεύομεν
643 1088 707 1165 καὶ
731 1097 1019 1187 παρακαλοῦμεν
1042 1088 1113 1186 τὴν
1138 1088 1207 1185 σὴν
1232 1090 1326 1190 ἀγα-

63 1189 212 1288 θάτητα,
234 1193 301 1267 ἵνα
325 1188 378 1287 μὴ
402 1190 552 1291 γένηται
578 1195 627 1275 είς
651 1188 864 1290 κατάκριμα
890 1199 942 1289 τῷ
970 1198 1048 1288 λαῷ
1074 1216 1144 1266 σου
1169 1189 1213 1264 τὸ
1229 1196 1329 1265 uiuo-

62 1291 225 1390 νομηθὲν
247 1290 341 1389 ἡμῖν
364 1300 476 1368 τοῦτο
502 1291 594 1390 πρὸς
618 1291 807 1391 σωτηρίαν
830 1289 1050 1391 μυστήριον,
1076 1291 1157 1367 ἀλλ’
1179 1297 1230 1377 ελς
1245 1289 1329 1377 ἐξά-

62 1403 175 1489 λειιγιν
208 1393 419 1493 ἁμαρτιῶν,
452 1399 502 1478 είς
535 1395 744 1470 ἀνανέωσιν
775 1402 912 1493 ψυχῶν
944 1394 1008 1469 καὶ
1040 1390 1240 1491 σωμάτων,
1277 1398 1329 1479 εἰς

60 1495 295 1595 εῦαρέστησίν
329 1521 399 1571 σου
430 1504 498 1571 τοῦ
528 1500 621 1571 θεοῦ
645 1497 709 1572 καὶ
735 1495 900 1595 Πατρὸς,
926 1499 967 1572 ἐν
993 1496 1080 1571 ἐλέει
1104 1496 1168 1572 καὶ
1194 1504 1329 1596 φιλαν-

61 1596 209 1696 θρωπίᾳ
233 1606 303 1673 τοῦ
328 1606 554 1699 μονογενοῦς
580 1622 649 1673 σου
669 1600 769 1687 Υὶοῦ,
795 1600 886 1695 μεθ’
917 1591 963 1673 οὗ
989 1598 1182 1701 εὐλογητὸς
1207 1597 1239 1673 ελ
1257 1597 1329 1672 σὺν

61 1708 105 1796 τῷ
129 1697 309 1803 παναγίῳ
333 1698 397 1774 καὶ
422 1701 561 1801 ἀγαθῷ
586 1699 650 1775 καὶ
667 1700 836 1800 ζωοάοιῷ
854 1725 924 1776 σου
940 1698 1149 1799 Πνεῦματι,
1176 1707 1249 1777 νῦν
1265 1698 1328 1774 καὶ

60 1801 109 1875 ἀεὶ
133 1801 200 1877 καὶ
226 1807 277 1885 είς
301 1799 388 1907 τοῦς
411 1806 562 1884 αλῶνας.

128 1954 256 2029 XXVI.
296 1948 410 2049 Κύριε
444 1951 464 2028 ὃ
500 1951 606 2043 Θεὸς,
647 1952 667 2027 ὃ
699 1952 827 2040 κτίσας
837 1955 859 2052 ¹)
894 1954 958 2030 καὶ
991 1951 1146 2057 ἀγαγών
1178 1958 1229 2038 είς
1259 1954 1329 2052 τὴν

62 2053 198 2153 ζωὴνβ)
227 2053 248 2129 ὃ
273 2053 467 2141 ὑποδείξας
491 2053 583 2151 ἡμῖν
608 2053 719 2138 ὁδοὺς
744 2060 794 2140 εἰς
817 2055 1016 2153 σωτηρίαν,
1044 2053 1063 2129 ὃ
1077 2051 1329 2153 χαρισάμενος

61 2156 143 2252 ἡμῖν
170 2156 364 2255 οὐρανίων
388 2155 605 2254 μυστηρίων
630 2154 880 2255 ἀποκάλυψιν,
906 2156 969 2231 καὶ
990 2155 1150 2251 θέμενος
1164 2154 1262 2252 ἡμᾶς
1279 2162 1329 2241 είς

62 2259 121 2357 τὴν
146 2257 348 2335 διακονίαν
373 2254 514 2355 ταύτην
531 2261 571 2332 ἐν
586 2266 631 2354 τῇ
650 2253 808 2352 δυνάμει
824 2266 892 2334 τοῦ
908 2257 1095 2360 πᾳναγίου
1115 2282 1184 2333 σου
1201 2253 1329 2333 Πνεῦ-

62 2388 182 2453 ματος,
211 2357 429 2457 εῦδόκησον,
453 2358 626 2449 δέσποτα,
641 2359 820 2460 γενέσθαι
836 2359 934 2457 ἡμᾶς
951 2355 1149 2443 διακόνους
1168 2368 1232 2456 τῆς
1246 2388 1329 2434 και-

61 2471 118 2560 νῆς
135 2487 208 2539 σου
226 2461 422 2559 διαθήκης,
448 2460 680 2564 λειτουργοὺς
695 2470 774 2536 τῶν
795 2459 994 2558 ἀχράντων
1009 2486 1078 2538 σου
1095 2461 1330 2559 μυστηρίων·

60 2566 116 2639 καὶ
143 2562 340 2663 πρόςδεξαι
372 2564 472 2660 ἡμᾶς
495 2562 799 2666 προςεγγίζοντας
823 2573 876 2662 τῷ
904 2563 999 2665 ἁγίῳ
1027 2591 1096 2639 σου
1120 2567 1330 2660 θυσιαστη-

59 2666 125 2766 ρίῳ
151 2667 248 2743 κατὰ
275 2667 318 2741 τὸ
339 2670 482 2762 πλῆθος
501 2676 569 2743 τοῦ
591 2666 712 2750 ἐλέους
734 2692 815 2756 σου,
838 2669 902 2742 ἵνα
924 2670 1017 2751 άξιοι
1039 2663 1241 2768 γενώμεθα
1261 2673 1330 2740 τοῦ

59 2768 277 2868 προςφέρειν
302 2794 361 2842 σοι
386 2766 492 2867 δῶρά
518 2799 556 2843 τε
581 2768 645 2843 καὶ
669 2767 809 2853 θυσίας
829 2768 919 2866 ὑπέρ
941 2797 979 2843 τε
1001 2770 1148 2845 ἑαυτῶν
1169 2767 1232 2842 καὶ
1253 2776 1331 2842 τῶν

58 2879 124 2945 τοῦ
143 2879 237 2946 λαοῦ
261 2868 526 2972 ἀγνοημάτων·
553 2870 617 2945 καὶ
638 2869 704 2953 δὸς
723 2868 826 2967 ἡμῖν,
843 2869 970 2969 Κύριε,
988 2869 1081 2966 μετὰ
1103 2868 1242 2952 παντὸς
1259 2865 1331 2966 φό-

57 2973 131 3068 βου
156 2972 221 3047 καὶ
247 2969 492 3068 συνειδήσεως
516 2974 692 3069 καθαρᾶς
718 2971 959 3070 προςκομίσαι
987 2999 1043 3047 σοι
1070 2970 1139 3068 τὴν
1163 2999 1331 3064 πνευμα-

145 3127 168 3188 l)
185 3130 275 3174 Fuhriu.
294 3128 383 3182 ιιτίσας
397 3123 476 3191 ἡμᾶς.
547 3130 571 3188 2)
589 3130 654 3173 Fnhr.
674 3123 740 3188 ζωὴν
758 3123 863 3188 ταύτην.

144 3365 202 3430 Cup.
220 3364 284 3416 XXV.
322 3366 415 3416 liabent
432 3366 462 3416 ll.
480 3375 504 3417 ot
521 3367 548 3416 ll.
574 3366 670 3428 Legitur
687 3359 752 3428 εὐχὴ
770 3363 814 3426 τῆς
831 3364 909 3418 θείας
925 3360 1095 3428 λειτουργίας
1112 3360 1160 3411 τοῦ
1176 3354 1333 3412 ἀποστόλου

58 3449 107 3498 καὶ
121 3445 302 3516 ἀδελφοθίου
315 3442 446 3513 ’ίακάβοα
473 3452 495 3502 in
513 3452 618 3513 liturgia
637 3451 663 3500 S.
681 3450 761 3500 linsilii
781 3448 1053 3499 Alexandrino-Graeca.
1072 3448 1150 3497 lluriut
1168 3449 1190 3497 iu
1211 3447 1333 3497 nonnullis

59 3536 194 3599 scripturo:
224 3523 337 3600 ἀφατόν
359 3546 409 3584 σου
426 3562 458 3572 -
477 3533 522 3584 ἵνα
545 3534 629 3583 unul.
647 3560 680 3570 -
703 3533 749 3583 ool
773 3527 821 3594 τὴν
838 3526 963 3598 φοβεράν
980 3523 1081 3593 ταύτην
1098 3531 1145 3579 καλ
1160 3525 1334 3596 ἀναίμακτον

58 3619 165 3667 θισίαν
182 3644 214 3656 -
232 3611 393 3685 ἱκετεύομεν
419 3614 467 3683 τὴν
483 3613 536 3684 σὴν
552 3612 599 3684 ἀγ.
617 3647 649 3656 -
667 3612 846 3683 εὐαρίστησιν
862 3611 922 3678 σήν.
957 3608 1066 3680 ΙΙατρὸς
1083 3614 1129 3663 καὶ
1146 3616 1194 3664 τοῦ
1209 3625 1334 3679 μονογε-

58 3704 124 3759 νοῦς
149 3712 202 3751 σοα
225 3699 287 3750 υἱοῦ
310 3703 358 3751 καλ
381 3695 490 3769 ἀγαθοῦ
513 3701 560 3752 καλ
582 3702 716 3763 ζωοποίοα
739 3700 786 3748 καλ
809 3693 961 3767 ἀμοοασίσα
979 3712 1030 3748 σου
1047 3691 1214 3764 πνεύματος.
1250 3700 1332 3749 urano

58 3789 143 3838 lotobi
165 3789 286 3852 antiquior
310 3797 347 3839 est
364 3788 473 3839 Concilio
491 3790 596 3840 nicoeno
621 3796 645 3838 et
663 3786 942 3850 Constantinopolitano:
966 3785 1119 3835 Alexandrini
1139 3793 1259 3833 mutoruut
1277 3798 1336 3833 cou-

57 3874 196 3924 elusionem
214 3881 271 3936 post
288 3888 377 3923 nuuum
395 3873 452 3924 389,

147 3975 206 4038 Cup.
223 3975 299 4025 nli.
336 3976 365 4025 ll.
383 3978 517 4027 orationem
542 3976 648 4041 appellat
665 3977 758 4025 tertium
778 3973 802 4024 S.
820 3972 910 4023 Basilii.
945 3972 1026 4021 Exstat
1043 3972 1066 4020 iu
1085 3971 1111 4019 R.
1147 3971 1278 4020 llemonutu
1296 3971 1334 4020 ‹li-

58 4075 134 4123 guum
159 4069 205 4120 ost,
228 4061 299 4110 etium
325 4061 350 4110 iu
368 4060 471 4123 liturgia
490 4062 515 4112 S.
534 4060 614 4111 llusilii
639 4061 796 4110 Alexandrino
820 4059 898 4109 uocari
921 4050 987 4121 εὐχὴ
1013 4049 1165 4120 ἀσπασμοῦ
1188 4053 1236 4103 τοῦ
1252 4046 1334 4118 ἀγίοα

57 4142 219 4193 Βασιλείαν.
255 4145 361 4194 Observa
385 4146 495 4195 lectionis
519 4147 664 4196 varietatum.
698 4145 794 4198 κτίσας
815 4137 937 4209 ἡμάς-
955 4132 1024 4202 ζωὴν
1048 4130 1198 4199 ταύτην-
1217 4135 1251 4186 σὺ
1277 4126 1304 4186 εί
1320 4128 1335 4187 ὃ
1371 4197 1376 4207 Ι

57 4230 183 4298 θίμενος
200 4253 233 4265 -
251 4221 372 4294 δυνάμει
394 4231 442 4278 τοῦ
464 4222 623 4295 πνεύματος
639 4255 672 4266 -
690 4223 845 4289 εὐδόκησιν
868 4221 902 4289 δὴ
919 4219 994 4292 κύριε
1012 4222 1062 4273 τοῦ
1080 4237 1106 4289 γ.
1125 4249 1158 4259 -
1175 4221 1230 4272 τῶν
1247 4213 1336 4286 ἁγίων

61 4325 112 4363 σου
131 4329 163 4380 μ.
182 4310 230 4360 ἵνα
247 4302 320 4369 ἄξιοι
337 4328 364 4379 γ.
382 4341 415 4350 -
432 4307 502 4378 ὑπὲρ
525 4312 580 4362 τῶν
604 4306 742 4379 ἡμετίρων
765 4303 973 4377 ἁμαρτημάτων
996 4307 1043 4357 καὶ
1060 4306 1115 4357 τῶν
1132 4304 1181 4356 τοῦ
1197 4304 1266 4354 λαοῦ
1283 4316 1336 4354 σου

59 4392 105 4466 ἀγ.
126 4422 161 4435 -
179 4391 230 4453 δὸς
252 4392 321 4463 ἡμῖν
343 4394 413 4466 μετά
431 4425 462 4436 -
481 4395 599 4454 εὐωδίας
622 4391 682 4446 ἀντ.
699 4423 732 4433 -
746 4383 832 4463 χάριν
849 4394 897 4444 τοῦ
913 4385 996 4459 ἀγίοα
1013 4405 1064 4442 σου
1082 4406 1112 4440 π.
1131 4417 1164 4427 -
1182 4385 1336 4454 προςεδίξω

58 4478 92 4537 h
108 4482 167 4533 τῶν
185 4473 276 4548 ἁγίαν
294 4492 346 4532 σου
359 4478 523 4534 ἀποστόλων
540 4477 589 4546 τὴν
605 4479 649 4531 ἀλ.
668 4473 769 4544 ταύτην
785 4480 914 4548 λατρείαν
931 4505 965 4518 -
977 4490 1076 4545 χρηστ.
1094 4488 1146 4526 σου
1163 4467 1338 4544 κύριε-δὸς

57 4582 87 4635 γ.
103 4560 310 4639 εῦπροσδεκτά,
325 4559 481 4636 ἡγιασμίνα
499 4593 531 4607 -
548 4559 999 4637 ίξείασμίν-προκοιμηθίντων
1017 4554 1258 4632 'ln-tintinnum
1273 4556 1301 4609 l·
1311 4583 1344 4596 ··
