3044 4912
670 305 745 381 459

147 490 287 563 Veniam
320 501 354 563 et
378 491 610 565 remissionem
638 491 834 565 delictorum
860 504 1051 568 nostrorum
1076 520 1252 593 precemur
1276 501 1342 575 Do·

97 594 211 664 inum.
220 590 243 688 ¹)

145 694 266 790 Magna
300 716 339 766 oc
371 693 507 766 victrice
543 696 772 769 sanctissimae
799 699 908 771 crucis
934 700 1081 795 potentia
1108 711 1146 772 ut
1171 717 1344 779 succurret

97 796 183 889 obis,
209 819 383 912 precemur
409 794 597 869 Dominum.

148 897 212 971 Pro
248 898 372 969 unitate
406 922 502 971 verae
535 909 569 971 et
602 910 737 972 sanctae
769 897 847 971 fidei
893 913 1026 974 nostrae
1066 927 1241 1000 precemur
1275 907 1341 980 Do·

101 1001 211 1073 inum.

148 1102 288 1174 Nosmet
328 1101 419 1195 ipsos
453 1101 594 1174 invicem
628 1102 897 1177 commendamus
931 1102 1013 1196 Deo,
1047 1104 1190 1178 Domino
1227 1119 1341 1181 nostro

97 1199 335 1300 nnipotenti.²)

149 1305 289 1378 Chorus.
341 1300 416 1375 Tibi
444 1327 504 1375 nos
532 1305 812 1398 commendemus,
839 1306 991 1379 Domine.

146 1407 326 1479 monos.
381 1403 452 1476 Uno
471 1430 529 1478 ore
548 1407 696 1479 dicemus
715 1431 849 1480 omnes:
878 1408 1035 1482 Miserere
1054 1410 1151 1482 nohis
1153 1411 1338 1549 ,Domine‚

97 1509 255 1581 :cundum
281 1530 435 1600 magnam
464 1507 643 1580 bonitatem
670 1520 771 1581 tuero

149 1610 288 1682 uteros
340 1608 496 1699 Domine,
522 1610 681 1682 miserere
708 1611 816 1683 nobis.
858 1610 933 1683 Ter.

146 1711 236 1783 Dum
260 1711 342 1782 haec
368 1665 503 1782 Litoniir
529 1712 705 1799 recitator,
734 1712 900 1785 Sacerdos
927 1722 1055 1785 secreto
1082 1724 1176 1787 arat:

145 1812 288 1884 Domine
315 1836 354 1883 oc
379 1811 568 1909 redemptor
595 1825 719 1905 noster,
747 1812 822 1887 lesu
849 1814 991 1905 Christe,
1028 1816 1084 1910 qni
1112 1817 1251 1889 multum
1279 1817 1340 1888 mi·

97 1914 216 1986 tricors
251 1938 287 1986 es
321 1925 354 1985 et
387 1915 483 1986 donis
517 1916 641 2009 gratiae
677 1928 751 1987 tuae
777 1916 943 1988 abundos:
980 1915 1043 2000 Qui
1072 1917 1134 1988 hoc
1160 1919 1231 2015 ipsa
1259 1918 1340 1990 hora

97 2028 207 2113 ·opter
241 2025 353 2087 nostra
390 2027 524 2111 peccota
551 2028 713 2088 tormenta
740 2028 774 2088 et
798 2030 938 2090 mortem
966 2019 1074 2090 crucis
1099 2019 1166 2113 poti
1189 2019 1339 2092 notuisti:

98 2120 135 2191 ui
171 2119 257 2190 dono
290 2116 434 2213 Spiritus
469 2119 580 2191 Sancti
616 2119 664 2191 tui
699 2119 803 2192 beatis
837 2119 1004 2216 Apostolis
1037 2121 1176 2215 largitus
1210 2143 1265 2192 es:
1308 2133 1341 2194 ct

97 2246 132 2294 os
150 2244 364 2317 quaesumus,
391 2219 544 2311 Domine,
572 2221 673 2292 socias
693 2222 884 2293 coelestium
903 2221 1066 2293 honorum
1085 2222 1275 2319 participes,
1303 2233 1341 2296 ut

97 2323 214 2395 rccotis
241 2323 364 2392 nostris
392 2322 538 2394 dimissis
565 2322 765 2417 accipiamus
791 2323 951 2419 Spiritum
984 2333 1076 2415 tpum
1104 2323 1273 2397 Sanctum.

145 2423 248 2497 Dicta
275 2446 372 2495 once:
398 2422 442 2494 Ut
468 2423 559 2519 digni
587 2424 782 2516 efficiamur,
810 2426 865 2523 qui
893 2439 925 2497 te
944 2425 1167 2521 glorificemus
1185 2450 1260 2498 curn
1279 2425 1339 2498 Po·

97 2550 119 2598 e
145 2538 181 2598 et
205 2525 333 2621 Spiritu
361 2525 483 2597 Sancto
512 2550 600 2597 nunc
626 2537 660 2598 et
684 2551 816 2624 semper
843 2529 936 2600 etin
963 2528 1103 2600 saecula.
1127 2530 1262 2603 nmen.

144 2644 325 2716 Diaconos.
378 2643 519 2714 Domine
547 2643 695 2716 benedic.

148 2745 324 2816 Sacerdos.
379 2745 443 2816 Pax
470 2746 561 2816 vobis
589 2747 754 2818 omnibus.

148 2846 288 2919 Chorus.
343 2846 485 2918 Etcum
513 2848 640 2944 Spiritu
668 2860 735 2920 tuo.

146 2947 326 3021 Diaconos.
380 2947 556 3021 Precemur
583 2949 761 3021 Dominum
788 2959 949 3020 nostrum.

147 3049 287 3122 Cinorus.
340 3049 385 3121 Te
414 3050 564 3122 Domine.

146 3150 323 3224 Sacerdos.
376 3151 518 3243 Christe,
546 3153 735 3248 redemptor
759 3160 884 3240 noster,
912 3172 991 3244 poce
1008 3157 1076 3241 tuo,
1097 3173 1181 3246 quae
1200 3172 1338 3245 exsupe-

97 3267 119 3328 rt
154 3276 286 3325 omnem
320 3277 455 3325 sensum
488 3265 522 3324 et
556 3277 756 3343 sermonem,
791 3252 966 3323 conlirmes
994 3274 1055 3322 nos
1082 3261 1116 3322 et
1142 3252 1271 3324 munius
1297 3250 1339 3324 ab

97 3358 159 3429 nni
204 3355 406 3427 adversitatis
449 3367 602 3427 tremore.
656 3357 758 3448 lunge
799 3377 860 3425 uos
892 3377 1092 3450 quaesumus
1125 3353 1179 3446 iis,
1214 3354 1270 3451 qui
1306 3363 1338 3426 te
1394 3354 1427 3391 ”

97 3471 159 3532 ecte
187 3458 309 3547 colunt,
337 3458 392 3554 qui
422 3469 453 3527 te
480 3459 618 3529 odorant
645 3459 677 3529 in
705 3456 822 3552 spiritu
840 3466 874 3527 et
891 3456 1037 3527 veritate.
1066 3453 1148 3526 Nam
1170 3465 1244 3526 tuae
1263 3478 1338 3527 san·
1369 3536 1373 3541 ¹

97 3560 237 3634 issimne
263 3559 414 3630 Trnrrtatr
427 3555 450 3652 ³)
487 3560 625 3632 debetur
659 3559 775 3655 gioria,
809 3559 916 3629 honor
950 3568 984 3629 et
1015 3557 1163 3654 potentio
1191 3566 1339 3629 nuncet

97 3686 202 3760 mper
229 3661 319 3731 etin
349 3661 488 3732 saecuto.

144 3762 346 3836 Benedictus
373 3763 417 3834 sit
443 3763 603 3835 Dominus
630 3774 745 3834 noster
769 3762 861 3834 lesus
888 3759 1051 3833 Christus.

147 3865 286 3939 Cinorus.
338 3866 455 3936 Amen.

144 3967 325 4039 Diaconos.
378 3967 518 4038 Domine
546 3964 695 4037 benedic.

97 4145 365 4157 .....-.—-—-—

147 4216 178 4297 Ι1)
196 4229 370 4304 συγγνώμην
384 4235 430 4284 καὶ
448 4225 550 4301 ἔφεσιν
568 4251 590 4299 p.
602 4235 658 4285 ³55.
671 4232 728 4283 364.

154 4323 180 4376 2)
199 4318 313 4376 damaris
329 4320 375 4369 xci
393 4313 524 4382 ἀλλήλους
540 4335 565 4383 p.
575 4319 633 4369 ddd.

151 4407 178 4467 3)
202 4406 299 4456 Neoie
317 4421 340 4469 p.
351 4406 414 4454 424:
440 4406 515 4463 „This
540 4403 689 4466 expression.
714 4402 737 4450 in
763 4416 792 4449 ιιι
811 4400 936 4448 Armenion
955 4399 1058 4461 Litargp,
1077 4411 1177 4447 esnoars
1194 4411 1248 4460 very
1266 4399 1336 4448 much

110 4492 224 4555 heresis·
259 4490 311 4539 AC:
338 4491 402 4539 Denn
427 4490 470 4538 der
494 4487 657 4548 stlertreitigen
678 4485 845 4546 Dreieinigtreit
863 4485 985 4546 gebubren
1004 4484 1171 4543 Herrlichkeit,
1195 4482 1272 4532 Docht
1289 4483 1337 4534 ond

97 4592 138 4637 irc,
154 4578 214 4640 jstzt
232 4575 280 4624 uod
298 4575 384 4623 immor
403 4573 450 4623 ond
469 4586 513 4623 ron
532 4571 647 4633 Enissteit
663 4586 691 4620 ιιι
710 4569 831 4630 unguen.
865 4571 948 4619 tmen.
