3044 4912
687 236 761 311 427

1346 425 1358 452 t

105 456 107 473 ·
145 418 295 516 ἀπαρχὴ
329 427 408 494 τῶν
443 418 609 495 αἰωνίων
643 420 820 523 ἀγαθῶν,
855 419 879 517 ἡ
916 419 1094 512 ζωοποιδς
1129 419 1301 519 δύναμις,
1336 457 1360 522 η

105 521 185 625 ιηγή
218 528 289 596 τοῦ
323 520 529 622 ἀγιασμοῦ·
566 522 649 620 παρ’
686 514 732 597 οὗ
748 523 869 596 ’πᾶσα
902 521 1019 608 κτίσις
1058 521 1184 626 λογική
1223 554 1263 599 τε
1296 530 1360 602 καί

105 623 199 721 ὀερά
231 621 499 720 δυναμουμένη
533 623 592 697 σοὶ
625 620 803 719 λατρεύει,
834 622 898 698 καί
930 624 989 699 σοί
1020 624 1090 723 τήν
1114 625 1240 702 ἀίδιον
1266 625 1361 703 ἀνα-

105 725 218 820 ιέμπει
252 722 487 827 δοξολογίαν·
523 724 580 800 ὅτι
612 725 660 800 τὰ
693 724 893 822 σύμπαντα
918 724 1044 806 ,δοῦλα
1071 724 1131 802 σοί.
1184 727 1246 803 Σὲ
1303 730 1358 829 ἀρ

105 832 312 904 ιίνοῦσιν
337 828 547 930 ἄγγελοι,
581 825 886 930 ἀρχοίγγελοι,
912 826 1105 924 θρόνοι,
1139 858 1244 928 κυρι
1279 850 1359 929 τη-

105 956 178 1018 ·ες,
214 928 374 1024 ἀρχαὶ,
407 927 640 1019 ἐξουσίαι,
674 925 921 1023 δυνάμεις,
953 929 1032 1004 καί
1062 929 1118 1005 τὰ
1150 929 1359 1030 πολυόμ-

105 1060 210 1106 ιατοι
224 1030 488 1128 Χερουβὶμ,
516 1031 590 1106 οοί
615 1031 934 1126 παρίστανται
959 1030 1112 1130 κόκλφ
1136 1031 1359 1132 τάΣερα-

105 1132 195 1229 τίμ,
229 1132 274 1216 ἓξ
305 1132 532 1234 πτέρυγες
555 1141 616 1231 τῷ
643 1133 731 1223 ένί,
764 1132 841 1208 καὶ
868 1135 912 1219 ἓξ
935 1136 1158 1236 πτέρυγες
1180 1142 1242 1231 τῷ
1269 1136 1358 1226 ἑνὶ,

105 1233 164 1308 ταὶ
204 1239 306 1318 ταῖς
344 1234 429 1328 μέν
467 1233 576 1309 δυσὶ
607 1232 1021 1311 κατακαλύπτουοι
1054 1236 1109 1311 τὰ
1140 1235 1358 1331 πρόςωπα

112 1343 287 1425 αυτῶν,
320 1342 423 1420 ταῖς
455 1334 504 1411 δέ
538 1335 650 1411 δυσί
681 1335 788 1421 τοῦς
820 1334 986 1426 πόδας,
1018 1336 1097 1413 καί
1121 1343 1224 1423 ταῖς
1249 1338 1358 1415 δυσὶ

105 1434 338 1532 ιετόμενα,
370 1439 598 1539 κέκραγεν
630 1439 790 1533 ἕτερον
822 1438 935 1534 πρὸς
966 1438 1016 1512 τδ
1049 1439 1211 1533 ἕτερον
1243 1440 1358 1515 ἀκα-

114 1536 377 1624 απαόστοις
403 1535 620 1634 στόμασι,
647 1535 888 1640 ἀσιγήτοις
913 1539 1221 1643 δοξολογίαις.

546 1667 720 1763 Ἐκφῶνως
741 1669 760 1741 ὃ
782 1669 898 1761 ἱερεύς.

176 1774 264 1851 Τὸν
289 1774 522 1850 ἐπινίκιον
549 1776 697 1871 ὕμνον
724 1774 921 1874 ᾄδοντα,
956 1778 1163 1875 βοῶντα,
1191 1806 1357 1877 κεκρα-

105 1874 221 1967 ’ότα,
247 1876 323 1952 καί
350 1876 555 1979 λέγοντα.

632 2006 670 2077 Ὁ
698 2007 806 2097 χορός.

157 2112 327 2213 Ἄγιος,
354 2113 503 2214 ἅγιος,
527 2112 678 2213 ἅγιος,
701 2110 871 2210 Κύριος
889 2110 1163 2211 Σαββαῶθ,
1185 2112 1357 2213 πλήρης

130 2214 334 2311 οὐρανὸς
357 2214 434 2290 καὶ
458 2214 482 2312 ἡ
506 2222 561 2317 γῆ
587 2222 667 2312 τῆς
685 2212 822 2311 δόξης
842 2240 946 2304 σου,
973 2213 1162 2290 ῶσαννά
1188 2219 1238 2292 ἐν
1256 2224 1356 2302 τοῖς

105 2317 312 2412 ’φίστοις
365 2316 689 2418 Εὐλογημένος
726 2315 745 2389 ὁ
782 2314 1033 2412 ἐρχόμενος
1071 2318 1119 2391 έν
1155 2314 1355 2416 ὀνόματι

105 2417 273 2513 ἷυρίου.
322 2416 524 2494 Ὡσαννὰ
550 2422 598 2493 ἐν
618 2423 715 2501 τοῖς
738 2416 958 2515 ὑψίστοις
985 2420 1150 2516 (Ιοο.28).

167 2531 354 2603 Κάνταῦθα
392 2531 410 2602 ὁ
445 2531 599 2615 διάκονος
635 2533 677 2601 τὰ
709 2529 793 2601 αὐτὰ
828 2538 924 2603 ποιεῖ
957 2541 998 2624 τῇ
1025 2541 1085 2603 τοῦ
1112 2533 1354 2622 Χρυσοοτόμου

105 2632 279 2726 ειτουργίρ.

441 2733 634 2820 Ἐπείχεται
653 2742 819 2823 μυστικῶς
840 2734 859 2804 o‘
883 2732 999 2824 ἱερεύς.

166 2839 279 2914 Μετὰ
305 2836 449 2915 τούτων
475 2848 554 2915 τῶν
578 2841 776 2937 μακαρίων
802 2837 1016 2934 δυνάμεων,
1042 2839 1203 2916 δέσποτα
1222 2839 1355 2940 φιλόν-

105 2950 227 3036 ἰρωπε,
253 2941 316 3016 καί
339 2941 443 3035 ἡμεῖς
468 2943 502 3016 οἱ
529 2940 743 3041 ἁμαρτωλοὶ
766 2943 920 3039 βοῶμεν
945 2941 1009 3015 καὶ
1023 2941 1187 3042 λέγομεν.
1204 2943 1356 3044 αΑγιος

105 3042 120 3117 ἰ
153 3047 213 3127 ῶς
246 3043 431 3140 ἀληθῶς
462 3043 540 3118 καί
573 3041 804 3145 πανοίγιος
832 3046 945 3138 (Clem.
977 3044 1048 3140 13),
1081 3043 1143 3117 καὶ
1178 3045 1245 3117 οὐκ
1278 3046 1354 3120 ἔστι

105 3145 219 3241 έτρον
250 3153 295 3241 τῇ
329 3144 619 3246 μεγαλοπρεπείᾳ
652 3153 717 3240 τῆς
749 3143 948 3245 ἆγιοσύνης
981 3168 1064 3233 σου,
1099 3141 1162 3218 καὶ
1188 3143 1288 3229 ὅσιος
1313 3149 1354 3221 ἐν

105 3254 174 3321 εἶσι
199 3253 276 3329 τοῖς
301 3248 421 3347 ἔργοις
446 3271 528 3333 σου,
566 3245 620 3319 ὅτι
646 3247 688 3321 έν
713 3243 932 3341 δικαιοσύνη
957 3244 1021 3320 καὶ
1046 3244 1163 3343 κρίσει
1190 3245 1352 3346 ἀληθινῇ

105 3344 205 3423 ἄντα
231 3345 408 3450 ἐπήγαγες
432 3347 533 3444 ἡμῖν.
562 3344 718 3430 Πλοίσας
743 3346 815 3448 γὰρ
842 3346 909 3423 τιίν
936 3348 1144 3444 ἄνθρωπον
1166 3357 1264 3444 χοῦν
1289 3357 1356 3426 λα·

105 3448 166 3523 ’ῶν
199 3450 272 3525 ἀπὸ
305 3458 369 3547 τῆς
400 3457 479 3550 γῆς,
514 3448 592 3523 καὶ
617 3445 767 3524 εἰκόνι
792 3457 844 3544 τῇ
872 3457 925 3545 σῇ
952 3448 972 3523 ὁ
1002 3448 1110 3532 Θεὸς
1134 3446 1353 3548 τιμήσας,

108 3551 301 3636 έθειιιας
326 3555 373 3626 ἐν
398 3559 458 3648 τῷ
486 3548 757 3648 παραδείσῳ
782 3558 863 3646 τῆς
882 3558 1061 3649 τρυφῆς
1079 3551 1354 3627 ἀθανασίαν

107 3661 216 3748 ωῆς,
252 3653 330 3728 καί
364 3650 627 3727 ἀπόλαυσιν
660 3650 865 3727 αἰωνίων
900 3653 1098 3778 ἀγαθῶν
1123 3655 1172 3729 ἐν
1197 3660 1248 3749 τῇ
1274 3682 1354 3750 τη-

108 3750 211 3849 ήσει
237 3762 328 3830 τῶν
353 3759 557 3829 ε’ντολῶν
583 3779 665 3828 σου
683 3757 1082 3855 ἐπαγγειλαμενος
1101 3754 1237 3851 αὐτῷ.
1257 3754 1354 3829 Ἀλ-

106 3854 133 3929 δι
168 3853 535 3951 παρακοῦσαντοί
573 3881 656 3930 σου
691 3863 774 3930 τοῦ
810 3856 1047 3952 ἀληθινοῦ
1087 3859 1228 3946 θεοῦ,
1271 3865 1353 3932 τοῦ

107 3954 329 4043 τίσαντος
362 3956 526 4046 αὐτὸν,
560 3957 639 4032 καὶ
671 3964 725 4053 τῇ
760 3953 912 4052 ἀπάτη
945 3963 1028 4031 τοῦ
1062 3957 1212 4055 ὄφεως
1235 3956 1353 4032 ῦπα-

108 4058 258 4134 θέντα
292 4059 532 4154 νεκρωθέντα
557 4087 596 4132 τε
622 4065 699 4143 τοῖς
724 4058 868 4142 οἰκείοις
894 4058 1011 4132 αὐτοῦ
1037 4055 1350 4157 παραπτώμασιν,

105 4158 304 4256 ξῶρισας
330 4160 471 4236 αὐτὸν
498 4163 685 4258 (Clem.12)
712 4163 753 4234 ἐν
778 4168 822 4256 τῇ
850 4158 1098 4258 δικαιοκρισίᾳ
1116 4185 1198 4249 σου,
1225 4160 1352 4244 δΘεὸς

105 4290 120 4337 ι
144 4268 220 4337 ,τοῦ
250 4262 480 4363 παραδείσου
513 4268 564 4346 εἰς
588 4261 656 4338 τὸν
680 4257 824 4356 κόσμον
848 4268 997 4350 τοῦτον,
1030 4262 1094 4335 καὶ
1119 4262 1350 4360 ἀπέστρεφας

105 4373 129 4448 ἐς
151 4363 223 4460 τὴν
246 4374 332 4467 γῆν,
358 4369 397 4450 ἐξ
420 4358 464 4461 ἧς
489 4361 648 4462 ἐλήφθη,
677 4368 887 4457 οἰκονομῶν
913 4364 1016 4460 αὐτῷ
1042 4361 1111 4459 τὴν
1137 4370 1351 4466 παλιγγενε-

105 4467 161 4550 ίας
187 4467 467 4569 σωτηρίαντὴν
493 4470 533 4542 έν
560 4467 662 4565 αὐτῷ
688 4472 742 4564 τῷ
768 4470 924 4564 Χριστῷ
952 4490 1031 4542 σου.
1078 4465 1135 4542 Οὐ
1160 4464 1234 4566 γὰρ
1261 4466 1349 4541 ἀπε·
