3044 4912
743 275 793 349 55

127 454 263 550 ’όςοῦχ
289 454 627 556 &superiactatos
653 476 684 551 (3
693 474 764 555 neg.
773 476 882 551 8,46)·
909 457 976 533 ἰὰν
1000 457 1074 560 γὰρ
1101 456 1260 556 ἀνομίας
1284 492 1407 562 παρα-

133 553 282 653 τηρήση,
314 555 432 656 κύριε,
465 555 588 656 κύριε,
620 554 678 640 τίς
710 555 956 655 ὑποστήσεται
981 580 1043 658 (ps,
1056 580 1126 655 130,
1135 582 1183 657 3J3
1218 560 1276 636 ὅτι
1300 565 1404 662 παρὰ

93 680 95 709 ²
137 659 188 733 σοὶ
214 657 235 733 ὃ
259 658 418 753 ἱλασμός
443 662 536 735 ἐστι·
563 658 627 735 καὶ
653 656 961 757 ἀποκατάστησον
987 662 1124 747 αὐτοὺς
1146 671 1192 759 τῇ
1220 662 1311 766 ἆγίηε
1337 689 1407 741 σου

139 759 299 859 ἐκκλησίᾳ
325 761 412 859 ἀξίᾳ
436 761 500 837 καὶ
525 770 628 858 τιμῇ,
655 760 720 836 διὰ
746 768 814 836 τοῦ
832 766 1002 860 Χριστοῦ
1028 772 1095 839 τοῦ
1120 770 1214 841 Θεοῦ
1241 774 1407 865 σωτῆρος

141 862 252 957 ἡμῶν·
290 862 341 938 δι’
372 857 419 938 οὗ
444 888 502 938 σοι
528 861 621 949 δόξα
646 862 709 937 καὶ
734 861 990 961 προςκόνησις,
1023 868 1065 942 ἐν
1090 874 1144 965 τῷ
1171 865 1268 969 ἁγίῳ
1293 866 1407 946 πνεύ-

142 992 230 1058 ματι,
256 966 310 1048 εἰς
334 964 422 1049 τοὺς
447 970 596 1050 αἰῶνας.
640 964 751 1062 ἀμήν.

208 1068 300 1141 Vffl.
337 1079 409 1149 Καὶ
437 1078 456 1150 ὁ
485 1078 641 1162 διάκονος
661 1080 799 1169 λεγέτω·
835 1064 1046 1143 ἀποδύεσθε
1080 1068 1115 1142 Οἱ
1147 1071 1190 1145 gl!
1213 1070 1405 1172 tteoavoltn.

142 1181 198 1249 Καὶ
217 1184 451 1271 mog-ustus·
485 1165 594 1265 μήτις
617 1177 696 1244 τῶν
719 1166 1014 1265 obdormitione
1030 1171 1242 1268 προελθέτω
1255 1172 1295 1269 ¹)·
1323 1173 1405 1249 ὅσοι

95 1364 98 1371 Ι
142 1268 250 1344 πιστοὶ
285 1269 472 1366 κλίναιμεν
492 1267 634 1397 μόναί)
674 1273 884 1367 Δεηθῶμεν
908 1279 977 1347 τοῦ
1004 1276 1098 1347 θεοῦ
1125 1271 1190 1347 διὰ
1215 1282 1284 1348 τοῦ
1308 1280 1405 1374 Χρι-

142 1379 218 1445 orori
252 1371 382 1446 αὐτοῦ.
436 1377 586 1455 Παντες
619 1368 809 1456 συντόνως
834 1372 902 1448 τὸν
929 1373 1023 1450 θεὸν
1049 1373 1113 1449 διὰ
1139 1383 1208 1450 τοῦ
1234 1380 1406 1476 Χριστοῦ

141 1472 245 1547 αὐτοῦ
270 1472 597 1571 παρακαλέσωμεν.
607 1474 630 1571 ³)

209 1748 235 1807 1)
254 1747 349 1799 colel:
368 1748 508 1813 „interpres
525 1748 612 1798 Rosius
630 1747 718 1810 legisse
736 1746 828 1797 ridetur
845 1745 1025 1812 προςείθέτω.
1055 1750 1121 1809 Quos
1139 1751 1239 1814 scriptio
1251 1765 1402 1817 nequaquem

135 1842 163 1883 est
187 1833 370 1897 aspernends.“
405 1832 490 1883 blirum
515 1834 539 1882 in
563 1832 662 1882 modom
692 1833 807 1882 llnctnunt
831 1831 948 1893 Codices,
980 1847 1041 1899 quos
1066 1834 1201 1885 cotelerius
1231 1836 1346 1900 inspexit,
1377 1838 1402 1887 in

133 1917 222 1967 sonibus
239 1914 392 1981 προέλθετε
410 1913 611 1981 stupendibus
631 1931 652 1965 s.
670 1929 706 1966 s:
725 1924 749 1966 et
766 1930 810 1978 ego
829 1926 913 1967 nostro
932 1916 986 1967 loeo
1005 1916 1178 1982 προςιλθέτω
1196 1920 1343 1971 riodiosrim.

207 2000 234 2061 2)
258 2002 325 2051 iuret
349 2002 460 2052 eoolerrs
483 2014 537 2051 enm
556 2000 654 2051 Litsoiis
680 2000 882 2051 constitutionum
908 2000 967 2049 duos
990 2002 1127 2051 istiusmodi
1150 2018 1250 2066 precum
1274 2004 1401 2067 formulas,

129 2100 185 2150 quse
202 2088 233 2137 ab
252 2086 352 2137 Oriente
370 2086 401 2136 ud
419 2085 586 2136 Oeoidsntsles
614 2086 731 2147 migrasse
748 2085 954 2134 verosimillimum
975 2092 1025 2135 est:
1050 2086 1124 2135 ultera
1149 2086 1237 2147 legitur
1254 2089 1278 2137 in
1296 2088 1402 2151 Liturgin

128 2170 293 2231 Ambrosium,
319 2171 421 2220 alteram
448 2169 577 2234 descripsit
600 2169 714 2220 wicelins
742 2184 768 2219 ex
788 2169 956 2233 antiquissimo
982 2169 1070 2220 Codice
1089 2169 1212 2221 Fnldensi.
1241 2172 1300 2221 Cod.
1318 2174 1364 2223 Lit.
1382 2173 1401 2224 1.

125 2254 229 2319 ρ.118.
1404 2316 1410 2327 ¹

213 2336 242 2397 3)
263 2338 394 2390 Bobmer
412 2339 428 2388 Ι.
439 2354 460 2389 e.
477 2355 501 2403 p.
512 2337 576 2389 369:
599 2336 658 2399 „ils
677 2338 774 2397 debete,
793 2336 884 2387 welche
902 2352 947 2387 von
965 2337 1011 2387 den
1031 2337 1164 2401 Gldubigen
1181 2339 1230 2388 und
1248 2340 1340 2391 tursio
1357 2357 1401 2405 ge·

123 2422 248 2490 sproeben
265 2425 360 2475 werden
380 2423 557 2485 sebtembrio
575 2420 613 2473 die
631 2422 937 2486 Laodicenisehesynodu:
955 2446 988 2457 -·
1006 2420 1054 2470 καί
1069 2416 1140 2489 μετὰ
1156 2416 1187 2472 τὸ
1205 2420 1328 2481 ἰξελθεῖν
1340 2420 1402 2482 eoric
1489 2461 1494 2472 .

124 2507 348 2573 τατηνουμίνοος
365 2506 420 2556 τῶν
436 2502 468 2556 ἰν
483 2506 618 2572 μετανοίᾳ
635 2501 685 2569 τήν
701 2500 785 2571 εὐχήν
800 2506 939 2571 γίνεσθαι.
958 2521 978 2556 e.
989 2507 1035 2557 19:
1053 2504 1108 2556 τῶν
1125 2503 1157 2557 ἰν
1173 2510 1307 2575 μετανοίᾳ
1318 2524 1400 2574 προς-

123 2585 264 2642 εἰθόντων
291 2585 346 2641 ὑπὸ
367 2592 448 2660 χεῖρα
472 2584 786 2657 aestuosissimum,
813 2584 898 2646 οὕτως
915 2591 970 2639 τῶν
987 2588 1093 2640 πιστοῖν
1110 2587 1157 2647 τὰς
1173 2586 1255 2657 εὐχὰς
1272 2594 1401 2658 γίνεσθαι

122 2676 208 2739 τρεῖς·
223 2677 296 2743 μίαν
311 2672 366 2743 μὲν
384 2671 432 2738 τήν
449 2667 562 2741 πρώτην
579 2668 625 2723 διὰ
642 2672 754 2737 σιωπής,
772 2669 821 2739 τήν
838 2671 867 2724 δί
887 2670 1018 2740 δευτέραν
1036 2672 1083 2724 καί
1100 2676 1193 2741 τρίτην
1210 2671 1401 2744 dicineum-ru-

122 2751 227 2821 νήσεως
243 2759 427 2823 πληροῦσθαι,
445 2748 500 2808 εἷθ’
522 2750 609 2815 οὕτως
625 2752 674 2821 τήν
691 2749 803 2824 εἰρήνην
820 2754 959 2808 δίδοσθαι.
993 2756 1043 2808 καί
1065 2752 1135 2827 μετὰ
1153 2757 1182 2809 τὸ
1200 2761 1401 2827 πρεσβυτέρους
1467 2782 1471 2787 ’

122 2840 221 2893 δοῦναι
237 2841 278 2906 τῷ
295 2836 439 2907 ἰπισκόπῳ
457 2837 506 2907 τήν
522 2835 642 2907 εἰρήνην,
659 2834 718 2892 τότε
737 2837 797 2899 τοὺς
813 2838 924 2898 ternod:
941 2836 989 2906 τήν
1006 2833 1118 2910 εἰρήνην
1135 2837 1254 2895 διδόναι.
1271 2839 1400 2897 καὶοῦτοι
1492 2892 1498 2901 ,

121 2922 171 2991 τήν
193 2921 281 2994 ἁγίαν
303 2922 467 2996 προςτροραν
490 2924 684 2990 ἐπιτελεῖσθαι,
708 2925 755 2976 καί
771 2917 870 2995 μόνοις
886 2923 949 2984 ἰξόν
966 2917 1037 2976 εἶναι
1055 2928 1111 2984 τοῖς
1127 2925 1274 2992 ἱερατικοῖς
1290 2929 1401 2986 εἰςιέναι
1500 2923 1518 2993 ³„

122 3012 160 3069 εἰς
176 3009 208 3062 τὸ
225 3004 426 3080 θυσιαστήριον
442 3010 489 3061 καί
506 3013 659 3064 κοινωνεῖν.
684 3014 720 3063 Ob
739 3014 782 3063 dus
800 3020 864 3062 erste
882 3014 966 3073 Gebet‚
984 3014 1088 3064 welches
1105 3028 1150 3079 per
1166 3015 1288 3065 silentium
1307 3016 1399 3066 sollen-
1497 3018 1506 3041 ²

122 3099 161 3147 det
178 3099 279 3147 werden
298 3098 380 3159 sollte,
399 3099 436 3148 eiu
455 3098 617 3158 Paternoster,
636 3097 696 3147 odor
713 3098 766 3147 eine
783 3098 872 3148 undere
890 3098 1028 3161 subjective,
1053 3108 1112 3149 etws
1130 3113 1159 3148 un
1177 3100 1221 3151 dos
1238 3100 1398 3149 llewusstsoin

122 3183 269 3232 sdndlrslten
287 3182 503 3232 Seelenzustondes
521 3183 572 3232 sicb
591 3183 768 3246 solummundo,
779 3182 838 3232 bitte
856 3182 918 3232 bebe
936 3185 988 3234 sein
1005 3182 1094 3246 sotter,
1112 3184 1216 3235 lernou
1233 3185 1330 3234 ertbeilt
1346 3185 1399 3235 die·
1418 3226 1427 3235 .

122 3282 161 3317 ser
180 3267 223 3317 ts.
242 3267 301 3317 Cen.
319 3268 363 3317 der
380 3268 475 3331 Synode
495 3267 563 3316 lreine
582 3267 706 3317 duslrunlt.
742 3266 798 3317 Wus
824 3260 873 3328 τήν
895 3263 1028 3332 δευτέραν
1046 3283 1071 3316 ιι.
1088 3268 1182 3334 τρίτην
1207 3268 1343 3331 οαίιεὶοορί,
1369 3264 1419 3320 so*

122 3353 225 3402 erbliekt
241 3352 357 3414 llinglrsm
376 3354 437 3415 orig.
455 3353 491 3411 tv,
508 3368 533 3416 p.
545 3351 594 3401 238
612 3353 666 3401 eine
685 3352 788 3401 iormuls
807 3352 850 3402 des
867 3353 964 3403 zwuiten
984 3352 1086 3405 (lebetes
1107 3354 1131 3402 in
1150 3354 1194 3403 der
1210 3368 1253 3402 uon
1273 3355 1318 3403 den
1337 3368 1399 3418 upo-

122 3438 255 3487 stoliselreo
268 3437 460 3489 Constitutionen
479 3437 520 3486 lib.
531 3437 590 3485 vttt.
604 3453 623 3486 c.
637 3437 668 3486 to
686 3438 828 3500 getieterten
845 3428 1039 3502 προςφώνησις
1054 3429 1125 3503 ὑπὲρ
1135 3434 1188 3483 τῶν
1200 3435 1312 3497 πιστῶν,
1331 3438 1398 3486 ullu-

122 3522 182 3572 rend
200 3521 319 3571 berselbe
337 3521 353 3571 l.
364 3536 384 3572 e
402 3538 425 3586 ρ.
436 3521 484 3571 brt
503 3522 542 3572 dis
559 3522 671 3584 Meinnng
688 3522 803 3582 sulstellt,
823 3521 861 3571 dis
879 3536 924 3571 τοο
942 3521 988 3572 den
1007 3521 1198 3571 Constitutionen
1216 3521 1275 3580 l'lll,
1289 3521 1317 3569 ll
1337 3536 1397 3585 sup-

121 3607 235 3671 peditirte
262 3602 403 3669 Rutulusne
419 3606 463 3656 des
481 3606 605 3657 Bisoholes
623 3607 658 3656 sei
677 3607 803 3667 „eiusdem
821 3605 929 3657 indolis“
946 3607 990 3656 mit
1006 3606 1061 3655 dem
1080 3605 1167 3654 dritten
1185 3603 1273 3655 Gebete
1291 3605 1334 3653 der
1351 3598 1397 3667 Syss

123 3693 194 3742 node.
229 3692 351 3743 Demnselr
370 3690 457 3754 gesellt
473 3691 588 3755 Binghom
607 3692 645 3741 die
663 3691 749 3742 beiden
769 3692 865 3751 Gebem,
890 3690 980 3740 welelte
997 3690 1037 3740 die
1054 3689 1245 3739 Constitutioneu
1264 3687 1396 3751 durbieten,

124 3778 164 3827 der
182 3777 258 3826 misso
276 3777 383 3827 bdelium
402 3778 449 3826 bei.
485 3777 520 3826 lm
537 3776 724 3841 Widersprucbe
743 3777 834 3835 hinnit,
857 3775 951 3824 soheint
968 3774 1023 3824 dem
1040 3772 1139 3836 Augusti
1155 3772 1179 3821 io
1198 3770 1292 3821 Dentis.
1310 3772 1335 3833 V,
1348 3772 1397 3823 tot

125 3861 165 3911 dos
184 3861 250 3911 laute
269 3861 318 3910 uod
336 3862 474 3912 offentliehe
493 3862 576 3923 (lebet,
594 3861 699 3911 welches
717 3876 761 3911 ron
780 3861 824 3910 der
841 3853 1037 3924 προςφοόνησις
1053 3858 1102 3906 und
1120 3851 1260 3916 ἰπίκλησις
1276 3855 1319 3904 der
1331 3856 1396 3907 Con·

124 3948 263 3997 stitutionen
287 3946 427 3997 bezeichnet
449 3947 517 4008 wind,
542 3946 637 4008 „selmo
655 3946 781 4008 lrttbzeitig
799 3945 835 3994 uls
853 3943 1068 4005 ollgemeines
1086 3940 1248 3991 llireb-Gobet
1264 3941 1397 4003 gebrsnobt

124 4044 150 4080 τι
171 4030 255 4081 seio“.
290 4030 333 4080 Die
356 4033 394 4081 lor
418 4032 484 4082 diese
501 4033 600 4082 lnsioht
621 4047 666 4081 ron
683 4031 781 4094 Augusti
803 4024 978 4091 'mitgetheilten
996 4026 1092 4079 Grbnde
1111 4025 1225 4074 sehuineo
1245 4040 1290 4075 nns
1307 4026 1396 4089 jedoeh

125 4114 187 4167 slolrt
205 4114 345 4179 stichhsltig
362 4132 390 4166 zu
408 4118 469 4166 seio.
505 4117 601 4166 Kommt
624 4117 684 4166 such
703 4117 727 4166 in
746 4116 788 4165 dor
805 4104 949 4181 προςηοόν.
967 4111 1016 4161 ond
1033 4106 1158 4171 ἰπίιιλησ.
1176 4111 1244 4160 lreiue
1263 4111 1396 4161 ousdrttek·

126 4198 185 4251 liobe
203 4201 358 4263 „lieziebnng
376 4202 418 4251 sul
434 4201 477 4251 das
495 4201 661 4253 bbendurulrl‘
680 4216 730 4261 tor,
755 4216 783 4250 so
802 4200 875 4249 lludot
894 4214 919 4247 es
938 4197 999 4247 docb
1017 4195 1056 4244 die
1073 4195 1188 4245 Verrrnnlt
1205 4195 1321 4254 δειδιότα,
1338 4194 1396 4244 dsss

127 4284 188 4336 diese
211 4286 300 4335 beiden
319 4286 408 4336 (lebete
432 4288 494 4348 eine,
519 4288 627 4337 obsclroo
652 4287 690 4335 die
708 4285 887 4351 specialissime
912 4284 955 4333 der
971 4282 1122 4331 Eucharistie
1146 4279 1212 4330 nlcbt
1234 4278 1395 4340 beruhreude,
1469 4346 1472 4351 1

127 4368 259 4433 binleitnng
277 4372 301 4421 in
320 4371 359 4420 die
377 4373 450 4421 missu
469 4371 575 4421 lldelium
594 4372 701 4434 obgeben
720 4371 817 4421 sollten.
852 4370 885 4419 Zu
905 4368 971 4418 einer
983 4367 1081 4417 solehou
1093 4364 1330 4427 Eioleitungeiguets
1343 4362 1396 4415 sielt

128 4456 176 4505 nb.
196 4458 272 4507 sebon
292 4456 335 4505 dns
354 4455 482 4506 Exordium
500 4456 543 4506 der
560 4448 756 4526 προςηιόνησις
771 4449 841 4523 ὑπὲρ
860 4469 882 4502 τ.
902 4451 1014 4515 πιστῶν,
1040 4467 1067 4502 zu
1086 4452 1189 4503 uelcber
1206 4450 1246 4501 dle
1262 4448 1396 4512 Gllrbigsn

127 4552 175 4591 rom
192 4540 316 4593 bisconeu
342 4541 434 4592 encitirt
458 4541 572 4593 worden:
597 4542 654 4604 „ior
677 4541 724 4593 den
741 4539 844 4593 Friedett
862 4539 910 4591 und
928 4538 974 4589 don
992 4544 1063 4602 guton
1083 4534 1188 4589 Zosteod
1206 4533 1249 4586 der
1265 4533 1329 4585 Welt
1345 4530 1397 4587 und
