3044 4912
522 198 616 247 ,Ι
720 124 791 197 157

126 307 272 384 ἐνέλέει
296 305 362 382 καὶ
386 309 589 436 ηλκτιρμοῖς
613 303 762 396 εἶναι,
746 303 920 383 εναντίον
939 303 1095 434 πάντων
1108 315 1189 384 τῶν
1204 312 1394 405 αἰχμαλω-

123 406 336 486 τευσάντων
361 404 509 497 αὐτούς.
566 405 771 506 Μνήσθηει
796 407 899 505 κύριε
924 407 987 482 καὶ
1010 407 1133 505 ἡμῶν,
1166 417 1245 539 τάν
1270 406 1393 538 ἀμαρ-

122 519 250 587 τοιλῶν
283 509 348 586 καὶ
382 500 548 595 ἀναξίων
580 507 728 586 δούλων
761 536 842 598 σου,
874 508 937 584 καὶ
969 508 1037 594 τάς
1069 509 1254 638 ἁμαρτίας
1284 511 1394 609 ἡμῶν

123 611 332 741 ἐξάλειψον,
373 611 424 696 ὥς
457 610 606 713 ἀγαθὸς
636 610 700 685 καὶ
733 608 1003 708 φιλάνθρωπος
1034 608 1134 696 θεός.
1186 610 1396 742 Μνήσδηιι

121 712 219 842 κύριε
252 713 317 788 καὶ
349 717 441 810 ἐμοῦ
473 721 542 788 τοῦ
574 721 751 789 ταπεινοῦ
789 713 852 789 καὶ
888 712 1112 810 ἀμαρτωλοῦ
1143 714 1208 795 καὶ
1239 715 1394 890 ἀνηξίου

123 813 258 893 δούλου
285 840 367 904 σου,
393 813 457 891 καὶ
480 813 548 898 τὰς
572 813 758 911 ἁμαρτίας
781 843 857 910 μου
883 811 1131 913 ἐξάλειιμονς
1102 843 1153 899 ως
1172 813 1292 914 φιλάν
1320 847 1394 917 ρω-

124 947 187 1002 πος
210 915 314 1001 θεός.
342 913 573 1014 Συμπάρεσο
598 914 686 991 δὲ’
665 922 756 1012 ημῖν
743 923 1079 1045 λειτουργοῦσι
1058 923 1112 1014 τῷ
1133 917 1306 1047 παναγίηι
1325 943 1394 995 σου

125 1016 290 1114 ἀνόματι.
329 1018 403 1103 Τὰς
427 1017 753 1145 ἐπισυναγωγὰς’
733 1047 843 1114 ημων
867 1046 970 1116 κυριε
995 989 1206 1148 εάλόγησον.
1243 1021 1320 1116 Τὴν
1345 1027 1395 1094 ελ·
1482 1115 1485 1119 y

126 1118 396 1216 δωλολατρείαν
420 1118 543 1195 τέλεον
561 1117 815 1246 ἐκρίζωσόν
795 1119 867 1195 απὸ
892 1127 961 1195 τοῦ
986 1116 1140 1216 κόσμου.
1180 1119 1255 1248 Τὸγ
1280 1147 1395 1196 σατα-

126 1232 195 1300 νόν
218 1222 285 1299 καὶ
310 1229 436 1297 πᾶσαν
461 1220 580 1297 αὐτοῦ
604 1220 673 1316 τὴν
689 1221 884 1348 ἐνέργειαν
908 1219 972 1297 καὶ
988 1219 1171 1319 πονηρίαν
1188 1218 1396 1351 σύντριψον

126 1324 194 1401 6776
219 1323 310 1408 τοὺς
334 1319 498 1407 7766779‘
476 1329 596 1419 ημῶν.
627 1322 723 1405 Τοὺς
746 1323 907 1422 ἐχθρούς
931 1329 997 1418 τῆς
1019 1321 1210 1420 ἐκκλησίας
1234 1347 1304 1400 σου
1328 1322 1396 1401 76·

129 1456 188 1554 ριε,
216 1426 269 1510 ὥς
293 1421 452 1500 πάντοτε
476 1423 540 1499 καὶ
564 1430 639 1499 νῦν
662 1424 903 1500 ταπείνωσον.
938 1421 995 1498 Γ
970 1448 1150 1522 υμνωσον
1175 1424 1303 1503 αὐτῶν
1327 1425 1397 1523 τὴν

129 1525 400 1655 ὑπερηφανίαν·
438 1523 561 1610 δεῖξον
588 1525 778 1609 αύτοῖςέν
755 1523 905 1621 ντάχει
931 1524 1000 1623 τὴν
1026 1526 1229 1602 ἀσθένειαν
1254 1527 1394 1617 αὐτῶν,

130 1629 189 1713 τὰς
213 1626 415 1724 ἐπιβουλὰς
440 1627 569 1702 αὐτῶν
592 1626 746 1711 καὶτὰς
771 1625 1014 1754 πανουργίας,
1041 1627 1085 1712 ἀς
1110 1636 1281 1704 ποιοῦσιν
1299 1631 1391 1703 καθ’

131 1731 231 1828 ἡμῶν
265 1725 477 1826 ἀπράκτους
501 1727 665 1825 ποίησον.
712 1729 942 1857 Ἔξεγέρθηιι
967 1726 1070 1827 κύριε
1093 1759 1157 1804 και
1145 1728 1398 1828 διασκορπι-

135 1829 332 1928 σθήτωσαν
358 1860 394 1904 οι
382 1828 551 1928 ’ἐχθροί
577 1852 658 1919 σου,
684 1830 748 1905 καὶ
773 1830 997 1960 φυγέτωσαν
1022 1836 1073 1914 είς
1095 1829 1143 1905 τά
1166 1830 1283 1905 ὀπίσω
1302 1829 1397 1907 πάν·
1481 1888 1485 1898 ,

136 1962 183 2018 τις
207 1935 242 2007 οἱ
268 1939 464 2029 μισοῦντες
488 1930 579 2005 τὸ”
558 1928 678 2025 ονομά
705 1957 773 2007 σου
799 1934 842 2006 τὸ
868 1931 987 2058 άγιον.
1018 1931 1126 2008 Τὸν*
1142 1930 1182 2007 δε
1210 1930 1301 2007 λαόν
1327 1955 1396 2006 σου

138 2034 194 2111 τάν
219 2032 352 2109 πιστὸν
376 2062 440 2107 και
427 2028 685 2130 ἀρθοδοξον,
694 2033 760 2131 ¹)
745 2033 801 2106 επ’
831 2032 999 2161 εὐλογίας
1015 2032 1137 2129 χιλίας
1148 2030 1321 2129 χιλιαδας
1335 2063 1398 2109 και

140 2137 264 2236 μορίας
288 2131 489 2233 μυριάδας,
514 2142 713 2217 ποιοῦντας
737 2133 780 2209 τὸ
805 2132 951 2232 θέληιιά
978 2157 1046 2210 σου
1072 2133 1165 2210 76¹
1140 2163 1259 2237 αγιον.

647 2264 685 2332 0
708 2263 870 2345 διάκονος.

97 2352 99 2359 ¹
207 2372 251 2448 Οἱ
278 2367 488 2466 καθήμενοι
513 2365 705 2467 ἀνάστητε.

563 2497 634 2568 ‘O‘
623 2502 728 2590 ιερεύς
749 2500 893 2591 λέγει’
853 2501 964 2633 ευχην.

205 2594 409 2703 Λύτρωσαι
434 2603 621 2701 δεσμίους,
655 2607 775 2689 ἐξέλου
799 2607 887 2690 τοὺς
911 2636 952 2682 εν
978 2603 1170 2707 ἀνάγκαις,
1196 2615 1400 2693 πεινῶντας

146 2704 327 2804 χόρευσον,
354 2709 670 2832 δλιγσψυχοῦντας
696 2705 966 2804 παρακάλεσον,
1000 2708 1338 2837 πεπλανημένους
1323 2710 1400 2784 επί-

150 2833 305 2907 οιρεψον,
340 2807 619 2904 ἐσκοτισμένους
651 2807 944 2941 φωταγιύγησον,
980 2807 1215 2893 πεπτωκότας
1246 2812 1399 2912 έγειρον,

151 2910 400 3005 σαλευομένους
433 2905 622 3007 στήριξον,
658 2909 901 3008 νενοσηκότας
926 2916 1048 2999 ἴασαι,
1082 2908 1237 2998 πάντας,
1264 2913 1400 3037 ἀγαθέ,

151 3015 188 3094 ιλς
215 3041 282 3107 την
316 3011 408 3087 ὁδὸν
421 3020 503 3139 της
538 3011 719 3109 σωτηρίας
751 3010 937 3106 σύναψον,
970 3013 1033 3087 καὶ
1066 3011 1202 3095 αὐτούς
1234 3021 1278 3110 τῇ
1312 3012 1400 3115 ἀγίη

153 3137 205 3187 οοο
230 3114 384 3209 ποίμνη
411 3113 509 3210 ἡμᾶς
533 3111 574 3187 δε
601 3115 756 3208 666777’
736 3114 809 3188 απὸ
835 3123 913 3241 767
939 3115 1108 3210 ἀνομιῶν
1131 3113 1253 3211 ἡμῶν,
1283 3144 1402 3216 φρου-

154 3214 201 3307 ρὸς
224 3215 330 3312 ἡμῶν
355 3214 418 3289 καὶ
444 3209 674 3312 ἀντιλήπτωρ
701 3215 795 3289 κατὰ
822 3213 944 3292 πάντα
970 3214 1070 3318 γενόγ
1056 3245 1176 3312 με.νος

652 3360 689 3431 Ὁ
712 3363 874 3444 διάκονος.

213 3456 276 3534 Εἷς
302 3447 498 3545 ἀνατολήν.

464 3599 533 3667 Καὶ
554 3597 695 3668 κλίνειἰ
677 3626 696 3668 ο
720 3597 834 3687 ἱερεύς,
856 3600 914 3667 καὶ
935 3593 1073 3683 εύχεται.

215 3704 283 3778 Σὺ
318 3703 405 3830 γάρ
442 3701 534 3776 76‘
516 3731 536 3776 ο
573 3701 785 3800 ὑπεράνω
821 3700 969 3799 πάσης
1005 3705 1143 3800 ἀρχῆς
1173 3702 1249 3776 7776
1275 3704 1404 3786 ἐξου-

151 3803 260 3894 σίας,
295 3835 371 3879 κοιι
407 3801 649 3900 δυνάμεως
683 3805 759 3878 καὶ
795 3803 1087 3933 κυριότητος,
1122 3804 1198 3878 καὶ
1231 3804 1404 3888 παντὸς

149 3906 390 4035 ὀνόματος,
425 3905 796 4002 ὀνομαζομένου,
830 3908 882 3981 ού
914 3903 1062 4002 μόνον
1094 3909 1140 3982 ἐν
1171 3913 1233 4004 τῷ
1268 3911 1404 3982 αλῶνι

148 4006 307 4108 τούτῳ,
344 4008 456 4082 ἀλλὰ
492 4007 568 4082 καὶ
604 4012 651 4083 ἐν
628 4016 783 4105 ντῴ
782 4008 1002 4083 μέλλοντι.
1055 4007 1143 4082 Σοὶ
1168 4004 1404 4106 παραστή-

146 4137 272 4186 κουσι
295 4110 445 4206 χίλιαι
468 4106 697 4204 χιλιάδες,
722 4111 800 4184 καὶ
825 4108 1027 4210 μύριαιγ
1012 4106 1405 4237 μυριάδεςάγίων

147 4213 375 4316 ἀγγέλων,
411 4212 486 4286 καὶ
523 4212 821 4313 ἀρχαγγέλων
858 4212 1083 4312 στρατιαί.
1137 4211 1224 4287 Σοὶ
1258 4232 1407 4311 παρα-

226 4388 250 4448 1)
267 4388 371 4432 Νειιὶοει
391 4380 543 4450 εύλόγηοον,
562 4370 602 4434 67'
622 4379 747 4448 εὐλογίας.

1411 2116 1459 2223 '6
