3044 4912
724 264 798 338 300

122 443 238 517 έλπίόι
259 441 470 526 ἀναστάσεως
492 445 576 536 ζωῆς
598 441 734 514 αἰωνίου
755 445 998 536 κεκοιμημένων
1010 441 1266 534 Πατίρων,.καί
1283 438 1395 535 ’Am

122 554 196 639 φῶν
222 545 323 641 ἡμῶν,
352 547 410 615 καί
430 544 565 614 πάντων
585 553 652 613 τῶν
674 547 709 616 έν
731 543 892 637 εὐσεβείᾳ,
919 544 977 614 καί
997 543 1113 614 πίστει
1132 545 1394 615 τελειωθέντωνἆ

122 646 179 718 καί
208 648 415 736 συγχώρησον
442 645 558 728 αὐτοῖς
583 654 653 716 πῶν
674 649 899 739 πλημμέλημα
921 644 1073 716 ἑκούσιόν
1092 672 1129 714 τε
1149 646 1209 716 καὶ
1229 642 1391 743 ἀμούσῳ,

123 751 159 819 όν
186 745 283 838 λόγῳ,
311 747 333 839 6
363 747 457 838 ἔργῳ,
486 745 508 841 6
534 749 621 818 κατὰ
648 747 801 819 διάνοιαν
820 749 1061 839 πλημμεληθὲν
1082 745 1140 816 ἀπ’
1163 743 1286 817 αὐτῶν.
1326 744 1390 816 Καί

121 849 374 939 καταοκήνωοον
404 848 525 930 αὐτοὺς
550 851 586 919 έν
613 846 735 931 τόποις
762 855 948 940 φωτεινοῖς,
977 850 1012 918 ἐν
1032 847 1154 930 τόποις
1172 850 1334 938 χλοεραῖς,
1358 846 1390 917 ίν

120 950 243 1033 τόποις
264 947 469 1042 ἀναψύξεως,
493 949 579 1020 ἔνθα
600 947 734 1042 ἀπέδρα
755 957 851 1019 πᾶσα
872 947 983 1040 ὀδύνη,
1005 948 1094 1040 λύπη
1114 951 1173 1019 καί
1197 947 1388 1038 στεναγμός·

120 1051 210 1123 ὅπου
231 1050 252 1142 6
275 1052 443 1144 έπισκοπὴ
465 1059 526 1121 τοῦ
547 1052 730 1142 προςῶπου
752 1077 812 1121 σου
835 1048 1006 1142 εὐφραίνει
1028 1050 1157 1132 πάντας
1172 1052 1253 1132 τοὺς
1267 1047 1326 1119 ἀπ’
1341 1048 1388 1119 ai·

121 1154 207 1235 ῶνος
223 1146 355 1242 Ἀγίόυς
375 1174 447 1220 σου.
479 1150 630 1241 Χάρισαι
652 1151 767 1234 αὐτοῖς
787 1153 845 1223 καί
864 1151 943 1242 ἡμῖν
963 1153 1022 1243 τὴν
1043 1150 1227 1221 Βασιλείαν
1246 1176 1318 1234 σου,
1337 1151 1386 1220 καί

120 1256 180 1345 τὴν
205 1255 345 1342 μέθεξιν
377 1261 443 1321 τῶν
468 1249 649 1342 ἀφρόστων
676 1256 733 1325 καί
755 1252 897 1324 αἰωνίων
918 1279 978 1322 σου
1000 1249 1149 1341 ἀγαθῶν,
1178 1254 1236 1322 καί
1256 1261 1316 1343 τῆς
1333 1260 1385 1343 σῆς

123 1353 323 1444 ἀπεράντου,
345 1356 403 1424 καί
422 1354 588 1443 μακαρίας
610 1357 695 1444 ζωῆς
715 1358 774 1447 τὴν
797 1353 995 1424 ἀπόλαυσιν.
1023 1352 1070 1423 Σίν
1092 1356 1156 1444 γὰρ
1177 1349 1209 1423 εί
1229 1352 1250 1444 6
1274 1355 1294 1439 ζ
1326 1354 1346 1436 “,
1364 1349 1381 1441 6

123 1455 305 1538 ἀνάστασις
331 1457 388 1525 καί
415 1455 433 1547 6
458 1453 647 1537 ἀνάπαυσις
667 1465 733 1524 τῶν
754 1457 997 1548 κεκοιμημένων
1018 1454 1146 1524 δούλων
1167 1481 1240 1538 σου,
1269 1454 1380 1542 Χριστέ

122 1558 141 1627 6
167 1560 252 1639 Θεὸς
272 1557 375 1647 ἡμῶν,
396 1558 454 1626 καί
474 1558 528 1626 σοί
550 1558 608 1646 τὴν
630 1556 730 1639 δόξαν
752 1555 1004 1645 ἀναπέμπομεν,
1031 1558 1090 1625 σὺν
1110 1564 1159 1647 τῷ
1182 1554 1312 1645 ἀνάρχῳ
1329 1579 1377 1624 σου

121 1661 244 1748 Πατρί,
272 1659 329 1727 καὶ
358 1666 406 1747 τῷ
433 1658 597 1748 παναγίῳ,
623 1659 680 1727 καὶ
708 1656 838 1748 ἀγαθῶ,
865 1661 922 1728 καί
951 1660 1107 1750 ζωοποιῶ
1129 1683 1190 1727 σου
1211 1657 1376 1745 Πνεύματι,

123 1768 187 1842 νόν,
210 1760 266 1833 καὶ
288 1757 351 1841 ἀεί,
372 1759 430 1828 καί
451 1759 499 1840 είς
519 1762 597 1840 τούς
619 1759 742 1840 αἰῶνας
762 1767 829 1828 τῶν
851 1758 990 1830 αίῶνων.
1022 1758 1137 1886 Ἀμην.

205 1866 323 1928 Desinit
349 1861 387 1930 τὸ
415 1860 648 1947 μεσονυκτικόν
670 1877 702 1929 ut
724 1859 962 1931 ἀπόδειπνον
954 1886 985 1928 ιο
1008 1861 1220 1953 συγχάρησιν,
1249 1857 1374 1930 ἐκτενίοι

120 1978 150 2030 ει
173 1967 351 2048 suspirium:
376 1959 418 2031 δι’
441 1960 543 2047 εὐχῶν
563 1970 628 2030 τῶν
649 1960 751 2051 άγίων
772 1989 928 2051 πατερων
949 1988 980 2048 p
995 1970 1098 2037 298..

207 2070 390 2149 Nocturnum
420 2069 543 2133 Sabbati
576 2070 731 2151 proprium
754 2081 915 2133 exornatur
941 2070 1069 2132 Psalmis
1092 2072 1148 2133 65:
1184 2050 1242 2132 σοί
1267 2061 1373 2150 πρέπει

123 2164 224 2252 όμνος
245 2163 264 2234 6
288 2164 375 2247 Θεὸς
395 2165 431 2234 όν
450 2162 549 2235 Σιτόν.
592 2172 642 2234 Ρε.
659 2175 717 2238 66:
752 2164 938 2248 ἀλαλάξατε
965 2173 1014 2256 τῷ
1034 2163 1149 2254 Κυρίῳ
1177 2171 1274 2233 πᾶσα
1297 2160 1373 2253 676

120 2274 171 2335 Ρε.
188 2264 285 2337 672‘
268 2292 286 2335 ο
304 2268 390 2348 Θεος
412 2265 615 2392 οἷκτείρηοαι
635 2266 733 2356 ἡμᾶς.
763 2274 813 2335 Ρε.
830 2274 886 2337 68:
911 2263 1085 2356 ἀναοτήτω
1107 2292 1125 2335 ο
1114 2263 1233 2348 ςΘεὸς
1246 2282 1303 2336 κστ
1294 2266 1372 2333 daa-

120 2368 423 2458 σκορπισθότωσαν
453 2394 488 2439 οι
515 2367 634 2458 ἐχθροί
662 2367 776 2438 αὐτοῦ.
820 2375 871 2437 Ps
886 2377 941 2438 69:
975 2365 1084 2437 σῶσόν
1110 2394 1154 2455 με
1182 2366 1201 2437 6
1227 2362 1348 2448 069¹*
1332 2388 1372 2434 οτι

122 2469 322 2560 είςήλθοσαν
344 2469 493 2538 όόαταέ
487 2495 537 2550 ως
557 2477 666 2559 ψυχῆς
685 2496 763 2557 μου.
793 2476 843 2537 Ρε.
860 2479 915 2540 7οε
939 2467 1110 2549 όΘεὸς’
1080 2495 1129 2549 εις
1149 2470 1209 2559 τὴν
1228 2462 1371 2559 βοήθειάν

119 2598 184 2659 μου
205 2570 358 2656 πρόσχες
402 2576 554 2636 Accedunt
576 2578 698 2657 propria
721 2577 866 2657 Troparia
891 2586 920 2638 et
942 2577 1062 2638 Preces.

195 2666 351 2740 ’Ἀκτιστε
373 2670 484 2761 φύσις,
505 2668 524 2760 6
547 2681 614 2738 τῶν
634 2672 720 2740 ὅλων
742 2673 949 2762 δημιουργὸς,
971 2672 1014 2740 τά
1033 2668 1164 2762 χείληι
1153 2679 1238 2760 ημῶν
1252 2667 1370 2751 ἀνοίξει,

122 2772 216 2851 ὅπως
238 2770 542 2860 ἀναγγέλλωμεν
506 2799 566 2862 την
587 2771 711 2841 αίνεσίν
732 2799 792 2842 σου
814 2782 972 2860 βοῶντες·
997 2772 1124 2861 Ἀγιας,
1139 2771 1370 2861 ‘'Angf'Ayioc

121 2868 152 2941 εί
173 2872 191 2942 6
216 2873 312 2954 Θεὸς,
336 2874 393 2942 ὸιόι
415 2881 473 2963 τῆς
496 2873 662 2943 Θευτόκου
684 2875 819 2966 ἐλέησον
840 2873 938 2964 ἡμᾶς.

209 2976 279 3056 Τάς
301 2970 368 3043 ἀνω
390 2973 558 3063 Δυνάμεις
577 2975 778 3063 μιμούμενοι
800 2977 860 3045 έπί
881 2983 950 3065 γῆς,
983 2973 1146 3044 ἐπινίκιον
1167 2976 1270 3062 όμνον
1289 2992 1390 3059 προς·-

122 3077 270 3170 φὲρομέν
290 3102 347 3146 σοι
368 3074 493 3165 ἀγαθέ·
510 3076 634 3165 Ἀγιος,
649 3077 776 3167 Ἀγίας,
791 3077 907 3166 ’Ἀγιος
928 3072 960 3147 εί
980 3075 998 3146 6
1023 3079 1118 3158 Θεὸς,
1148 3079 1208 3146 διὰ
1227 3084 1286 3166 τῆς
1305 3080 1371 3143 θεο-

121 3177 220 3247 τόκσυ
238 3176 379 3269 ἐλέησον
399 3177 498 3268 ἡμᾶς.

210 3288 278 3369 Τῆς
304 3277 413 3370 κλίνης
439 3280 584 3349 καὶτοῦ
610 3279 718 3349 όπνου
746 3278 917 3370 έξήγειράς
941 3305 984 3367 με
1004 3277 1119 3367 Κύριε,
1146 3280 1206 3349 τὸν
1232 3286 1307 3349 νοῦν
1321 3298 1371 3362 μου

122 3381 282 3475 φῶτισον,
311 3381 368 3449 καί
394 3381 453 3470 τὴν
473 3378 620 3466 καρδίαν,
643 3384 700 3450 καί
720 3384 762 3451 τὰ
781 3383 873 3474 χείλη
895 3407 960 3470 μου
982 3376 1123 3462 ἀνοιξον,
1152 3380 1203 3462 εἷς
1221 3382 1261 3450 τὸ
1281 3379 1372 3468 όμνείι

122 3481 276 3571 σε’Ἀγία
300 3480 419 3571 Τριός·
433 3481 558 3570 Ἀγιος,
574 3482 698 3571 Ἀγιος,
713 3482 828 3573 ’Ἀγιος
849 3479 879 3552 εἶ
900 3482 919 3553 ό
943 3484 1038 3563 Θεὸς,
1067 3483 1125 3551 όιά
1145 3490 1205 3572 τῆς
1228 3479 1372 3551 Θεοτόκου

123 3587 260 3678 ἐλέησον
281 3581 378 3673 ἡμᾶς.

207 3683 413 3774 Μεγαλύνων
439 3685 611 3775 μεγαλόνω
632 3710 670 3753 σε
690 3685 805 3775 Κύριε,
839 3684 893 3755 ὅτι
913 3684 1084 3766 έπεῖόες’
1068 3685 1128 3753 επί
1148 3685 1209 3774 τὴν
1229 3682 1375 3754 ταπείνω·

122 3787 175 3859 σίν
202 3815 279 3874 μου,
306 3788 364 3857 καί
391 3783 429 3855 οό
451 3786 661 3867 συνέκλεισός
680 3813 722 3873 με
743 3787 792 3875 είς
811 3795 924 3879 χεῖρας
946 3786 1085 3875 ἐχθρῶν,
1114 3783 1185 3855 ἀλλ’
1209 3778 1374 3864 έσωσαςέι

122 3896 188 3958 τῶν
217 3888 364 3979 ἀναγκῶν
391 3889 450 3978 τὴν
471 3887 584 4014 ψυχην
600 3914 675 3974 μου.
718 3890 846 3958 Καὶ
809 3918 865 3958 νυν
885 3888 1058 3970 Δέσποτα,
1088 3887 1290 3957 σκεπασάτω
1308 3874 1375 4004 61⁶6

121 3988 192 4080 χείρ
220 4016 290 4074 σου,
318 3990 375 4059 καί
403 3988 547 4059 ἔλθετ’
531 4016 576 4058 επ
575 3988 667 4076 ’γέιὲ
695 3991 733 4058 τὸ
756 3989 849 4071 ἔλεός
871 4014 942 4071 σου,
965 3986 1019 4058 ότι
1039 3989 1240 4079 τετάρακται
1260 3987 1281 4081 6
1304 3976 1375 4111 6166

123 4117 199 4179 μου,
220 4118 277 4161 και
268 4088 522 4172 κατῶόυνός’
506 4116 605 4174 εστιν,
629 4091 664 4159 ἐν
684 4098 732 4181 τῷ
754 4090 999 4182 ἐκπορεύεσθαι
1020 4089 1123 4180 αύτην
1145 4092 1181 4160 ἐκ
1194 4117 1256 4161 τον
1239 4083 1377 4160 ἀθλίου

121 4219 188 4278 μου
209 4193 266 4261 καί
287 4200 437 4281 ῥυπαροῦ
459 4192 613 4281 σώματος
633 4191 770 4261 τούτου·
789 4191 921 4284 μήποτε
942 4190 962 4284 6
986 4194 1116 4284 πονηρὰ
1134 4200 1195 4262 τοῦ
1209 4186 1379 4276 ἀντικειμέν

123 4320 182 4362 νου
202 4295 305 4384 βουλὴ
329 4292 510 4387 συναντήοη
533 4293 624 4386 αὐτῇ,
652 4295 709 4364 καί
732 4291 969 4387 παρεμποόίση
990 4295 1026 4364 έν
1046 4295 1167 4378 σκότει,
1199 4297 1258 4363 διὰ
1278 4286 1381 4375 τάςίί

125 4390 241 4486 ἀγνοίη
261 4395 318 4463 καί
338 4394 457 4483 γνώσει
478 4397 513 4466 έν
533 4405 581 4486 τῷ
601 4395 665 4488 βίην
686 4394 795 4486 ταύτην
814 4395 992 4485 γενομένας
1010 4422 1073 4483 μοι
1093 4394 1269 4483 ἁμαρτίας.
1282 4395 1380 4468 “H-⁶⁰6

123 4503 218 4582 γενοῦ
238 4523 299 4583 μοι
312 4498 475 4567 Δέσποτα
494 4498 616 4588 καὶμὴ
639 4496 739 4569 ίόέτιυ
761 4494 782 4588 6
804 4497 894 4591 ψυχά
914 4524 981 4587 μου
994 4499 1054 4588 τὴν
1068 4497 1299 4589 ζεζσφωμένην
1311 4491 1383 4585 όψιτ
