3044 4912
686 1202 913 1293 CAPUT
952 1202 1004 1291 ll.

379 1416 381 1420 ·
469 1408 522 1471 ou
546 1407 824 1471 onuuconuu
846 1406 1225 1484 annuncio-crist)

299 1607 483 1698 Hebdomas
506 1632 618 1698 Graeca
648 1633 864 1716 aliquantulum
895 1636 996 1699 dillert
1023 1636 1060 1697 ab
1087 1636 1203 1699 Latina.
1247 1634 1348 1698 Taceo
1377 1636 1464 1697 terian

209 1749 342 1823 quartam
374 1749 407 1813 et
438 1747 550 1799 sextam
583 1745 677 1799 statos
711 1757 779 1800 esse
806 1737 872 1801 dies
894 1738 1112 1800 abstinentiae:
1146 1735 1259 1800 etenim
1280 1737 1357 1800 haee
1376 1736 1424 1818 pia
1443 1736 1464 1796 in

207 1843 296 1933 „dies
319 1840 501 1903 stationum“
524 1838 712 1901 observantia
741 1858 838 1920 neque
861 1840 898 1902 ab
921 1841 1053 1902 Romana
1077 1837 1206 1901 eeclesia
1227 1837 1326 1901 aliena
1348 1849 1401 1902 est.
1440 1839 1466 1899 tt

208 1943 370 2027 peculiaris
399 1949 448 2003 eet
468 1940 590 2004 Graecis
612 1941 736 2004 Sabbati
764 1941 936 2016 eminentia,
969 1940 1049 2022 quod
1077 1938 1210 2021 propriis
1232 1940 1343 2003 officiis
1364 1940 1467 2019 insigna

208 2057 255 2110 eet
278 2055 309 2109 et
329 2045 461 2122 immune
484 2041 520 2104 ab
544 2041 656 2104 ieiunio
679 2045 751 2118 (uno
775 2042 906 2105 Sabbata
928 2053 1055 2124 excepto
1076 2052 1145 2105 ante
1167 2041 1355 2105 Dominicam
1372 2043 1468 2106 hesur-

208 2147 375 2223 rectionis),
389 2184 393 2195 ·
409 2145 532 2208 alterius
553 2144 729 2207 Dominicae
755 2144 860 2208 instar.
903 2144 966 2208 Nec
997 2143 1220 2225 praetermittes
1248 2144 1279 2205 in
1302 2144 1388 2206 seriis
1408 2159 1469 2205 ena·

208 2250 362 2312 merendis
391 2245 604 2308 diversitatem.
648 2245 764 2307 Latinis
791 2246 907 2326 primus
930 2246 996 2308 dies
1019 2244 1217 2308 hebdomadis
1238 2247 1360 2326 estqui
1381 2244 1468 2309 bomi-

207 2351 308 2414 nicam
336 2347 532 2426 subsequitur
559 2356 589 2407 et
620 2356 681 2408 tota
711 2347 761 2408 illa
788 2347 953 2410 hebdomas
981 2346 1019 2409 ab
1041 2346 1093 2408 illo
1115 2347 1220 2409 eodem
1244 2347 1402 2409 dominico
1423 2341 1470 2408 sibi

205 2440 320 2514 nomen
350 2449 449 2509 sumit.
493 2447 662 2508 Hebdomas
692 2448 772 2509 enim
796 2459 856 2510 tota
878 2448 1033 2511 Passionis
1056 2447 1176 2517 dicitur,
1205 2446 1274 2527 quia
1296 2447 1471 2528 praeoedere

209 2550 384 2616 Dominicus
407 2548 563 2608 Passionis
586 2556 710 2609 estete.
754 2552 838 2629 Apud
858 2551 989 2613 Graecos
1012 2549 1099 2611 aliter
1120 2548 1162 2610 dt.
1206 2548 1379 2613 Hebdomas
1401 2566 1471 2612 nam·

209 2672 268 2733 que
291 2650 328 2712 ab
351 2648 553 2727 subsequente
565 2649 729 2720 dominica,
755 2662 894 2730 tanquam
917 2650 1056 2723 termino,
1080 2669 1188 2713 nomeu
1212 2662 1242 2712 et
1258 2670 1415 2714 numemm
1429 2651 1471 2712 ha·

208 2753 268 2824 bet,
300 2750 431 2829 exceptis
459 2749 666 2820 hebdomadis,
697 2771 772 2830 quae
801 2751 987 2814 ePasehate
1015 2753 1052 2814 ad
1075 2753 1277 2815 Pentecosten
1307 2761 1471 2816 excurrunt:

208 2854 279 2916 illae
301 2851 380 2914 euim
403 2872 419 2913 a
442 2851 538 2931 prima
561 2860 592 2912 ct
613 2853 821 2931 praecedente,
844 2872 904 2914 uon
927 2855 1130 2933 subsequente
1151 2855 1357 2918 nominantur.

293 2958 396 3016 Annus
420 2954 598 3015 Graecorum
623 2953 876 3029 ecclesiasticus²l
900 2974 959 3016 non
982 2954 1098 3017 orditur
1120 2955 1156 3016 ab
1180 2966 1317 3035 tempore
1332 2958 1474 3020 Adventus

207 3057 300 3138 (quod
323 3073 448 3136 prorsus
470 3054 630 3133 ignorant),
660 3056 711 3117 sed
736 3075 751 3118 a
776 3055 928 3135 paschalis
951 3055 1163 3118 sollemnitatis
1185 3056 1359 3139 longinqua,
1388 3069 1422 3122 ut
1442 3059 1475 3119 ita

209 3160 316 3229 dicam,
339 3156 574 3232 meditatione.³)
604 3157 706 3237 ltaque
729 3176 764 3218 ex
788 3158 885 3238 amplo
908 3156 1051 3220 librorum
1068 3158 1343 3222 ecclesiasticorum
1359 3176 1476 3224 numero

296 3411 319 3471 l)
343 3410 484 3460 diletius
511 3411 545 3460 De
570 3410 699 3462 Dominicis
724 3421 747 3461 et
770 3412 964 3462 Hebdomadibus
988 3413 1156 3462 decentiorem
1175 3415 1323 3462 Graecorum
1342 3413 1478 3464 Dissertatio

207 3506 265 3564 post
288 3495 392 3546 librum:
418 3494 452 3544 lie
477 3496 568 3546 [iceles.
588 3494 669 3546 Occid.
696 3504 719 3545 et
737 3496 828 3546 Orient.
855 3495 1479 3564 perpetueConseueioneColon.1648.p.1400

207 3581 324 3632 -1530.
377 3594 383 3604 ·

292 3666 317 3725 2)
345 3664 505 3730 Propooimns
532 3664 594 3713 inira
613 3665 667 3713 anni
686 3664 820 3727 cuiusdam,
847 3672 873 3713 nt
889 3666 922 3714 ita
939 3664 1056 3725 dieamus,
1083 3665 1156 3714 airam
1175 3665 1312 3727 imaginem.
1348 3666 1480 3731 Selegimne

208 3760 286 3802 autem
306 3764 394 3801 annum
413 3750 452 3813 qui
472 3748 632 3800 corrit1853.

293 3833 318 3893 3)
336 3833 450 3883 bluralt
469 3833 485 3882 Ι.
497 3850 517 3882 c.
536 3832 666 3898 p.59eq.:
694 3834 738 3894 „ln
757 3832 888 3895 Wahrbeit,
907 3834 944 3884 die
963 3833 1049 3884 liirche
1069 3834 1109 3882 bat
1127 3835 1150 3883 in
1169 3835 1249 3883 dieser
1267 3833 1429 3898 liuttereorge
1447 3837 1482 3885 ior

208 3920 251 3969 dae
270 3919 321 3969 lleil
346 3920 411 3968 ihrer
428 3917 516 3967 ltinder
543 3918 619 3967 durch
637 3917 675 3967 die
694 3919 776 3967 sichen
795 3918 900 3969 Wochen
919 3919 962 3969 der
980 3933 1081 3982 grossen
1100 3918 1185 3967 fasten
1205 3918 1252 3968 und
1271 3919 1310 3968 die
1329 3919 1382 3970 drei
1401 3921 1482 3970 diesen

208 4002 429 4066 rosbergeheuden,
447 4016 516 4051 wenn
535 4003 572 4051 ich
591 4003 654 4052 mich
673 4017 700 4052 eo
720 4002 871 4053 ausdrdelren
887 4004 949 4064 dari,
968 4004 1010 4053 das
1029 4004 1094 4069 Epoa
1112 4004 1155 4052 der
1173 4003 1426 4065 genaenblenscbheit
1442 4020 1484 4068 ge·

206 4087 334 4139 sehrieben
353 4089 376 4136 in
395 4086 471 4137 ibrem
490 4087 550 4148 Fall,
568 4087 763 4149 ihrerErlbsong
780 4089 830 4138 nod
848 4089 924 4139 ibrem
940 4091 1053 4151 jungsten
1065 4084 1189 4140 Gerichtel
1209 4088 1258 4137 lien
1277 4103 1369 4150 ganeen
1382 4090 1484 4152 Umlang

208 4173 289 4224 dieses
308 4171 444 4221 rdhrendan
463 4171 575 4222 Gadiebta
593 4172 633 4222 hat
650 4173 685 4221 sia
703 4173 833 4234 ansgeiullt
849 4172 906 4222 bald
924 4174 966 4223 mit
983 4173 1037 4223 dem
1056 4172 1252 4224 bitternWeineu
1270 4172 1411 4236 deuitasse,
1430 4174 1486 4225 bald

209 4259 252 4307 mit
261 4257 304 4306 der
312 4255 464 4318 Veratrclrnng
482 4256 525 4304 des
535 4256 649 4317 tantors,
667 4256 724 4306 bald
742 4258 785 4306 mit
802 4257 848 4308 den
859 4257 1052 4321 Obenberungen
1071 4259 1114 4307 der
1124 4258 1259 4322 Propheten
1271 4258 1332 4309 ttber
1343 4260 1383 4310 die
1395 4260 1485 4310 heran·

209 4341 324 4392 nabende
337 4340 466 4401 Erlbsung‚
484 4339 540 4389 bald
558 4341 652 4392 endlioh
672 4342 714 4392 mit
731 4342 774 4391 der
792 4341 945 4406 lieretellnng
963 4342 1007 4392 der
1023 4342 1111 4392 beiden
1132 4343 1175 4392 des
1193 4341 1317 4403 Hellands,
1342 4345 1402 4394 aber
1421 4345 1486 4395 nicht

209 4426 278 4475 mehr
295 4425 363 4476 bloes
380 4427 404 4475 in
423 4424 563 4487 geistlichen
581 4426 715 4488 doningen,
733 4426 838 4476 eundern
857 4427 917 4477 auch
936 4428 959 4476 in
978 4426 1080 4490 heiligen
1099 4427 1256 4480 Gabranehen
1274 4427 1486 4493 eordeleetigang

204 4507 266 4561 lares
282 4506 425 4560 Eindrnclre.
463 4509 510 4559 ber
527 4523 601 4573 genae
619 4517 720 4562 tuerere
738 4510 834 4563 llensch
852 4511 901 4562 soll
919 4512 962 4563 mit
980 4512 1035 4563 dem
1052 4513 1142 4563 lunera
1159 4527 1190 4562 en
1208 4513 1264 4563 dem
1275 4512 1363 4563 Werlre
1381 4513 1429 4564 der
1439 4513 1487 4564 Er·
