3044 4912
206 457 306 539 ὅπως
339 454 359 529 ὸ
391 449 658 554 φιλοικτίρμων
686 448 774 534 Θεὸς
798 448 971 544 ὑποδείξῃ
998 447 1125 531 αάτοῖς
1150 445 1241 531 ὸδὸν
1265 446 1475 543 μετανοίας,
1512 476 1516 503 =

207 554 444 653 προςδέξῃται
477 554 605 630 αὐτῶν
636 550 704 648 τὴν
739 550 973 650 παλινῳδίαν
1004 549 1068 625 καὶ
1101 548 1171 645 τὴν
1202 547 1475 652 ἐξομολόγησιν,
1515 590 1518 603 =

206 660 269 734 καὶ
295 656 481 758 συντρίφῃ
506 655 575 731 τὸν
600 661 786 730 Σατανᾶν
808 654 883 729 ὑπὸ
908 653 996 736 τοὺς
1019 649 1138 735 πόδας
1163 651 1291 726 αὐτῶν
1316 654 1359 727 ἐν
1374 649 1475 748 τάχεὶ

207 779 438 855 (R0m‚16‚20)‚
463 758 526 832 καὶ
551 753 783 854 λυτρώσηται
804 754 941 839 αύτούς
963 753 1038 829 ἀπὸ
1052 761 1119 850 τῆς
1135 751 1292 855 παγίδος
1306 761 1377 829 τοῦ
1394 752 1474 830 δια·
1516 812 1518 817 -

131 864 135 875 ’
203 858 322 961 βύλου
355 860 419 934 καὸ
443 868 507 955 τῆς
531 856 699 958 ἐπηρείας
722 866 801 934 τῶν
826 853 1032 954 δαιμόνων,
1066 853 1129 930 καὶ
1154 856 1315 952 ἐξέληται
1339 856 1473 941 αὐτούς
1516 900 1518 907 ·

205 962 279 1037 ἀπὸ
305 960 443 1046 παντὸς
467 960 653 1056 ἀθεμίτου
678 957 804 1062 λόγου,
829 959 893 1050 καὶ
914 955 1033 1055 πάσης
1050 955 1191 1032 ἀτόπου
1209 953 1389 1055 πράξεως,
1415 959 1473 1033 καί

204 1071 369 1161 πονηρᾶς
392 1063 553 1146 ἐννοίας·
587 1059 807 1164 συγχωρήσῃ
834 1061 875 1137 δέ
902 1062 1029 1144 αῦτοῖς
1052 1055 1176 1135 πάντα
1201 1059 1249 1133 τὰ
1272 1056 1473 1159 παραπτώ-
1516 1072 1518 1077 ’

204 1192 306 1262 ματα
333 1165 472 1254 αὐτῶν)
497 1161 544 1237 τά
569 1194 608 1238 τε
634 1161 784 1239 ἑκούσια
808 1163 873 1239 καὶ
896 1162 943 1238 τά
967 1159 1137 1250 ἀκούσια,
1163 1160 1226 1236 καὶ
1243 1162 1415 1259 ἐξαλείψῃ
1433 1163 1472 1237 τὸ

205 1266 287 1341 κατ’
309 1267 437 1342 αὐτῶν
451 1262 704 1367 χειρόγραφον
720 1285 968 1361 (Col.2‚13‚14),
993 1264 1057 1339 καὶ
1082 1259 1314 1365 ἐγγράψηται
1340 1263 1473 1348 αῦιοὸς

187 1370 246 1449 §bv
279 1366 403 1466 βίβλῳ
437 1366 547 1462 ζωῆς·
582 1369 734 1467 καθαρῇ
769 1366 810 1443 δέ
847 1367 983 1451 αύτούς
1016 1365 1089 1441 ἀπὸ
1115 1365 1254 1449 παντὸς
1278 1374 1473 1461 μολυσμοῦ

207 1467 344 1566 σαρκὸς
374 1467 438 1542 καὶ
470 1464 678 1563 πνεύματος
703 1488 811 1568 (2cor,
825 1492 906 1566 τῃ),
937 1467 1000 1542 καὶ
1025 1463 1145 1564 ἑνώσῃ
1173 1464 1309 1551 άῦτοῦς
1334 1468 1473 1542 ἀποκα-

205 1566 390 1664 ταστήσας
422 1574 473 1651 εἰς
497 1568 565 1666 τὴν
591 1568 704 1671 ἁγίαν
731 1572 848 1648 αὐτοῦ
873 1568 1048 1667 ποίμνην,
1085 1568 1141 1643 ότι
1167 1567 1279 1652 αὐτὸς
1302 1566 1474 1672 γινώσκει

205 1668 249 1744 τὸ
274 1665 428 1767 πλάσμα
452 1669 571 1766 ἡμῶν.
595 1671 680 1747 Ὅτι
703 1671 760 1756 τίς
782 1669 1005 1767 καυχήσεται
1030 1669 1149 1773 ἀγνὴν
1175 1672 1271 1765 ἐχειν
1292 1669 1473 1771 καρδίανς

204 1769 229 1867 ἢ
254 1769 310 1854 τίς
334 1770 619 1869 παρδησιάσεται
643 1773 813 1872 καθαρὸς
836 1772 931 1848 εἶναι
957 1772 1031 1846 ἀπὸ
1050 1772 1235 1867 ἀμαρτίας
1251 1790 1473 1870 (Prov.20‚9)‚·

206 1869 340 1956 πάντες
372 1870 446 1974 γάρ
481 1877 593 1970 ἐσμεν
624 1876 665 1949 ἐν
697 1871 898 1971 ἐπιτιμίοις.
925 1875 978 1947 ἔτι
1001 1872 1094 1970 ῦπέρ
1121 1874 1248 1949 αὐτῶν
1272 1875 1474 1950 ἐκτενέστε-

206 2001 275 2073 ρον
307 1973 518 2071 δεῃθῶμεν,
551 1974 608 2050 ότι
636 1975 738 2074 χαρά
769 1975 911 2078 γίνεται
943 1977 984 2050 ἐν
1009 1975 1158 2072 ούρανῷ
1184 1976 1243 2049 ἐπὶ
1268 1974 1325 2050 ἑνὸ
1352 1976 1473 2076 ἅμαρ-

204 2084 312 2174 τωλῷ
338 2086 582 2172 μετανοοῦντι
608 2095 692 2173 (Luc.
708 2099 757 2172 15,
766 2100 808 2174 7),
834 2075 933 2159 ὅπως
958 2076 1255 2174 ἀποστραφέντες
1271 2085 1350 2154 πᾶν
1366 2080 1475 2181 ἔργον

205 2178 402 2275 ἀθέμιτον,
427 2182 741 2277 προςοικειωθῶσι
765 2186 865 2275 πόσῃ
890 2175 1019 2276 πράξει
1043 2178 1187 2280 ἀγαθῇ,
1212 2179 1277 2254 ἵνα
1303 2178 1475 2279 ἀφιλάν-

204 2284 361 2378 θρωπος
381 2282 468 2366 Θεὸς
491 2277 514 2377 ᾗ
540 2278 653 2375 τάχος
677 2281 842 2376 εὐμενῶς
866 2277 1155 2378 προςδεξάμενος
1180 2280 1308 2356 αὐτῶν
1333 2282 1401 2366 τὰς
1422 2291 1497 2359 λι-,

205 2381 291 2471 τάς,
330 2379 615 2477 ἀποκαταστήσῃ
652 2381 777 2466 αὐτοῖς
817 2380 1036 2484 ἀγαλλίασιν
1066 2389 1134 2456 τοῦ
1167 2381 1370 2480 σωτηρίου,
1410 2385 1496 2459 καὸ“

205 2480 390 2578 πνεύματι
419 2483 628 2583 ἡγεμονικῷ
663 2482 811 2579 στηρίξῃ
845 2483 980 2566 αὐτούς
1012 2502 1139 2578 (Ps.5l,
1155 2507 1216 2581 14),
1251 2486 1315 2559 ἵνα
1344 2486 1475 2581 μηκέτι

207 2588 438 2657 σαλευθῶσι·
471 2582 645 2659 κοινωνοὶ
668 2582 846 2685 γενέσθαι
870 2592 948 2658 τῶν
973 2583 1093 2686 ἀγίων
1118 2586 1236 2660 αὐτοῦ
1261 2586 1384 2683 ἱερῶν,
1410 2588 1476 2663 καὶ

205 2683 355 2779 μέτοχοι
378 2692 456 2759 τῶν
480 2683 601 2759 θείων
624 2683 857 2782 μυστηρίων·
893 2688 957 2761 ἵνα
982 2688 1077 2770 ἀξιοι
1102 2688 1386 2786 ἀποφανθέντες
1410 2698 1475 2787 τῆς

207 2783 412 2873 υἱοθεσίας,
443 2783 583 2880 τύχωσι
614 2794 679 2883 τῆς
711 2786 866 2862 αἰωνίου
901 2787 1005 2884 ζωῆς.
1049 2789 1125 2861 Ἔτι
1159 2793 1312 2873 ἐκτενῶς
1337 2789 1474 2878 πάντες

205 2883 299 2983 ῦπέρ
333 2886 461 2963 αὐτῶν
485 2893 660 2984 εἴπωμεν·
693 2886 796 2988 κύριε
820 2888 979 2984 ἐλέησον,
1013 2896 1138 2965 σῶσον
1163 2889 1299 2974 αὐτούς
1324 2890 1344 2966 ὸ
1374 2893 1474 2982 Θεὸς,

205 2987 269 3061 καὶ
302 2985 514 3085 ἀνάστησον
543 2998 597 3087 τῷ
631 2992 717 3064 ἐλέει
743 3015 822 3065 σου.
859 2989 1102 3075 Ἀναστάντες
1126 3000 1180 3090 τῷ
1210 2997 1287 3090 Θεῷ
1315 2992 1379 3068 διὰ
1405 3003 1474 3070 τοῦ

205 3093 375 3188 Χριστοῦ
400 3093 529 3178 αὐτοῦ,
554 3089 700 3168 κλίνατε
726 3092 788 3167 καὶ
814 3092 1036 3195 εάλογεῖσθε.
1059 3105 1272 3192 Ἐπευχέσθω
1288 3101 1346 3176 οὖν
1361 3106 1379 3177 ὁ
1395 3107 1474 3179 ἐπὶ.

205 3227 332 3285 σκοπσς
352 3203 478 3274 τοιάδε.
511 3190 781 3294 Παντοκράτορ
810 3193 873 3270 Θεέ
900 3191 1037 3283 αέώνιε,
1073 3195 1233 3269 δέσποτα
1258 3203 1337 3270 τῶν
1362 3195 1472 3299 ὅλων,

205 3289 337 3366 κτίστα
368 3293 431 3366 καὶ
463 3290 623 3390 πρύτανι
648 3303 727 3371 τῶν
752 3293 922 3372 πάντων·
957 3295 1069 3370 ὸτὸν
1094 3298 1303 3392 ἄνθρωπον
1327 3295 1474 3395 κόσμου

204 3389 348 3491 κόσμον
374 3394 569 3480 ἀναδείξας
594 3396 658 3472 διὰ
682 3402 864 3492 Χριστοῦ,
878 3398 954 3475 -καὶ
978 3395 1097 3492 νόμον
1123 3397 1212 3482 δοὸς
1229 3400 1332 3498 αὐτῷ
1351 3403 1473 3507 ἐμφο-

203 3523 273 3571 τον
295 3495 359 3570 καὶ
382 3497 562 3597 γραπτὸν,
588 3497 679 3596 πρὸς
703 3499 747 3573 τὸ
774 3499 841 3596 ζῃν
868 3500 984 3576 αὐτὸν
1004 3500 1208 3596 ἐνθέσμως,
1237 3500 1287 3585 ῶς
1303 3499 1470 3604 λογιιέύν·

203 3597 267 3672 καὶ
299 3596 504 3697 ἀμαρτόντι
535 3597 733 3698 ὑποθήκην
765 3601 855 3685 δούς
886 3602 977 3699 πρὸς
1007 3599 1210 3698 μετάνοιαν
1234 3602 1310 3699 τήνΙ
1330 3613 1473 3680 σαυτοῦ

204 3699 442 3802 ἀγαθύτητα·
469 3699 570 3776 ἐπιδε
595 3701 654 3775 ἐπὸ
679 3702 766 3787 τοῦς
790 3701 997 3787 κεκλικότας
1022 3727 1080 3777 σοι
1107 3704 1245 3798 αὐχένα
1270 3714 1392 3802 ψυχῆς
1408 3706 1472 3781 καὶ

205 3799 392 3899 σώματος·
420 3801 476 3876 ὅτι
502 3803 547 3878 οῦ
571 3800 699 3901 βούλει
724 3805 791 3880 τὸν
815 3801 989 3880 θάνατον
1014 3813 1081 3880 τοῦ
1108 3804 1347 3903 άμαρτωλοῦ,
1376 3808 1471 3899 ἀλλά

202 3901 272 3997 τὴν
303 3901 507 3998 μετάνοιαν
531 3925 594 4004 (Ez.
605 3926 730 4000 33,11),
765 3906 852 3989 ὥςτε
885 3906 1116 4004 ἀποστρέψαι
1150 3908 1266 3984 αὐτὸν
1299 3908 1374 3983 ἀπὸ
1406 3918 1472 4007 τῆς

203 4001 296 4078 ὁδοῦ
322 4006 439 4082 αὐτοῦ
464 4015 528 4104 τῆς
552 4017 728 4107 πονηρᾶς,
753 4007 816 4081 καὶ
842 4006 920 4104 ζῇν.
968 4007 1012 4085 ‘O
1037 4015 1245 4085 Νινευϊτῶν
1269 4009 1473 4108 προςδεξά

202 4132 314 4201 μενος
337 4106 407 4203 τήν
431 4105 650 4205 μετάνοιαν·
679 4109 698 4184 ὸ
724 4109 850 4185 θέλων
869 4106 1011 4195 πάντας
1032 4109 1260 4210 ἀνθρώπους
1281 4116 1472 4210 σωθῆναι,

202 4207 267 4280 καὶ
298 4213 349 4291 ελς
380 4208 581 4313 ἐπίγνωσιν
612 4208 789 4308 ἀληθείας
821 4213 946 4286 ἐλθεῖν
971 4232 1190 4312 (lTim.2,4)·
1233 4213 1252 4288 ὸ
1284 4214 1353 4290 τὸν
1385 4214 1472 4291 υἱὸν

204 4307 505 4408 προςδεξάμενος,
536 4312 605 4388 τὸν
635 4309 904 4414 καταφαγόντα
933 4313 1000 4390 τὸν
1031 4314 1120 4415 βίον
1152 4316 1268 4392 αὐτοῦ
1301 4313 1470 4406 ἀσώτως,

203 4418 393 4508 πατρικοῖς
425 4410 659 4516 σπλάγχνοις,
694 4413 757 4490 διὸ
789 4413 859 4511 τὴν
890 4415 1108 4513 μετάνοιαν·
1151 4418 1264 4502 αὐτὸς
1297 4419 1360 4494 καὶ
1395 4427 1472 4496 νῦν
1500 4420 1503 4427 ’

202 4508 396 4611 πρόςδεξαι
428 4525 507 4593 τῶν
537 4517 670 4593 ἱκετῶν
701 4541 770 4593 σου
803 4516 872 4616 τήν
902 4516 1152 4622 μετάγνωσιν·
1189 4518 1246 4596 ὅτι
1272 4521 1342 4598 οῦκ
1366 4522 1471 4599 ἐστιν
