3044 4912
808 215 883 289 428

208 396 379 495 στράφης
402 400 445 475 τὸ
472 397 623 494 πλάσμα
651 423 719 472 σου
745 403 797 482 εἰς
819 400 990 488 66096
982 399 1201 495 ἐποίησας,
1228 397 1371 527 ἀγαθὲ,
1396 399 1461 475 οὐδὲ
1498 419 1515 483 ’,-

208 499 441 576 ἕπελάθου’
428 531 519 630 εργα
547 507 686 597 χειρῶν
718 525 800 589 σου,
810 502 908 576 ἀλλ’
938 502 1126 598 ἐπεσκέψω
1152 497 1397 629 πολυτρόπως
1417 501 1463 577 66
1499 544 1515 585 ιι

211 598 406 730 σπλάγχνα
430 604 550 688 ε’λέους
576 628 655 679 σου.
684 600 891 700 Προφήτας
916 602 1179 730 ἐξαπέστειλας,
1215 602 1394 699 ἐποίησας
1416 602 1465 679 διι-
1503 646 1514 687 1

209 702 340 833 νάμει1ς
364 704 428 780 διὰ
453 713 531 779 τῶν
557 703 677 834 άγίων
703 730 772 779 σου
797 714 876 781 τῶν
901 705 1030 779 καθ’
1013 700 1171 800 εκάστην
1196 704 1335 806 γενεὰν
1359 734 1466 833 ευ1αρε
1505 750 1515 789 ι

210 803 428 902 στησάντων
462 831 530 881 σοι.
576 803 828 932 Ελάλησας
806 813 899 902 ημῖν
930 805 995 882 διὰ
1022 802 1206 901 στόματος
1229 815 1313 881 τῶν
1339 803 1467 882 δούλω
1507 850 1515 891 1

210 933 280 982 σου
312 916 390 983 τῶν
423 916 647 1036 προφητῶν,
678 907 1070 1033 προιιαταγγείλλωνς
1049 913 1141 1034 ημῖν
1170 907 1242 1004 τὴν
1275 908 1468 1004 μέλλουσαι

209 1010 364 1084 ἔσεσθαι
400 1011 603 1137 σωτηρίαν·
641 1005 761 1102 νόμον
797 1008 939 1094 ἔδωκας
973 1014 1024 1092 εἰς
1057 1004 1263 1137 β1οήθειαν·
1308 1009 1469 1137 ἀγγέλους

209 1110 408 1236 ἐπέστησας
433 1110 612 1209 φύλακας.
647 1110 735 1188 Θτε
761 1109 803 1185 δὲ
827 1107 921 1237 6666
947 1109 990 1185 τὸ
1015 1107 1199 1238 πλήρωμα
1223 1119 1305 1185 τῶν
1330 1121 1468 1208 καιρῶν,

208 1209 431 1309 ἐλάλησας
411 1219 502 1341 ημῖν
527 1217 568 1289 ἐν
594 1213 697 1309 αὐτῷ
724 1221 778 1309 τῷ
804 1214 874 1309 υἱῷ
902 1238 983 1300 σου,
1011 1211 1055 1286 δι’
1085 1206 1131 1288 οὗ
1155 1212 1218 1287 καί
1238 1212 1330 1339 τοὺς
1348 1219 1471 1342 οάῶνρς

209 1314 392 1410 ἐποίησας.
423 1316 546 1399 ‘09‘
522 1313 578 1390 ών
611 1312 842 1439 ἀπαύγασμα
867 1322 931 1441 τῆς
956 1311 1064 1440 δόξης
1089 1340 1171 1403 σου,
1205 1313 1271 1441 ι1ιαὶ
1292 1314 1470 1411 χαρακτὴρ

209 1423 274 1499 669
298 1413 536 1539 ὑποστάσεως
561 1441 643 1505 σου,
658 1418 818 1544 11φέρων
822 1446 860 1490 τε
887 1415 932 1489 τά
959 1413 1081 1490 πάντα
1107 1421 1200 1513 τῷ
1179 1414 1320 1512 ρήματι
1338 1426 1403 1513 τῆς
1417 1416 1472 1492 διε

210 1516 357 1612 νάμεως
390 1517 520 1605 αὐτοῦ,
553 1519 622 1613 οὐχ
637 1517 848 1645 ἁρπαγμὸν
872 1514 1039 1645 ἡγήσατο
1064 1516 1106 1592 τὸ
1132 1517 1226 1592 εἶναι
1253 1517 1321 1593 loa
1349 1519 1408 1594 σοί
1430 1526 1470 1615 τῷ

215 1622 293 1714 Θεῷ
319 1617 408 1691 καὶ
399 1619 528 1714 πατρί·
558 1619 650 1693 ἀλλά
672 1618 808 1703 Θεὸς
776 1649 832 1693 ων
849 1617 1083 1746 6660666666‘609,
1109 1619 1167 1693 ἐπὶ
1184 1627 1249 1714 τῆς
1268 1647 1339 1743 γης
1357 1622 1471 1746 ὤφθη,

210 1719 275 1793 καὶ
307 1726 383 1803 τοῖς
416 1718 634 1849 ἀνθρώποις
668 1718 967 1820 συνανεστράφη,
999 1720 1063 1795 καὶ
1088 1723 1127 1794 ἐκ
1152 1721 1401 1815 παρθένου“
1379 1722 1472 1823 αγίας

212 1822 476 1915 σαρκωθεῖς,’
461 1824 637 1898 εκένωσεν
663 1822 798 1897 ἑαυτὸν
816 1822 968 1921 μορφὴν
985 1818 1122 1897 δούλου
1141 1821 1286 1917 λαβὼν,
1313 1819 1466 1951 σόμμορ

212 1949 283 2018 φος
307 1920 504 2044 γενόμενος
528 1933 582 2020 τῷ
609 1922 753 2050 σώματι
779 1932 843 2020 τῆς
867 1921 1121 2007 ταπεινώσεως
1145 1922 1266 2018 ἡμῶν,
1296 1925 1411 1998 6666‘
1389 1933 1473 2022 ημᾶς

211 2021 460 2151 συμμόρφους
485 2025 619 2154 66066099
642 2034 706 2121 τῆς
731 2023 930 2109 εἰκόνος
886 2055 951 2121 της
968 2022 1139 2121 δόξης’
1095 2033 1222 2099 αυτοῦ.
1242 2025 1450 2155 Ἐπειδὴ
1410 2056 1472 2129 γαρ

211 2123 255 2200 δι’
296 2122 560 2254 ἀνθρώπου(
539 2159 561 2224 η
597 2127 762 2254 ἁμαρτία
788 2130 955 2222 ελςῆλθεν
980 2132 1031 2210 εἰς
1055 2126 1123 2201 τὸν
1146 2123 1303 2220 κόσμον,
1330 2156 1396 2203 και
1384 2056 1515 2258 696

210 2234 276 2323 τῆς
309 2226 547 2358 ἀμαρτίαςο
528 2226 762 2317 ἀθάνατος,
795 2227 1037 2324 εὐδόκησεν
1020 2259 1040 2302 ο
1049 2226 1269 2358 μονογενής
1295 2252 1369 2304 σου
1392 2230 1473 2317 υίὸς,

212 2326 315 2404 όιάν
339 2333 381 2403 ἐν
406 2336 483 2413 τοῖς
507 2327 654 2457 κόλποις
678 2355 748 2406 σου
773 2338 841 2404 τοῦ
871 2336 963 2405 Θεοῦ
998 2330 1062 2405 καὶ
1099 2329 1249 2422 πατρὸς,
1285 2329 1475 2432 γενόμενος

211 2433 252 2504 ἐκ
281 2430 460 2558 γυναικὸς
490 2440 555 2559 1τῆς
565 2431 688 2559 ἁγίας
712 2428 895 2506 θεοτόκου
919 2431 983 2559 καὶ
1008 2432 1066 2504 ἀει
1054 2431 1285 2562 παρθένου
1317 2434 1473 2530 Μαρίας,

210 2530 409 2633 γενόμενος
432 2533 505 2606 ὑπὸ
531 2530 663 2625 νόμον,
689 2540 907 2626 νατακρῖνω
935 2533 1002 2629 τὴν
1027 2531 1216 2628 ἁμαρτίαν
1241 2536 1283 2606 ἐν
1308 2543 1357 2631 τῇ
1376 2535 1474 2631 σαρνλ

212 2635 347 2707 αὐτοῦ·
374 2637 438 2708 ἵνα
466 2635 499 2706 οἱ
526 2662 567 2707 εν
592 2643 645 2707 τῶ
661 2635 783 2728 Ἀδὰμ
800 2632 1111 2731 ἀποθνήσκοντες,
1139 2633 1473 2762 ζωοποιηθῶσιγέν

213 2736 315 2830 αὐτῷ
333 2765 386 2830 τῳ
369 2741 554 2831 Χριστιῦ
574 2760 659 2809 σου·
683 2765 745 2808 και
734 2734 1171 2832 ἕμπολιτευσάμενος
1131 2744 1183 2807 τεῦ
1202 2735 1333 2834 κόσμῳ
1350 2737 1472 2865 τού1τι1υ,

212 2834 302 2917 δοὺς
334 2833 597 2963 προςτάγματα
633 2837 826 2962 σωτηρίας,
864 2837 1075 2968 ἀποστήσας
1112 2837 1207 2933 ἡμᾶς
1242 2847 1307 2934 τῆς
1346 2839 1473 2933 πλάτης

211 2946 290 3011 τῶν
325 2936 502 3026 εἰδώλων,
539 2938 822 3067 προςηγαγεγ
778 2948 822 3035 τῇ
859 2940 1051 3065 ἐπιγνώσει
1088 2947 1156 3013 σοῦ
1192 2947 1260 3014 τοῦ
1297 2942 1472 3065 ἀληθινοῦ

217 3046 308 3113 Θεοῦ
340 3042 403 3114 καὶ
437 3041 587 3169 πατρὸς,
620 3040 847 3168 κτησάμενος
871 3041 967 3137 ἡμᾶς
993 3045 1113 3138 ἑαυτῷ
1141 3042 1232 3116 λαὸν
1258 3042 1471 3170 πεμριοόωοι,

212 3141 444 3237 βασιλικὸνι
432 3142 645 3241 ιεράτευμα,
673 3145 835 3226 ἔτ’θνος
811 3172 942 3269 αγιον
964 3145 1026 3217 καὶ
1052 3115 1307 3271 κάθαρίσαςδ
1292 3172 1333 3217 εν
1360 3145 1470 3230 ὕδατι,

212 3243 274 3316 καὶ
308 3242 465 3343 ἁγιάσας
497 3254 550 3316 τιῦ
584 3243 766 3332 πνεύματι
797 3255 850 3341 τῷ
878 3245 987 3346 ἁγίῳ,
1020 3245 1199 3320 ἔδωκεν
1182 3245 1319 3320 εαυτὸν
1347 3244 1470 3320 ἀντάλ-
1513 3326 1515 3335 1

213 3353 337 3443 λαγμα
369 3354 422 3417 τώ
455 3344 657 3443 θανάτῳ
642 3376 682 3420 εν
709 3377 730 3443 ι1ι
724 3341 1014 3442 κατειχόμεθα
1040 3375 1288 3446 πεπραγμενοι
1316 3348 1390 3423 ὑπὸ
1415 3351 1470 3441 666
1513 3348 1515 3433 ζ

213 3445 415 3540 ἁμαρτίαν·
443 3446 506 3520 καὶ
531 3419 727 3573 καίελθδιν
753 3448 816 3522 διὰ
843 3458 911 3522 τοῦ
937 3457 1101 3543 σταυροῦ
1127 3454 1176 3531 είς
1197 3448 1264 3522 τὸν
1282 3449 1433 3545 ηίδην,“
1419 3478 1468 3521 ινα

213 3544 429 3674 πληρώση
413 3557 548 3623 εαυτοῦ
574 3550 619 3623 τὰ
646 3547 781 3638 πάντα,
809 3553 911 3624 ἔλυσε
938 3551 1004 3633 τὰς
1029 3547 1167 3632 ὀδύνας
1192 3559 1259 3624 τοῦ
1288 3551 1466 3625 θανάτου·

214 3649 276 3721 καὶ
310 3649 474 3778 ἀναστὰς
509 3660 553 3746 66
581 3652 684 3747 τρίτη
709 3652 840 3748 ἡμέρᾳ,
874 3681 937 3725 και
926 3648 1185 3745 δδοπσιήσας
1211 3653 1321 3745 σαρκὶ
1348 3655 1416 3750 τὴν
1438 3656 1468 3724 ἐκ

213 3759 356 3847 νεκρῶν
388 3751 607 3841 ἀνάστασιν,
641 3752 778 3827 καθότι
805 3754 873 3828 οὐκ
897 3751 944 3849 ἦν
971 3692 1137 3828 δυνατόν
1161 3755 1428 3847 κρατεῖσθαι
1410 3751 1468 3829 υπὸ

213 3860 277 3946 της
303 3856 516 3948 φθορᾶς
479 3884 546 3929 τον
572 3856 736 3982 ἀρχηγὸν
761 3864 825 3982 669
851 3855 955 3951 ζωῆς.
975 3857 1179 3956 Ἐγενετο’
1160 3857 1308 3952 απαρχὴ
1329 3887 1406 3930 των
1421 3885 1468 3929 κε-

213 3981 459 4048 κοιμημενων,
496 3955 727 4084 πρωτότοκος
761 3961 801 4031 ἐκ
836 3967 913 4031 τῶν
949 3986 1108 4050 νεκρων·
1145 3961 1208 4031 ἵνα
1244 3954 1267 4053 9‘9
1297 3959 1410 4043 αὐτὸς
1432 3956 1467 4030 τὰ

213 4051 337 4129 πάντα
370 4060 411 4129 ἐν
443 4066 533 4129 πᾶσι
566 4057 780 4154 πρωτεύων,
814 4060 876 4132 καί
910 4059 1085 4134 ἀνελθών
1110 4064 1160 4142 εἰς
1190 4059 1272 4141 τοὺς
1299 4060 1469 4189 οὐρανοὺς

213 4152 430 4231 ενάθισεν’
415 4186 455 4231 εν
481 4158 582 4257 δεξιᾷ
607 4169 671 4257 τῆς
695 4157 961 4288 μεγαλωσύνης
984 4186 1052 4234 σου
1078 4164 1119 4235 ἐν
1144 4161 1310 4257 ὑψηλοῖς.
1327 4164 1396 4246 Ὃς
1418 4159 1468 4235 καί

212 4256 286 4380 6566
318 4258 575 4334 ἀποδοῦναι
558 4259 701 4358 εκάστῳ
733 4262 827 4337 κατὰ
861 4262 908 4335 τὰ
942 4265 1031 4363 ἔργα
1065 4263 1199 4337 αὐτοῦ·
1239 4265 1406 4339 κατελιπε
1437 4260 1468 4387 δὲ

216 4356 304 4449 ἡμῖν
336 4358 585 4456 ὑπομνήματα
621 4374 689 4437 τοῦ
722 4365 905 4460 σωτηρίου
939 4366 1055 4438 αὐτοῦ
1087 4362 1254 4452 πάθους,
1289 4363 1469 4494 66666,6

214 4462 505 4558 προτεθείκαμεν
530 4465 625 4539 κατὰ
650 4466 717 4548 τὰς
743 4466 860 4541 αὐτοῦ
885 4464 1045 4549 ἐντολάς.
1073 4468 1235 4544 Μέλλων
1254 4467 1329 4567 γάρ
1349 4472 1468 4553 ἑξεῖιω
