3044 4912
523 1210 749 1303 ctPttt
791 1214 863 1304 ΙΙΙ.

377 1416 432 1480 nu
460 1418 772 1483 stcntuuttro
804 1419 1003 1483 onntuts

55 1661 96 1733 Α.
155 1651 292 1739 Τάξις
329 1652 554 1753 γινομένη
594 1652 667 1727 ἐπὶ
702 1654 976 1754 χειροτονίᾳ
1017 1646 1332 1755 ἀναγνώστου

530 1770 607 1846 καὶ
640 1768 867 1870 petroci

143 1951 399 2042 Προςαγόμενος
425 1960 473 2043 τῷ
500 1950 646 2077 ἀρχιερεῖ
671 1950 690 2025 ὁ
717 1960 886 2036 τοιοῦτος,
921 1950 952 2022 εί
977 1953 1039 2039 μὲν
1064 1950 1222 2039 κοσμικός
1249 1950 1331 2035 ἔστι,

54 2056 144 2146 μετὰ
166 2053 299 2143 ἱματίου
322 2052 476 2144 ἀσκευής,
506 2053 537 2123 εἰ
560 2056 597 2124 δὲ
617 2057 786 2179 μρναχὸς,
799 2057 883 2142 μετὰ
903 2051 1056 2142 pandion.
1099 2053 1169 2123 Καὶ
1191 2051 1334 2144 σφραγί-

58 2158 154 2243 lnce
177 2154 289 2247 τρίτον
316 2156 375 2246 τὴν
401 2156 548 2246 κεφαλὴν
569 2156 663 2244 παρὰ
683 2164 744 2226 τοῦ
765 2154 952 2272 ἀρχιερέως.
995 2155 1066 2225 Καὶ
1085 2152 1231 2270 κείρεται
1250 2149 1331 2267 παρ’

59 2256 165 2329 αὐτοῦ
187 2259 419 2371 σταυρσειδῶς,
441 2259 626 2371 Ls'yonrog.²
625 2275 636 2342 p
682 2250 747 2329 Εἷς
778 2245 968 2339 τὸόνομα
992 2253 1060 2318 τοῦ
1085 2242 1237 2339 πατρὸς,
1268 2238 1332 2316 καὶ

57 2356 129 2423 τοῦ
155 2350 253 2434 υἱοῦ,
288 2345 445 2420 καὶτοῦ
477 2345 587 2448 ἁγίου
622 2342 842 2442 πνεύματος,
869 2356 1129 2475 ἐπιφωνοίντων
1154 2353 1270 2427 καθ’τ
1255 2353 1333 2426 εκά-

58 2487 141 2555 στην
163 2460 336 2552 ἐπίκλησιν
356 2466 422 2528 τῶν
442 2458 693 2549 συμπαρόντων,
715 2461 765 2545 τὸ,
784 2446 913 2545 Ἀμήν.

149 2722 173 2781 i)
192 2720 258 2772 iisud
277 2721 416 2771 discernunt
433 2730 544 2772 accurate
557 2722 640 2772 Graeci
659 2723 805 2773 recentiores
823 2721 898 2786 (qood
916 2722 1046 2787 antiquitus
1064 2721 1120 2771 iecit
1138 2719 1239 2770 ecclesis
1251 2720 1333 2769 orien-

61 2806 127 2868 tsiis)
146 2807 243 2858 ordines
261 2815 310 2856 tres
329 2806 434 2856 minores
452 2806 569 2856 ecciesiae
588 2808 751 2867 occidentslis,
776 2808 806 2857 its
824 2815 850 2856 ut
868 2807 993 2856 Lectororn
1012 2813 1035 2855 et
1053 2806 1183 2855 (lentorum
1201 2804 1261 2855 ordo
1280 2818 1333 2853 sm-

62 2893 183 2957 piectstnr
196 2891 317 2952 orderico,
331 2892 469 2949 exorcistis,
489 2892 620 2955 acolythos.
646 2892 709 2942 Nic.
729 2891 881 2953 Bnigsru:
902 2888 959 2939 Τοῦ
975 2879 1157 2954 ἀναγνώστου
1173 2889 1274 2953 κυρίως
1290 2883 1334 2950 ἔρ-

58 2991 141 3041 χεται
163 2967 181 3036 ἡ
204 2966 362 3039 ἀνάγνωσις
384 2965 419 3022 ἄν
438 2969 508 3023 καλὰ
525 2974 573 3023 καὶ
590 2974 629 3031 εἰς
645 2967 675 3025 τὸ
692 2973 757 3038 περὶ
773 2975 933 3041 μυστηρίων
950 2966 965 3023 ‹¹›
986 2971 1188 3033 Θεσσαλονίκης
1205 2969 1252 3021 τοῦ
1270 2967 1333 3041 dtdp

64 3058 111 3109 καὶ
135 3050 205 3108 ἄλλα
228 3049 307 3127 βάρη.
342 3058 391 3115 Εἰς
413 3053 443 3108 τὸ
465 3059 540 3123 βῆμα
560 3059 662 3123 χωρῶν
683 3057 756 3124 λέγει
780 3051 826 3106 διὰ
845 3051 893 3106 τὸν
910 3048 1101 3122 ἀναγνώστην,
1119 3054 1236 3104 drances
1253 3050 1333 3119 φῶτα

63 3143 123 3193 καλ
140 3140 222 3207 πῦρ,
241 3136 368 3208 προςείγιι
387 3142 424 3206 τῷ
441 3141 511 3208 λεριῑ
526 3141 573 3190 καλ
590 3132 789 3208 πραπορειίεται
807 3137 1040 3208 λαμπαδηφοριῦν
1057 3139 1112 3187 τῶν
1129 3132 1217 3205 ἁγίων
1229 3136 1276 3187 eui
1288 3134 1336 3193 τὰς

63 3222 226 3293 προςφορῖις
241 3226 288 3275 eci
305 3221 335 3277 sd
352 3220 427 3290 ὕδωρ
445 3225 492 3274 καλ
509 3219 539 3276 τὸ
557 3226 616 3284 ζέον
634 3228 713 3295 φέρει
730 3221 806 3289 αὐτῷ
821 3223 869 3273 καὶ
884 3218 1019 3290 εὐκοσμεῖ
1033 3219 1066 3272 τὰ
1083 3220 1132 3273 τοῦ
1148 3219 1220 3273 ναοῦ
1235 3220 1283 3271 καὶ
1299 3218 1333 3271 sd

63 3307 133 3361 ἄλλα
152 3304 282 3375 ὑπηρετεῖ
296 3310 344 3359 καὶ
361 3306 423 3366 τοὺς
438 3311 532 3366 θείους
549 3309 675 3375 προλέγει
695 3311 751 3366 τοῖς
768 3301 924 3371 ψάλλουσιν
941 3301 1046 3372 ὕμνους
1062 3307 1109 3357 καλ
1127 3298 1335 3373 ιλαλολςὺντηρι-

64 3388 110 3460 της
127 3394 185 3446 ἔστι
202 3395 256 3444 τῶν
272 3397 358 3445 detor
375 3393 407 3445 έν
423 3395 462 3459 τῴ
478 3393 546 3457 ναῷ.
580 3396 677 3446 Certum
705 3403 742 3445 est
765 3396 811 3444 istu
830 3403 939 3459 ternpors
958 3395 1053 3445 ioannis
1072 3395 1212 3444 Dnmssceni
1231 3400 1334 3456 qustnor

64 3485 163 3533 ordines
181 3484 287 3532 minores
304 3496 353 3531 uno
370 3489 461 3531 tsntnrn
481 3481 605 3529 Lectorstn
625 3481 814 3543 comprehensos
833 3480 915 3529 inisse.
950 3480 1008 3530 Nem
1028 3479 1125 3528 disertis
1142 3477 1220 3526 serbis
1238 3476 1334 3539 prusci-

66 3571 124 3632 cipit
151 3575 195 3627 „nt
212 3567 288 3630 prims
307 3567 409 3629 dignitas
426 3566 535 3615 Lectoris
554 3566 593 3624 sit,
612 3565 698 3614 deinde
716 3565 896 3614 subdiaconns‘*
915 3573 960 3614 etc.
997 3565 1054 3614 item
1073 3561 1226 3612 Innocentius
1244 3559 1279 3610 lv.
1297 3558 1335 3607 le-

66 3662 121 3715 gsto
144 3666 190 3701 suo
215 3651 311 3700 rnsndnt
334 3659 378 3709 „ut
394 3651 503 3715 episcopi
521 3650 606 3700 Grseci
623 3657 716 3713 septem
734 3648 833 3698 ordines
850 3648 982 3698 secundum
1002 3660 1094 3697 morem
1112 3646 1228 3696 ecciesiae
1247 3645 1335 3694 dorus·

67 3753 111 3788 nse
129 3737 160 3788 de
179 3744 259 3786 cetero
278 3736 411 3792 conterunt,
437 3750 490 3785 curu
517 3736 640 3799 hucusque
663 3743 714 3784 tres
737 3734 766 3783 de
785 3733 918 3783 minoribns
936 3732 1069 3794 neglexisse
1086 3730 1123 3779 rel
1141 3728 1334 3794 prseterntisisse

66 3821 204 3878 dicentur,“
239 3820 350 3870 Ceterum
374 3821 526 3869 adnotatione
549 3820 646 3881 dignum
672 3826 716 3879 est,
740 3818 853 3868 Lectores
876 3817 939 3880 opud
963 3818 1069 3868 Grrccos
1092 3815 1198 3864 ordiosri
1221 3826 1296 3878 posse
1321 3826 1334 3861 s

67 3906 269 3956 monesteriororo
289 3905 449 3968 presentibus,
467 3904 660 3954 srcdimnndritis
677 3910 701 3954 et
719 3903 871 3967 Hegnmenis
904 3901 1011 3952 Strsiri
1031 3900 1172 3951 Gcschichte
1190 3899 1234 3949 der
1251 3897 1336 3947 itussi·

66 3993 142 4043 scheo
159 3990 247 4040 Lircite
265 3990 283 4039 Ι.
301 3989 359 4039 ddi.
393 3990 521 4053 Aethiopes
538 3990 652 4039 Lectores
671 4002 771 4052 prorsus
790 3989 907 4050 ignorent.

151 4091 179 4149 2)
202 4091 311 4140 Tondent
329 4091 412 4141 Grseci
431 4104 596 4155 quemcunque
619 4090 733 4139 intentent
757 4090 901 4153 hsptizstum
924 4089 947 4139 in
972 4086 1104 4154 spiritualis
1121 4085 1157 4135 rei
1176 4078 1337 4134 detruncat

67 4185 92 4227 ut
110 4178 142 4227 its
161 4177 239 4225 dicem
258 4175 390 4224 sucerdotis
409 4176 542 4226 honorent:
561 4175 661 4225 tondent
678 4181 802 4238 prsetercs
821 4187 914 4234 omnes,
933 4175 972 4237 qui
992 4174 1020 4222 nd
1039 4172 1199 4222 secerdotium
1212 4171 1337 4235 sdspirnnt

66 4250 252 4329 προφορικόν.
271 4258 436 4308 Extremitstes
455 4260 597 4324 copiiiorurn
617 4260 640 4308 in
659 4266 762 4324 quotuor
779 4258 840 4308 iocis
851 4258 1036 4308 abscinduntur:
1055 4259 1078 4306 in
1088 4258 1165 4306 tronto
1179 4257 1300 4314 nimirum,
1311 4256 1335 4305 in

65 4346 180 4411 occipitio
199 4352 223 4394 ct
240 4344 269 4393 sd
289 4352 413 4409 utromque
432 4359 514 4394 eurem
533 4353 557 4394 et
574 4344 688 4408 deinceps
707 4344 730 4392 in
746 4343 824 4393 medio
844 4344 937 4406 cepitis.
972 4348 1204 4392 Assemnnnus:
1222 4341 1333 4390 Tousnrs

66 4430 205 4481 Lectorstui
223 4430 383 4493 proemittitur
400 4437 447 4479 tons
467 4429 530 4494 spud
549 4430 654 4480 Graecos
672 4441 743 4492 quum
763 4427 825 4493 epod
836 4427 1085 4492 SyrosNestorisnos‚
1104 4426 1144 4491 qui
1162 4425 1259 4475 ordines
1276 4438 1336 4475 snos

66 4515 125 4567 hinc
140 4513 266 4579 incipiunt
300 4513 351 4565 Ltsi
375 4515 437 4564 enirn
461 4515 485 4564 in
502 4513 651 4578 Euchoiogio
669 4514 760 4567 Grscco
776 4513 862 4564 Lector
887 4527 940 4565 com
959 4513 1061 4564 Centone
1080 4511 1232 4574 coniungitur
1249 4518 1272 4562 et
1289 4511 1337 4562 sii·
