3044 4912
849 230 898 303 20

320 421 359 487 Εῑ
386 438 458 483 sane
479 418 605 481 Constit.
627 419 681 496 hp.
703 415 742 491 ss,
757 416 799 481 59
823 414 953 479 omissus
975 423 1023 477 est
1042 412 1219 495 Apostolus:
1254 414 1303 479 Fit
1334 415 1382 478 die
1411 416 1506 481 domi-

234 522 303 585 nico
326 520 508 608 προφητῶν
530 513 721 602 ἀνάγνωσις,
743 515 798 582 καὶ
820 508 1007 602 εὐαγγελίου
1034 507 1169 602 νηρνκόα
1199 510 1256 582 καὶ
1278 518 1405 594 θυσίας
1429 508 1507 585 tiva·

237 620 401 709 prophetui
422 622 548 709 τροφῆς
570 619 660 704 ἱερός
677 614 794 703 δωρεά.

321 725 565 806 Ενοαςεῐίαιο
588 723 690 785 Const
705 726 738 786 5.
779 720 940 785 Passiones
967 719 1127 801 Martyrum
1153 721 1185 783 in
1211 720 1304 784 Missa
1324 721 1389 785 Cat.
1418 723 1504 786 lectas

236 846 305 890 esse
334 827 438 890 diehus
467 825 628 888 eorundem
657 821 877 895 anniversariis,
905 823 1044 902 permulti
1071 831 1217 887 testantur
1238 823 1405 907 scriptores
1426 824 1503 887 occi-

235 927 379 991 dentaies.
437 926 482 989 De
518 927 641 989 Oriente
676 944 753 988 unns
789 923 935 1005 significat
968 924 1161 988 Eusebius
1196 926 1272 988 hlist.
1302 925 1383 989 Eccl.
1412 925 1445 1002 V,
1468 930 1503 991 t:

236 1022 303 1112 ότῳ
323 1024 385 1112 γὰρ
408 1026 525 1113 φίλων,
548 1026 604 1092 καὶ
624 1025 730 1091 ταῦτα
743 1022 863 1111 ῥᾴδιον
873 1023 1082 1111 πληρίοτατα
1097 1024 1283 1111 διαγνῶναι,
1298 1023 1385 1110 μετὰ
1395 1035 1504 1112 χεῖρας

235 1121 438 1213 ἀναλαβόντι
462 1125 502 1193 τὸ
529 1124 731 1213 σύγγραμμα,
762 1122 780 1190 ό
807 1127 863 1191 καὶ
889 1118 970 1192 αὐτὸ
991 1129 1031 1214 τῇ
1052 1128 1118 1193 τῶν
1139 1125 1315 1214 μαρτύρων
1336 1129 1503 1216 συναγωγῇ

234 1227 321 1313 πρὸς
342 1223 445 1314 ἡμῶν,
469 1224 515 1307 ὥς
534 1230 612 1314 γοῦν
636 1227 729 1315 ἔφην,
751 1227 961 1294 κατείλεκται.
1009 1231 1080 1293 Cod.
1104 1230 1162 1294 tit
1184 1230 1208 1293 1.
1228 1250 1259 1312 p.
1274 1235 1328 1297 27.

224 1364 254 1407 ..i
288 1364 293 1373 ·
319 1333 429 1395 Verum
449 1332 480 1395 in
508 1331 634 1393 dirersis
664 1331 796 1394 ecclesiis
818 1340 936 1412 praeter
957 1332 1135 1413 scripturam
1157 1352 1270 1396 sacram
1291 1332 1368 1396 alios
1390 1352 1506 1415 quoquc

232 1430 329 1499 libros
357 1442 388 1496 et
415 1433 549 1495 doctriua
569 1432 728 1496 christiana
748 1434 878 1495 refertos
900 1444 930 1495 et
951 1433 1166 1509 exhortatione,
1186 1435 1333 1498 lectitatos
1356 1454 1426 1498 esse
1448 1447 1505 1500 tam

203 1526 206 1541 '
234 1545 348 1599 certum
363 1544 409 1599 est
422 1553 510 1615 quam
525 1534 605 1615 quod
619 1533 835 1599 certissimum:
856 1533 1015 1598 Hermae
1036 1536 1170 1599 Pastor
1189 1535 1301 1600 Euseh.
1315 1536 1355 1600 Η.
1365 1537 1401 1600 Ε.
1415 1540 1447 1611 3,
1458 1540 1505 1605 16.

233 1638 357 1700 hieron.
387 1636 425 1699 de
452 1637 554 1716 script.
580 1639 630 1702 10.
680 1638 820 1699 Athanas.
849 1636 960 1699 tomi.
983 1640 1091 1716 post
1122 1638 1192 1701 edit
1213 1637 1282 1701 Par.
1332 1637 1504 1702 Clemen-

234 1739 285 1801 tis
304 1739 462 1801 Romani
483 1739 520 1800 ad
542 1737 712 1801 Corinthios
733 1738 818 1818 prior
839 1737 964 1817 epistola
986 1738 1095 1802 Enseh.
1117 1740 1155 1803 Η.
1170 1740 1204 1804 Ε.
1226 1742 1326 1814 3,16.
1355 1741 1506 1804 Soteris

233 1840 359 1903 Romani
380 1840 514 1921 Epistola
535 1840 643 1904 Euseh.
665 1840 703 1902 H.
725 1840 760 1903 Ε.
783 1843 814 1913 3,
834 1840 882 1903 16.

591 2025 639 2087 lv.
670 2025 800 2088 Sermo
821 2025 895 2087 lust.
919 2027 949 2089 6.
994 2023 1096 2088 Const
1119 2028 1149 2092 6.

318 2144 452 2208 Euseh.
472 2144 507 2206 E.
529 2143 564 2206 Ε.
587 2146 618 2218 6,
633 2146 690 2209 36:
713 2137 797 2227 ὑπὲρ
819 2139 861 2208 τὰ
883 2140 1040 2228 ἑξήκοντα
1062 2142 1164 2227 φασὶν
1187 2141 1241 2230 ἔτη
1263 2141 1321 2209 τὸν
1340 2139 1507 2233 Ὠριγένιμ

232 2243 421 2332 γενόμενον·
444 2239 503 2310 ὅτε
523 2248 679 2331 μεγίστην
699 2241 761 2333 ἤδη
785 2242 1020 2327 σολλεξόμενον
1036 2241 1071 2308 ἐκ
1084 2245 1142 2320 τός
1154 2245 1281 2330 μακρᾶς
1294 2248 1506 2335 παρασκευῆς

233 2347 301 2426 ἕξιν
322 2345 382 2424 τὰς
404 2344 461 2411 ἐπὶ
480 2346 541 2409 τοῦ
563 2347 675 2411 κοινοῦ
697 2344 871 2430 λεγομένας
892 2339 980 2430 αἰτῷ
997 2343 1157 2424 διαλέξεις
1169 2344 1392 2435 ταχνγράφοις
1403 2340 1506 2432 μετα-

233 2449 347 2531 λαβεῖν
374 2445 558 2530 ἐπιτρέψαι
585 2441 624 2511 οὗ
644 2443 807 2530 πρότερόν
828 2467 912 2513 ποτε
932 2447 1030 2512 τοῦτο
1051 2450 1210 2539 γενέσθαι
1231 2447 1505 2535 σογκιχωρηκότα.

232 2548 453 2629 Pamphilus
475 2548 560 2628 Apol.
581 2567 636 2628 pro
660 2549 805 2627 Origene:
840 2581 883 2594 -
903 2581 945 2593 —
970 2568 1029 2630 per
1056 2570 1106 2613 eos
1135 2562 1286 2647 tractatus
1312 2571 1386 2635 quoa
1405 2572 1507 2638 poeno

236 2653 369 2734 quotidie
398 2655 429 2712 in
460 2650 582 2751 ecclesio
611 2650 735 2712 λαόιόαι
757 2668 795 2712 cco
810 2661 943 2732 ternpore
965 2670 1021 2734 quo
1044 2665 1073 2716 et
1101 2653 1299 2719 describentes
1327 2661 1449 2720 notorii
1466 2657 1508 2720 ud

234 2762 427 2815 monumento
444 2754 637 2831 posteritatis
660 2749 847 2814 trudebant?

247 2939 283 3003 V.
312 2937 566 3002 Dimittuntur
588 2936 875 3012 Catechumeni,
897 2936 1146 3001 Poeniteutes
1169 2948 1205 3001 et
1225 2959 1251 3001 a.
1283 2940 1491 3005 Orationes

791 3038 947 3103 Consti.

319 3158 489 3220 lustinus
508 3158 624 3221 hiric.
642 3158 750 3238 Tryph.
773 3177 802 3237 p.
819 3161 896 3222 254:
919 3150 1002 3240 ὑπὲρ
1024 3150 1115 3239 ὑμῶν
1138 3158 1191 3222 καὶ
1212 3151 1297 3243 ὑπὲρ
1311 3161 1379 3227 τῶν
1395 3157 1506 3230 ἄλλων

232 3250 389 3323 ἁπάντων
423 3251 614 3344 Ιοἰνθριόπων
648 3259 714 3323 τῶν
752 3256 993 3341 ἔχθραινόντων
1026 3252 1104 3343 ἡμῖν
1139 3252 1312 3342 εὐχόμεθα.
1362 3282 1404 3345 p,
1423 3268 1503 3331 363:

231 3351 455 3436 ἀδιαλείπτως
476 3361 668 3445 καταρᾶσθε
689 3353 777 3444 αὐτῷ
799 3383 836 3425 τε
857 3358 967 3445 ἐκείνῳ
988 3362 1042 3425 καὶ
1063 3368 1135 3438 τοῖς
1157 3353 1214 3425 ἄπ’
1230 3354 1343 3441 αὐτοῦ,
1367 3360 1503 3433 πάντων

230 3453 323 3547 ἡμῶν
341 3454 525 3543 ,εὐχομένων
547 3455 630 3544 ὑπὲρ
652 3455 744 3543 ὑμῶν
765 3458 821 3527 καὶ
842 3455 926 3545 ὑπὲρ
947 3459 1082 3527 πάντων
1105 3456 1220 3540 ἁπλῶς
1241 3455 1436 3549 ἀνθρώπων
1457 3460 1505 3546 ὥς

230 3555 299 3628 όπὸ
320 3563 380 3627 τοῦ
394 3563 542 3647 Χριστοῦ
564 3559 793 3648 ἐδιδάχθημεν.

672 3817 807 3880 ntlsst
830 3816 1053 3880 Fluntltttt

232 3987 269 4033 ex
301 3970 475 4034 eucharistia
506 3971 668 4053 apostolica
695 3969 874 4042 deducenda,
901 3969 969 4031 lesu
991 3970 1098 4031 Christi
1130 3989 1185 4049 pro
1217 3971 1306 4035 nobis
1332 3977 1420 4054 passi
1449 3996 1507 4042 cx·

230 4088 337 4151 pressa
357 4074 465 4152 imago,
488 4072 623 4153 liturgiae
645 4071 836 4135 christianum
858 4068 1021 4153 πληρῶμα
1043 4078 1072 4133 et
1094 4065 1222 4137 ἄδυτον.

421 4257 468 4318 vt.
493 4257 644 4319 Oblatio
666 4256 776 4338 panis
799 4257 931 4319 etvini
952 4257 1022 4319 lust.
1045 4259 1075 4322 3.
1093 4260 1122 4320 7.
1152 4256 1255 4320 Const.
1278 4259 1309 4324 8.
1491 4302 1515 4363 3

315 4373 449 4437 lustin.
470 4374 545 4449 Dial.
567 4395 592 4436 c
616 4376 724 4456 Tryph.
747 4394 776 4454 p.
792 4378 870 4440 210:
908 4366 996 4457 εόχαὶ
1023 4371 1079 4440 καὶ
1106 4366 1317 4471 εὐχαριστίας,
1340 4370 1411 4444 ὑπὸ
1433 4379 1515 4447 τόόνΙ

231 4461 332 4549 ἇξίων
360 4471 538 4557 γινόμεναι,
564 4475 688 4542 τέλειαι
713 4473 821 4559 μόναι.
841 4477 895 4543 καὶ
918 4468 1173 4573 stuporem-otii
1192 4478 1241 4563 τῷ
1265 4462 1508 4564 Θεῷῗθοσωι,
