3044 4912
721 238 796 312 316

123 421 210 511 πρὸς
235 419 293 490 τὸν
318 420 471 507 βασιλέα,
499 411 558 499 οὓς
584 415 664 487 idola
683 417 741 487 καί
762 412 934 506 ὀργισθεὶς
954 413 1080 485 κελεύει
1100 415 1159 484 τὸν
1180 412 1279 504 dyona
1297 420 1384 484 Λαυ-

123 523 252 614 ρέντιον
272 529 446 613 τυφθῆναι
467 521 632 610 σφοδρῶς,
654 514 728 589 εἶτα
747 522 916 610 βληθῆναι
937 518 973 587 ἐν
993 525 1033 608 τῇ
1055 523 1186 608 φυλακῇ
1208 519 1244 586 ἐν
1264 508 1287 608 ᾖ
1305 515 1381 605 χειά·

123 650 222 711 μενος
249 622 324 694 ἰᾶτο
350 621 480 702 πάντας
506 619 583 690 ὅσοι
603 621 691 708 πρὸς
712 617 813 689 αὐτὸν
834 617 989 710 ἐφοίτων,
1019 611 1046 709 ᾦ
1067 617 1108 688 ἂν
1129 620 1269 699 ἕκαστος
1288 617 1379 687 ιιατιί-
1422 681 1425 686 .

122 750 199 810 xero
230 723 402 815 νοσήματι.
436 723 545 808 ‘'Aer
575 719 594 790 ὁ
621 728 796 811 τριβοῶνυς
820 718 1022 801 Καλλίνικος
1048 720 1195 807 βλάπτον,
1227 718 1247 790 o‘
1273 720 1377 810 καλιῇ
1420 750 1425 777 ÷

124 824 233 916 εἱρκτῇ
253 826 442 895 ἐπιστατῶν
463 823 638 895 ἐπίστευσε
659 829 707 912 τῷ
723 828 862 912 Χρυστῶ
875 822 932 890 καὶ
948 820 1150 911 ἐβαπτίσθη.
1180 821 1285 890 Metel
1296 828 1376 890 τοῦτο

124 927 164 997 dd
183 926 390 1015 παρίσταται
409 923 429 995 ὁ
451 924 772 1014 άχιοςΛαυρέντιος
791 931 838 1013 τῷ
858 925 993 1010 βασιλεῖ
1013 923 1071 991 καὶ
1090 924 1136 1010 μὴ
1158 921 1377 1003 arnestali

123 1053 183 1098 σαι
202 1033 275 1108 τοῖς
296 1025 449 1107 εἰδώλοις
470 1026 529 1095 ἐπὶ
551 1024 692 1115 ἐσχάρας
708 1023 886 1106 άπλυῦται,
906 1021 1060 1093 κάτωθεν
1075 1021 1314 1114 ῶφαπτομίνου
1326 1048 1378 1090 πυ-

123 1127 190 1217 ράς.
232 1129 305 1198 Καὶ
324 1127 360 1198 ἐν
381 1125 473 1218 αὐτῷ
492 1134 541 1216 τῷ
564 1133 640 1214 Geni
661 1124 900 1215 εὐχαριστήσας
920 1122 1029 1216 άφῆιιο
1048 1124 1088 1193 τὸ
1108 1132 1243 1211 πνεῦμα
1263 1124 1318 1193 καὶ
1333 1150 1377 1213 ap

124 1229 218 1311 (λείας
237 1237 297 1320 τῆς
317 1228 538 1320 ὀφειλομένης
558 1229 653 1316 παρὰ
672 1235 734 1297 τοῦ
751 1225 953 1296 Ἱππολύτου
975 1225 1150 1314 τυγχάνοι).

208 1338 261 1400 111.
284 1336 547 1411 Horologium,
567 1326 816 1418 Ὡρολόχισν,
832 1332 1380 1406 Βυσσ.ΤσσίισισοττυὶΙι,σοιιιίυσῑΗυ

123 1457 174 1501 ras
196 1439 375 1510 canonicas,
404 1437 502 1517 quoad
525 1435 562 1497 ad
583 1445 679 1498 statas
700 1454 806 1517 preces
829 1445 860 1497 et
879 1434 1024 1497 formulas
1045 1434 1091 1495 rel
1114 1443 1146 1496 ut
1166 1434 1301 1496 Romana
1319 1450 1380 1493 roeo

125 1550 200 1612 utar,
222 1539 355 1600 officium
378 1536 598 1598 Hebdomadae.
636 1538 700 1599 lluo
724 1537 755 1598 in
778 1545 918 1618 promptu
940 1544 1012 1598 sunt
1032 1534 1224 1615 exemplaria.
1259 1536 1380 1597 Alteram

123 1639 285 1703 vetustius:
310 1631 500 1720 Ὡρολόχιον
525 1632 644 1701 νεωστὶ
668 1632 913 1719 μστατυπωθὲν
931 1632 990 1700 ιιαί
1009 1630 1179 1717 ἐπιμελῶς
1200 1630 1383 1720 διορθυθὲν

122 1735 208 1820 μετὰ
228 1733 422 1817 πασχαλίων
442 1731 525 1804 ἔτιον
545 1732 579 1820 μ’
601 1735 658 1803 καί
678 1731 920 1822 συνταχματίου
939 1734 1031 1812 τινὸς
1050 1734 1131 1819 περὶ
1150 1738 1218 1799 τῶν
1238 1738 1383 1822 νηστιιῶι

119 1844 184 1905 ,τοῦ
210 1835 291 1905 ὅλου
318 1836 482 1917 ἐνιαυτοῦ,
509 1840 635 1904 alterum
663 1843 829 1903 recentius:
856 1833 1048 1923 Ὡρολάχιον
1073 1835 1113 1902 τὸ
1134 1833 1221 1922 μέγα
1242 1832 1384 1920 ,captata

123 1936 262 2007 άπασον
281 1939 341 2027 τὴν
362 1934 546 2027 ἀνήκουσαν
567 1934 657 2023 αὐτῶ
677 1932 883 2006 ἀκολουθίαν
905 1935 991 2022 μετά
1010 1933 1204 2025 προςθὴκης
1223 1942 1286 2004 τοῦ
1305 1934 1385 2021 ἱεροῦ
1422 1958 1425 1997 :

122 2038 302 2125 συμβόλου,
329 2037 526 2123 πασχαλίιον
549 2035 605 2124 pd'
626 2037 684 2107 καὶ
704 2031 813 2105 ἄλλων
833 2045 933 2106 τινῶν
951 2035 1129 2127 χρησίμων.
1173 2043 1280 2105 Venet.
1304 2043 1384 2108 1832

123 2145 157 2208 ln
180 2156 307 2226 utroque
327 2147 406 2209 libro
428 2147 627 2208 adnectuntur
646 2144 730 2207 horis
746 2145 884 2207 Canones
905 2143 1078 2224 paraeletiai
1100 2145 1131 2204 in
1145 2144 1180 2205 B.
1197 2145 1385 2222 Virginemet

121 2247 265 2326 Angelum
288 2247 449 2310 Custodem
472 2257 502 2309 et
523 2246 750 2326 deprecatorias
782 2246 814 2307 in
837 2264 942 2308 omines
963 2246 1092 2322 Angelos
1113 2254 1143 2306 et
1165 2247 1306 2319 &notos
1337 2246 1385 2308 Ca·

121 2346 300 2422 lardarium,
323 2348 424 2428 Cprilli
443 2347 635 2410 Alexandrini
656 2348 754 2409 oratio
776 2349 814 2409 de
835 2347 917 2408 exitu
936 2347 1055 2409 animae
1075 2344 1162 2407 etde
1184 2348 1320 2408 seeundo
1340 2344 1386 2406 ad·

119 2458 222 2521 rento,
244 2451 408 2530 Nioepbori
430 2450 467 2511 de
482 2449 605 2512 ieiuniis
620 2449 800 2510 Graecorum
824 2448 1007 2521 tractatulus,
1030 2447 1131 2526 lingua
1152 2465 1259 2509 eorum
1281 2445 1386 2525 vulgari

122 2551 313 2630 conscriptus
336 2560 366 2612 et
388 2551 479 2612 multa
500 2550 569 2612 alia.
603 2550 796 2627 Horologium
818 2551 918 2610 minus
940 2570 966 2611 s.
989 2541 1270 2631 ῶρολυγόπουλον
1292 2569 1308 2609 a
1329 2566 1386 2609 ma-

124 2652 182 2714 iori
205 2663 366 2712 extractum
389 2663 444 2720 est,
466 2651 593 2711 maxime
614 2653 785 2712 necessaria
802 2653 1006 2713 tantummodo
1022 2651 1191 2721 continens,
1215 2651 1253 2711 ad
1271 2660 1385 2730 portan-

124 2752 194 2813 dum
216 2751 312 2829 magis
326 2751 479 2811 idoneum.

209 2852 255 2912 ll'.
292 2852 488 2931 Tppicum‚
520 2845 721 2927 Τοπικόν,
751 2872 859 2915 nomen
888 2853 1000 2915 habent
1020 2871 1038 2914 a
1058 2845 1165 2926 τύπος
1187 2854 1275 2932 quasi
1298 2855 1386 2914 lorma

124 2954 173 3023 sit,
202 2972 304 3015 norma
333 2964 364 3014 et
383 2954 492 3032 regula.
522 2955 596 3014 ordo
618 2953 764 3014 recitandi
786 2956 929 3015 ollicium.
972 2955 1005 3016 ln
1029 2973 1064 3015 eo
1088 2974 1104 3014 a
1125 2954 1225 3034 primo
1250 2955 1299 3016 die
1322 2954 1386 3014 anni

123 3055 249 3133 singulis
272 3055 389 3123 diebus,
412 3055 483 3134 quid
506 3055 585 3116 inter
605 3056 762 3117 blissarum
785 3056 952 3127 sollemnia,
975 3056 1046 3135 quid
1068 3056 1105 3116 ad
1130 3057 1287 3134 imperas
1321 3056 1388 3135 quid

122 3156 159 3217 ad
181 3156 288 3223 lloras.
310 3157 382 3236 quid
404 3155 440 3216 ad
463 3156 650 3227 llatutioum,
683 3158 755 3237 qnid
782 3158 913 3237 deniqne
941 3158 979 3218 ad
1007 3157 1121 3236 reliqua
1150 3156 1252 3217 diuina
1283 3157 1386 3227 officia,

123 3256 186 3318 sire
214 3258 279 3318 dies
307 3258 351 3318 illi
380 3257 500 3318 feriales
527 3268 597 3319 siunt
626 3260 688 3320 sire
721 3260 790 3321 lesti
812 3261 1009 3330 recitandum,
1037 3259 1108 3338 quid
1130 3257 1320 3336 psallendum
1342 3266 1389 3318 aut

123 3357 281 3435 legendum
303 3360 352 3429 sit,
375 3359 483 3437 quibus
505 3359 610 3420 diebus
635 3360 834 3424 ieiunandum.
858 3361 966 3442 quibus
987 3371 1018 3421 et
1041 3359 1192 3438 quomodo
1215 3358 1388 3421 solvendum

124 3459 267 3522 ieiunium
295 3459 384 3537 longe
411 3479 446 3521 ac
475 3462 540 3521 luae
563 3463 788 3539 praescribitur.
832 3462 910 3522 Olim
932 3461 1067 3539 singulae
1090 3461 1273 3521 Graecomm
1297 3461 1388 3522 eccle·

122 3562 186 3622 siae
208 3581 244 3623 ac
265 3561 454 3641 potissimum
477 3562 691 3640 patriarchales
714 3562 894 3643 peculiarem
921 3562 979 3622 sibi
1003 3565 1125 3622 niodum
1147 3562 1177 3621 in
1201 3561 1293 3622 rebus
1316 3561 1387 3622 diri-

123 3663 170 3724 nis
185 3664 365 3742 peragendis
380 3664 438 3724 sibi
453 3664 727 3743 praescripserunt:
755 3675 861 3743 postea
875 3664 936 3727 ille.
959 3664 1009 3742 qui
1024 3666 1057 3724 S.
1072 3662 1189 3724 Sabbae
1205 3663 1301 3724 luisse
1317 3663 1387 3725 dioi-

124 3773 171 3825 tur
198 3765 241 3825 uti
269 3765 377 3825 melior
404 3765 482 3844 apud
505 3783 611 3824 omnes
633 3765 764 3826 Graecos
786 3765 918 3826 invaluit
963 3765 1058 3824 l'ariis
1081 3773 1127 3826 est
1144 3764 1320 3826 distinctum
1335 3783 1386 3844 pro

122 3866 265 3926 materiae
286 3867 428 3927 varietate
451 3865 610 3944 capitibus.
651 3867 829 3946 Plemmqne
851 3868 881 3926 in
903 3866 963 3928 hoc
984 3866 1061 3925 libro
1076 3866 1285 3927 continentur:
1309 3865 1386 3928 Ordo

122 3966 268 4026 recitandi
297 3967 429 4027 offirium
458 3986 513 4045 per
540 3978 633 4028 totum
661 3986 771 4030 alanum
800 3988 835 4029 er
862 3967 927 4044 lege
955 3968 1051 4027 sancti
1079 3967 1198 4030 sabbae
1226 3985 1316 4049 capp.
1338 3969 1385 4032 59.

122 4069 295 4145 Sequuntur
316 4069 407 4129 llarui
429 4068 660 4129 llierumnuacbi
683 4071 720 4129 de
742 4069 844 4129 dubiis
856 4068 977 4146 Tppicis
1000 4068 1097 4147 capita
1119 4079 1249 4137 centum,
1273 4067 1384 4131 b'ioolai

121 4167 311 4230 llatriamlaae
339 4172 493 4232 Coristant.
521 4169 557 4230 ud
586 4171 774 4231 Anastasiurn
796 4170 907 4230 Montis
928 4169 1012 4229 Sinai
1034 4169 1178 4231 Abbatem
1206 4171 1244 4231 de
1267 4171 1385 4232 leinuiis

122 4269 303 4331 Graecorum
338 4272 470 4332 carriiina
498 4272 625 4351 poitica.
669 4272 741 4332 lude
770 4271 868 4332 locum
896 4270 1007 4330 babent
1032 4271 1194 4331 minutiora
1226 4272 1384 4350 quaedam:

122 4368 161 4429 de
182 4372 359 4434 ‹lutriburin
382 4373 419 4432 dc
442 4372 525 4432 leriis
540 4373 763 4435 llnuacborum.
786 4372 823 4433 de
846 4374 1027 4433 continentia
1049 4384 1078 4433 et
1099 4372 1240 4450 ingluvie,
1264 4374 1302 4433 de
1318 4390 1385 4451 qua·

123 4478 192 4530 tuor
212 4469 409 4550 Eiarrgelistis
430 4485 489 4536 etc.
533 4473 638 4539 finem
667 4475 780 4536 iaciunt
805 4474 926 4554 ..capita
950 4471 1194 4536 adhortatira⁰ad
1218 4475 1385 4537 virtutem·-
