3044 4912
688 257 761 330 387

175 441 241 503 lam
269 458 340 501 acro
367 433 510 525 σφραγίς
538 442 636 503 excisa
659 442 770 505 Christi
797 442 877 503 velut
904 441 972 521 agui
999 442 1173 507 immolandi
1200 444 1281 507 vices
1304 464 1356 506 no-

105 560 223 621 tcnque
251 539 381 603 sustinet
409 550 437 602 et
466 549 497 604 ut
520 552 664 614 mactetur
685 553 784 607 crusta
807 543 934 616 inversa,
964 543 1040 604 mica
1064 562 1182 607 sursum
1203 554 1357 625 spectante

105 660 115 705 ι
139 642 235 705 disco
254 642 335 704 velut
355 659 449 720 agnus
470 642 606 721 supinus,
628 645 719 706 ictum
742 643 929 724 praestolans
952 644 1129 707 extenditur.
1164 645 1272 725 Pungit
1293 665 1358 709 eam

105 743 237 807 acordos
258 741 371 815 lancea,
394 743 543 806 adiunctis
566 745 711 815 formulis.
734 765 811 825 quac
833 745 870 807 ad
886 745 1135 824 significationem
1151 747 1272 818 Christi,
1295 748 1358 809 lan·

105 863 140 907 ea
166 844 399 907 transverberati
422 856 453 908 et
472 845 540 907 aliis
562 846 720 926 suppliciis
742 847 874 921 lacerati,
903 847 1082 913 referuntur.
1125 847 1235 911 Incidit
1257 855 1286 909 et
1307 849 1358 911 dc-

105 954 197 1011 ussat
218 945 304 1024 panis
326 946 434 1024 supine
456 946 581 1009 iacentis
603 948 709 1010 micam
733 949 913 1011 eminentem
937 947 1035 1009 crucis
1057 948 1087 1009 in
1103 949 1234 1023 modum,
1257 958 1289 1010 ut
1304 969 1358 1030 po-

105 1054 154 1109 tes
185 1046 304 1107 facilius
332 1047 427 1124 frangi
457 1048 552 1127 possit
585 1049 704 1127 (Muralt
726 1050 756 1112 in
779 1049 920 1112 Lexirlioz
949 1049 1046 1122 „doch
1077 1069 1123 1123 so,
1150 1049 1219 1111 dass
1249 1069 1281 1111 es
1310 1050 1358 1112 die

105 1146 189 1209 liade
211 1147 289 1208 noch
313 1149 588 1226 zusammenhatr‘).
630 1151 765 1232 lienique
786 1151 913 1214 vertitur
933 1142 1087 1235 σφραγίς,
1115 1159 1147 1212 ut
1174 1136 1283 1213 iterum
1307 1170 1358 1231 ap·

105 1258 197 1310 creat
218 1266 315 1309 crucis
337 1248 446 1328 imago.

178 1349 320 1428 Sequitur
346 1350 523 1413 simultanea
550 1351 610 1415 vini
640 1352 722 1417 rubri
745 1361 774 1415 et
796 1372 889 1433 aquae
913 1352 1038 1431 frigidae
1060 1352 1207 1433 (νᾶμα)’)
1236 1352 1358 1426 infusio,
1474 1348 1483 1368 ‘

105 1459 169 1513 acta
194 1471 209 1512 a
234 1450 376 1522 [liaconm
400 1451 499 1513 dextra
521 1452 582 1514 vini
604 1453 727 1516 sinistra
750 1472 845 1534 aquae
867 1453 1026 1534 ampullam
1050 1462 1180 1516 tenente.
1224 1454 1262 1515 Et
1283 1454 1359 1515 hanc

105 1551 270 1613 nissionem
292 1569 397 1613 omnes
418 1552 641 1617 ecclesiasticae
664 1555 861 1619 Orientalium
883 1555 965 1634 leges
987 1555 1205 1636 praescribunt,
1227 1554 1360 1635 exceptis

105 1652 242 1725 umente,
265 1652 316 1732 qui
339 1653 407 1714 rino
430 1656 633 1719 consecrando
656 1674 764 1737 aquam
786 1674 846 1719 non
868 1655 1075 1731 admiscent.²)

177 1753 338 1833 Exponunt
353 1754 532 1818 Graecorum
547 1756 734 1819 Rubricistae
755 1757 834 1819 hanc
855 1757 982 1836 primam
1003 1756 1063 1819 vini
1087 1764 1117 1817 et
1139 1757 1225 1836 panis
1240 1756 1269 1819 in
1287 1756 1359 1819 Pro·

105 1852 173 1917 hesi
202 1855 394 1927 oblationem,
423 1856 599 1921 adumbrare
623 1858 734 1921 Christi
758 1858 940 1921 nativitatem
964 1868 994 1919 et
1015 1858 1140 1938 primam
1163 1857 1241 1918 inter
1263 1857 1359 1919 homi-

105 1970 149 2017 tes
171 1957 439 2019 conversationem.
482 1962 519 2021 m
539 1970 622 2020 recte
643 1960 768 2022 miratur
789 1960 914 2032 Gnarus,
948 1959 1027 2038 quod
1050 1959 1080 2019 in
1104 1957 1201 2037 ipsius
1222 1957 1360 2037 liturgiae

105 2056 197 2119 imino
216 2057 352 2121 Christus
374 2059 441 2138 agni
457 2060 578 2123 nomine
593 2060 773 2135 immolatus,
796 2060 994 2140 spectantium
1009 2059 1158 2121 mentibus
1175 2058 1359 2121 exhiheatur.

105 2156 173 2221 lane
194 2158 376 2237 subiungere
397 2169 524 2240 poterat,
546 2162 657 2225 nullum
681 2173 797 2226 exstars
818 2161 976 2240 liturgiam,
1001 2179 1075 2240 quae
1098 2169 1157 2222 tam
1181 2160 1255 2222 rivis
1278 2160 1359 2222 colo-

105 2258 179 2323 tons
207 2270 412 2340 repraesentet
439 2263 587 2327 Christum
617 2262 801 2327 vulneratum
830 2272 860 2324 et
892 2262 1074 2342 perforatum
1097 2270 1270 2347 tantamque
1290 2280 1359 2341 pro-

105 2358 173 2425 'arat
206 2360 284 2425 inter
307 2362 455 2425 Christum
489 2363 642 2429 dominum
674 2373 706 2425 et
726 2382 834 2445 panem
857 2380 974 2441 sacrum
996 2362 1259 2437 necessitudinem.
1301 2363 1359 2425 lte-

105 2461 255 2543 tpnnslent,
277 2463 387 2527 Christi
411 2465 589 2528 sacrificium
612 2450 782 2529 nullatenus
803 2465 853 2529 hic
875 2463 1037 2544 significari
1059 2464 1112 2526 sed
1136 2463 1211 2536 eius,
1240 2472 1270 2525 ut
1292 2458 1359 2526 mox¹

105 2572 311 2643 acceptasse
333 2575 419 2628 natus
442 2575 488 2628 est
509 2576 540 2629 et
561 2568 682 2648 propria
706 2576 814 2646 sponte
836 2566 954 2628 oblatus
975 2566 1048 2638 Deo,
1070 2565 1163 2627 animi
1186 2565 1359 2646 dispositio·

104 2683 162 2727 tem
191 2677 223 2726 et
252 2665 337 2744 quasi
365 2667 402 2728 ad
432 2668 610 2730 sacrificium
634 2668 871 2748 designationem
894 2666 1039 2731 exhiberi.
1082 2660 1184 2747 ltaque
1207 2665 1239 2728 in
1261 2667 1360 2731 officio

105 2763 321 2850 τροςκομιόῆς
348 2787 406 2829 oon
433 2770 619 2849 supertecta
642 2772 788 2833 donorum
809 2768 932 2843 oblatio,
953 2768 1007 2831 sed
1030 2787 1133 2830 eorum
1156 2786 1172 2830 a
1195 2768 1359 2831 communi·

105 2887 151 2929 tus
178 2878 211 2928 et
238 2869 373 2947 profanis
403 2869 480 2932 cibis
507 2873 686 2950 segregatio.
730 2856 792 2937 Steti
818 2872 861 2934 uti
888 2870 955 2935 lieri
983 2870 1076 2944 solet,
1110 2869 1244 2947 argutius
1272 2888 1359 2949 quam

105 2969 197 3031 serius
224 2970 340 3049 prolata
370 2970 516 3035 ridentur.
559 2974 631 3034 Mihi
660 2973 779 3053 quidem
806 2973 882 3036 haec
909 2971 1033 3051 mystica
1061 2967 1287 3053 superimpositis
1313 2970 1357 3031 in-

105 3068 271 3150 erpretatio
290 3071 394 3150 ¹magis
421 3073 501 3153 sapit
528 3083 752 3154 praeposteram
785 3073 934 3153 quandam
963 3071 1113 3150 sequioris
1139 3070 1284 3150 temporis
1306 3071 1358 3132 do·

105 3171 233 3246 :trinam
257 3190 344 3251 quam
367 3173 458 3253 prisci
481 3175 545 3236 aevi
567 3175 799 3255 simplicitatem.
834 3175 937 3253 Neque
960 3172 1142 3234 haerendum
1163 3181 1210 3233 est
1231 3172 1262 3233 in
1286 3190 1359 3234 non·
1460 3254 1466 3267 Ι

105 3273 186 3335 milis
220 3273 344 3335 vocibus
377 3294 454 3355 quac
485 3287 587 3356 aperte
620 3283 758 3356 spectant
786 3275 823 3336 ad
851 3274 1001 3337 Christum
1030 3284 1130 3335 natum
1157 3273 1202 3334 rel
1225 3292 1242 3336 a
1264 3274 1359 3352 magis

105 3374 267 3437 morarum:
292 3394 369 3450 nam,
391 3395 458 3438 cnm
480 3378 511 3439 in
535 3378 714 3439 eucharistia
737 3377 834 3441 denuo
858 3375 994 3439 Christus
1016 3371 1241 3459 ἐνσαρκοῦται,
1264 3374 1358 3438 affini-

105 3474 164 3537 tatis
188 3474 260 3555 quid
283 3475 395 3539 hahent
416 3479 471 3554 (uti
494 3479 582 3541 etiam
605 3479 683 3559 apud
706 3478 868 3552 Romanos)
890 3476 989 3540 officia
1011 3477 1179 3540 Natiuitatis
1201 3485 1231 3539 et
1243 3477 1360 3538 Coenae

105 3575 275 3639 lominicae.

183 3727 255 3808 Cap.
281 3728 419 3792 Vll—X.
462 3729 742 3794 Particularum
769 3730 994 3793 Sanctarum
1022 3728 1060 3789 in
1087 3728 1201 3789 Disco
1223 3726 1359 3807 Dispo-

105 3827 202 3890 sitio.
232 3830 431 3910 Aggredimur
452 3833 675 3907 caerimoniam,
698 3831 819 3897 Graecis
840 3849 964 3913 prorsus
987 3829 1167 3911 peculiarem
1190 3847 1276 3908 quam
1299 3845 1359 3889 non

107 3988 320 4002 *...-...
331 3996 349 4000 -
359 3995 377 4000 ...

185 4087 208 4146 l)
232 4087 329 4139 ttente
348 4088 393 4138 l.c.
412 4103 435 4155 p.
446 4086 510 4138 att:
534 4087 580 4137 hot
604 4086 739 4151 clossicallg
763 4086 821 4136 used
840 4087 863 4137 in
880 4087 921 4135 the
938 4099 1010 4135 sense
1028 4085 1055 4134 ol
1069 4085 1138 4143 uine,
1157 4090 1240 4147 except
1257 4082 1311 4133 with
1330 4096 1359 4130 an

113 4166 203 4230 spirtu:
222 4187 248 4222 as
265 4172 337 4222 Arist.
356 4172 448 4222 Eccles.
463 4172 500 4223 ll.
518 4166 600 4226 στοάς
617 4185 644 4220 rs
662 4167 770 4238 καρποῦ
785 4171 900 4235 βακχίου
917 4182 944 4218 τε
963 4160 1086 4236 νάματος
1103 4159 1221 4234 πλήρεις.

185 4254 209 4313 2)
228 4256 290 4307 Cura
309 4272 409 4321 prorsus
427 4255 541 4318 singulari
561 4256 668 4321 Coptitae
687 4265 710 4305 ct
726 4255 854 4319 Aethiopes
872 4263 956 4319 parent
974 4254 1052 4305 tinum
1072 4253 1264 4302 eucharisticum.
1300 4250 1360 4301 iiras

118 4343 187 4392 htssaa
212 4341 254 4390 sed
273 4356 322 4391 non
340 4342 437 4391 omuino
456 4355 569 4390 exsuscas
588 4341 703 4404 colligunt
721 4340 797 4404 iisqne
815 4354 900 4404 aquarn
918 4339 1050 4398 attendunt,
1078 4339 1143 4402 paris
1161 4351 1214 4386 cnm
1233 4337 1293 4400 ipsis
1311 4335 1360 4384 usis

118 4419 228 4475 metens:
253 4426 285 4475 its
309 4427 448 4476 commixtas
471 4425 592 4475 solaribus
609 4426 683 4475 radiis
702 4440 746 4490 par
762 4424 866 4474 triduom
884 4423 1044 4487 estamplius
1062 4432 1183 4486 exponunt
1200 4422 1288 4486 quique
1306 4420 1361 4471 inde

105 4494 139 4553 il
150 4506 255 4563 Mari
272 4516 426 4575 extorquetur
444 4509 531 4575 lignos,
549 4510 627 4561 naum
646 4519 751 4572 coeatur,
768 4508 815 4563 soli
832 4509 920 4561 misem
938 4508 1056 4565 sacrifico
1074 4514 1250 4573 praeparatum.
