3044 4912
674 241 720 316 31

64 423 200 488 bellum
215 423 377 487 conficiunt
389 424 498 487 Missae
513 425 677 491 Gallicanae
692 429 875 491 venerandae
889 427 1081 510 antiquitatis,
1105 446 1141 490 ex
1155 426 1246 490 ldouii
1261 444 1335 489 sen·

64 527 151 589 unda
173 525 251 588 circa
276 528 454 600 tto-too,
476 526 580 590 saltem
603 528 681 592 inter
694 528 866 593 Diocletiani
882 530 1120 611 persecutionem
1142 528 1336 609 compositae,

63 647 132 710 quas
147 627 354 691 Summnsllir
375 616 470 710 nuper
493 648 510 691 e
531 629 901 717 codicelleicheuovieusi
922 631 1114 712 palimpsesto
1136 628 1334 694 resuscitarit.

65 729 156 817 linum
178 729 320 792 exhibent
341 729 471 792 emaum
493 730 532 793 de
552 731 679 805 Sancus,
700 732 841 795 nimirum
862 732 900 795 de
922 734 953 796 S.
976 732 1140 796 Germano:
1162 732 1194 794 in
1209 729 1334 812 reliquis

65 830 169 914 opnor
182 831 292 894 blissss
307 830 515 894 Dominieales.
554 832 591 894 At
611 842 746 896 recurret
766 833 855 897 buius
878 834 990 897 codicis
1013 835 1137 911 mentio,
1159 833 1206 897 uri
1227 850 1283 914 pro
1298 849 1333 895 sn

63 951 132 1013 qnae
152 931 244 996 uobis
267 941 314 996 est
334 933 366 995 in
387 932 593 997 doctissimum
615 934 929 1011 virumobscrrantia,
960 952 1070 998 nomen
1092 935 1229 1000 dedimus
1250 935 1331 1001 blo·

64 1053 172 1101 urant.
489 1052 508 1091 ·.

139 1134 339 1199 Poetrnodom
363 1143 394 1198 et
414 1144 508 1199 statae
526 1137 637 1199 blissae
657 1142 762 1217 pteees
794 1150 855 1200 non
881 1137 1006 1219 amplius
1033 1140 1171 1201 atuemnt
1189 1155 1206 1199 a
1227 1135 1334 1199 literis.

66 1238 144 1311 Quod
167 1238 249 1320 apud
271 1236 439 1300 Orientaies
459 1239 567 1300 iactum
589 1256 657 1299 esse
678 1247 751 1318 puto
773 1238 891 1302 saeculo
913 1249 1018 1319 quarto
1041 1247 1071 1302 et
1092 1239 1206 1320 quinto.
1233 1234 1332 1316 negt·

64 1339 136 1402 ebat
156 1339 358 1402 miricae
372 1339 506 1403 haeresis
528 1347 558 1401 et
579 1339 653 1405 aliae
673 1358 749 1420 quae
770 1340 806 1402 ab
828 1340 884 1403 bac
904 1341 1003 1404 radice
1016 1339 1205 1422 pullularent,
1225 1338 1332 1401 utbo-

63 1438 201 1515 minsstus,
234 1440 338 1503 callide
370 1441 573 1503 auctoritatem
595 1440 818 1521 antiquissimae
839 1441 981 1505 ecclesiae
1002 1441 1225 1516 adfectantibus,
1256 1440 1335 1503 int:

63 1543 111 1606 alia
129 1543 253 1624 priseae
273 1541 453 1605 sinceritatis
474 1542 646 1606 testimonia
668 1535 847 1606 obiiceretnr
861 1561 980 1624 quoque
993 1544 1091 1625 prisce
1106 1543 1234 1624 liturgia,
1255 1560 1332 1622 apo·

62 1644 181 1709 stolicm
202 1645 357 1706 doctrinas
378 1642 475 1706 testis.
504 1645 540 1707 ln
561 1644 734 1707 occidentali
757 1645 890 1720 eeclesia,
912 1662 974 1708 nou
999 1646 1040 1707 its
1060 1643 1333 1708 haeresiarchamm

61 1745 196 1827 procellis
219 1744 346 1820 turbata,
369 1744 464 1808 multo
485 1746 583 1809 serius
605 1754 668 1808 tota
683 1746 773 1809 blissa
795 1746 888 1811 literis
909 1746 1076 1829 perscripta
1090 1753 1146 1810 est
1168 1745 1271 1827 Neque
1286 1753 1333 1808 tr-

61 1867 124 1910 men
145 1847 259 1928 largior
282 1846 335 1909 tibi
360 1847 496 1910 blissales
518 1847 623 1920 libror,
646 1866 750 1910 omnes
772 1847 883 1911 missae
896 1857 996 1931 partes
1012 1867 1071 1911 una
1086 1848 1333 1929 complectentes:

61 1949 275 2012 adhibebantur
295 1949 326 2011 in
348 1948 505 2011 blissamm
526 1947 711 2011 solemnibus
732 1948 799 2010 libri
821 1949 929 2013 diversi
952 1959 982 2013 et
1003 1958 1145 2013 staterum
1167 1966 1288 2031 precum
1303 1953 1333 2011 et

61 2069 161 2114 earum
182 2068 260 2132 quae
280 2068 336 2132 pro
353 2059 488 2132 tempore
501 2049 663 2125 variabant,
686 2050 864 2125 testimonia,
886 2051 1027 2133 Diptycbn
1047 2071 1074 2114 e.
1090 2069 1117 2113 a.
1132 2059 1166 2113 ut
1184 2049 1333 2129 hodieque

62 2154 137 2235 apud
160 2146 291 2215 Graeco‘s
320 2159 350 2214 et
371 2152 447 2232 apud
468 2150 606 2214 Latinum
634 2152 665 2213 in
686 2151 776 2214 blissa
798 2152 935 2215 sollemni
958 2160 987 2214 et
1007 2151 1181 2214 Pontificali.
1203 2148 1345 2213 Miesalin·

63 2273 139 2335 quae
159 2263 300 2317 vomatur
319 2253 455 2316 Plenaria
475 2254 650 2316 recentioris
672 2253 776 2316 aetatis
798 2255 906 2333 sunt¹)

147 2353 247 2434 ltaque
261 2375 302 2429 ¹er
324 2352 467 2435 Litnrgiis
489 2355 619 2435 scriptis,
642 2374 717 2443 quae
738 2363 863 2418 aetatem
884 2355 1025 2430 tulerunt,
1047 2371 1086 2417 ne
1106 2352 1332 2434 antiquissimae

62 2456 179 2536 quidem
201 2440 344 2537 supera'nt
366 2454 516 2518 saeculnm
538 2457 674 2537 quintum
696 2465 727 2520 et
748 2465 894 2538 quartum.
915 2459 953 2520 nt
974 2475 1043 2520 care
1065 2456 1228 2519 contundes
1251 2454 1331 2536 qnod

62 2556 135 2620 bene
144 2567 192 2620 est
203 2556 435 2637 distingendum,
447 2557 524 2620 alind
537 2577 609 2620 sane
618 2577 688 2620 esse
701 2558 848 2639 liturgiam
864 2577 1052 2640 componere,
1065 2558 1143 2621 aliud
1158 2577 1223 2620 cam
1237 2556 1331 2623 literis

64 2660 246 2740 consignare.
274 2659 354 2720 llaec
375 2659 438 2739 ipsa
458 2660 649 2739 perversitas,
671 2679 746 2739 quae
761 2660 902 2722 miscebat
918 2660 1080 2741 scriptores
1104 2658 1288 2739 liturgiarum
1302 2664 1334 2720 et

64 2770 197 2823 auctores
213 2769 381 2822 tortuosam
396 2761 433 2822 de
448 2760 618 2841 antiquitate
634 2780 734 2823 earnm
750 2771 780 2825 et
794 2762 967 2825 anctoritate
988 2763 1192 2842 quaestionem
1206 2758 1334 2822 coniecit

64 2864 91 2924 iu
111 2863 211 2936 meas,
235 2861 341 2942 quihus
365 2861 531 2924 etiamnunc
552 2862 681 2924 involuta
704 2872 761 2925 est.

143 2963 251 3028 Omnis
283 2962 425 3044 Liturgia,
458 2964 576 3037 saeculo
607 2974 711 3043 quarto
736 2974 766 3025 ct
786 2965 889 3044 quinto
912 2964 1033 3044 scripta,
1062 2961 1159 3042 quoad
1187 2960 1332 3040 originem

10 3054 12 3111 ἷ
64 3076 90 3128 et
108 3067 246 3147 stirpem,
270 3065 408 3127 dividitur
429 3065 460 3127 iu
481 3073 581 3146 partes
604 3073 676 3128 tres.
709 3065 866 3128 Veniamus
889 3065 925 3127 ad
947 3065 1091 3142 cuiusque
1113 3062 1230 3144 generis
1246 3069 1334 3143 caput

64 3178 90 3230 st
108 3171 233 3231 iontem.
897 3146 904 3159 ’

143 3269 310 3331 Gratiamm
339 3267 415 3329 actio
443 3267 578 3348 proxime
607 3276 674 3328 ante
703 3266 974 3340 Consecratiouem,
1002 3267 1066 3347 ipsa
1088 3265 1280 3329 consecratio
1303 3271 1334 3327 et

64 3370 280 3434 distributionis
302 3369 426 3431 formula
459 3369 602 3449 originem
624 3378 776 3430 traxerunt
796 3367 832 3430 ab
855 3367 997 3449 apostolis
1020 3367 1066 3429 rel
1087 3367 1123 3429 ab
1145 3367 1281 3448 apostolo
1304 3372 1335 3428 et

63 3473 225 3554 apostolico
245 3471 321 3545 viro,
344 3471 429 3533 cuius
450 3489 560 3533 nomen
580 3468 715 3550 liturgiae
736 3470 896 3550 praefixum
920 3478 975 3533 est.

141 3564 279 3639 Seendda
308 3591 378 3654 pars
407 3574 537 3635 continet
564 3590 669 3651 preces
698 3571 849 3651 liturgicae
873 3571 998 3644 tabulae,
1030 3588 1120 3650 supra
1142 3567 1331 3649 praepositae

143 3747 168 3805 1)
195 3745 231 3795 lle
255 3740 323 3795 lutrio
341 3742 511 3796 ecelesiasticis
530 3745 676 3794 Graecorum
694 3743 756 3792 inire
774 3740 942 3791 disserendum
961 3750 1004 3792 est
1041 3739 1110 3798 Quod
1129 3738 1157 3787 ad
1175 3739 1273 3788 Latinos
1290 3751 1332 3787 re·

61 3840 134 3882 testae
160 3830 344 3880 consuetudinis
367 3830 464 3890 uestigia
482 3828 613 3877 ostendunt
632 3836 681 3877 tres
699 3827 755 3876 illae
772 3825 868 3874 tabulae
886 3840 947 3890 qnae
970 3826 994 3875 in
1018 3824 1134 3874 altaribus
1158 3822 1342 3890 celebrantium,

61 3915 224 3967 commoditati
243 3916 381 3964 inserviunt.
414 3913 659 3976 Exhibentllpmuum
674 3911 816 3972 angelicum,
835 3909 956 3961 Psalmum
965 3911 1068 3970 Lavabo,
1087 3906 1299 3959 consecrationem
1309 3913 1334 3958 et

58 4000 213 4064 Euangelinm
227 3999 358 4049 S.loannis
375 3999 455 4063 itaque
474 4006 569 4063 praeter
587 3997 674 4046 librum
685 3994 802 4044 blissalom
821 3995 889 4058 qnasi
907 3995 1040 4044 secuudum
1058 3993 1146 4043 librum
1165 3992 1332 4043 eisscinntstt·

60 4094 133 4136 lerum
159 4082 329 4135 formularum.
365 4083 391 4132 ln
414 4082 566 4132 blozaraburn
585 4081 665 4142 Missa,
690 4081 746 4130 dnm
771 4087 880 4129 cantator
898 4077 1049 4140 Euangelium
1077 4078 1107 4127 ed
1130 4077 1205 4128 sltnre
1224 4078 1332 4129 retertur

59 4171 189 4223 {torale
211 4168 440 4230 Oilerentium,
469 4167 532 4232 quod
552 4165 720 4230 complectitor
737 4164 833 4214 Missam
851 4163 966 4214 fidelium.
985 4163 1181 4214 bluratorius
1198 4165 1243 4212 bit.
1262 4163 1330 4211 Rom.

59 4255 75 4303 t
92 4272 114 4320 p.
128 4255 164 4305 62
183 4253 254 4315 „llos
272 4253 351 4301 omnia
370 4252 393 4301 in
412 4251 548 4301 blissalibus
567 4251 658 4301 nostris
680 4250 819 4299 coniunctas
838 4249 962 4298 babemus.
996 4249 1025 4298 m
1042 4249 1124 4298 nullus
1142 4261 1213 4311 quem
1231 4261 1331 4296 noscam

59 4340 197 4389 missalenm
219 4338 383 4401 conscriptum
400 4345 471 4387 ante
490 4351 600 4387 annum
620 4336 743 4385 Christi
762 4335 972 4384 millesimum
991 4334 1117 4399 qnisquam
1136 4332 1214 4382 adhuc
1231 4332 1330 4394 exeruit,

59 4425 151 4488 inquo
176 4424 305 4474 universae
327 4423 372 4473 iste
396 4436 521 4474 sacrorum
544 4422 673 4488 adparatus
701 4428 879 4485 coagmentetur
903 4426 927 4470 et
943 4433 988 4483 per
1006 4419 1116 4470 ordinem
1133 4416 1273 4470 distributos
1293 4417 1330 4468 le-

59 4508 151 4568 ἕποι’*
