3044 4912
721 263 796 338 330

510 436 597 514 Εἶτα
618 440 770 515 ίνύὐοται
790 440 873 514 αὐτὸ
894 440 1019 533 λέγων·

202 540 481 652 Ἆγαλλιαίσεται
504 547 527 647 ή
552 545 656 648 ψυχή
680 575 757 644 μου
782 562 820 626 οι
846 576 874 625 ο.
893 552 928 624 2.

206 658 293 735 nna
319 663 431 752 λαβών
455 664 495 734 τὸ
522 660 760 756 ίαιτραχήλιον
783 663 842 736 καί
867 658 1056 754 σφραγίσας
1076 658 1294 753 περιτίθεται
1315 660 1395 736 αὐτύ

181 787 244 836 ιον·
1317 782 1323 800 ’

121 763 181 858 My
209 862 417 974 Εὐλογητὸς
449 867 470 944 ὃ
499 868 588 955 Θεὸς
619 868 641 945 ὐ
675 867 812 966 ἐκχέων
842 867 912 968 τήν
940 864 1056 968 χοίριν
1081 868 1200 946 αὐτοῦ
1224 869 1285 947 ἐπὶ
1309 871 1398 958 τούς

122 975 229 1076 ἱερεῖς
254 971 372 1049 αὐτοῦ
397 969 448 1056 ὥς
473 967 597 1073 μύρον
622 970 681 1047 ἐπὶ
704 979 878 1071 κεφαλῆς,
903 969 947 1047 τὸ
971 973 1205 1072 καταβαῖνον
1229 970 1291 1049 nn
1319 970 1400 1050 πώ-

121 1098 229 1181 γωνα
253 1075 322 1152 τοῦ
339 1070 500 1175 Ἀαρών,
525 1072 570 1150 τὸ
594 1074 828 1175 καταβαῖνον
852 1072 912 1148 ἐπὶ
935 1071 1006 1171 τήν
1029 1075 1112 1151 ώαν
1136 1081 1208 1151 τοῦ
1230 1072 1401 1176 ἐνδείμα-

121 1205 185 1263 τος
210 1177 340 1254 αὐτοῦ.

207 1286 292 1364 Βίτα
313 1290 425 1378 λαβὼν
445 1291 505 1380 τήν
527 1286 639 1382 ζώνην,
661 1289 752 1381 λέγει
771 1289 1071 1382 ποριζωννύμενος·

210 1393 422 1496 Εὐλογητὸς
447 1393 574 1478 ὃθεὸς
599 1393 619 1469 ὁ
645 1395 910 1496 περιζωννύων
934 1424 981 1495 με
1002 1392 1184 1496 δύναμιν,
1208 1395 1273 1473 καὶ
1290 1397 1400 1473 ἔθετο

123 1501 286 1599 ὐίμωμον
309 1496 379 1593 τήν
404 1492 496 1572 ὐύόν
521 1523 608 1594 μου.

211 1614 259 1683 Τι’
285 1611 324 1682 δὲ
345 1607 542 1699 ίντιμανίκια
564 1608 609 1693 ώς
629 1604 762 1681 ὐνωθεν
783 1608 923 1704 ε’ίρηται.
963 1605 1051 1683 Εἶτα
1076 1612 1189 1701 λαβών
1208 1613 1249 1683 τὸ
1271 1610 1399 1703 {noyo-

122 1711 248 1798 νοίτιον,
269 1710 302 1782 ελ
322 1709 395 1782 ἔστι
414 1710 708 1804 πρωτοσύγκελλος
727 1721 787 1804 τῆς
806 1713 951 1807 μεγάλης
982 1712 1154 1806 ἐκκλησίας
1178 1710 1201 1805 ἢ
1223 1708 1327 1796 &ung
1346 1739 1398 1796 τις

122 1815 207 1903 ἔχων
227 1811 386 1906 ὐξιότητοί
406 1840 491 1899 τινα,
512 1814 570 1884 καὶ
590 1811 772 1905 εὐλογήσας
793 1813 895 1885 αὐτὸν
913 1814 971 1886 καὶ
993 1813 1239 1904 ἀσπασάμενος,
1262 1814 1370 1906 λέγει·

208 1918 424 2022 Περίζωσαι
453 1917 523 2016 τήν
554 1915 748 2019 ῥομφαῖοίν
779 1943 850 1996 σου
881 1920 942 1996 ἐπὶ
971 1918 1041 1999 τὸν
1064 1918 1187 2021 μηρόν
1212 1945 1297 2013 σου,
1331 1920 1397 1998 δυ-

123 2022 228 2102 νατέ·
255 2031 301 2118 τῇ
327 2017 527 2122 ώραιότητί
551 2043 622 2097 σου
646 2019 789 2121 καὶτῷ
814 2017 939 2098 κοίλλει
963 2047 1045 2114 σου,
1080 2022 1145 2099 καί
1169 2024 1311 2100 εὔθυνε
1336 2022 1397 2099 καί

124 2121 331 2201 κατευούοὕ
362 2120 427 2199 καὶ
458 2120 632 2223 βασίλευε
665 2123 788 2200 ἕνεκεν
813 2122 992 2221 ἀληθείας
1015 2123 1080 2201 καὶ
1103 2121 1312 2224 πρᾳότητος
1336 2124 1396 2201 καί

126 2222 381 2322 δικαιοσύνης·
408 2224 472 2302 καί
497 2221 669 2327 ὁδηγήσει
694 2248 735 2300 σε
760 2227 995 2322 θαυμαστῶς
1018 2222 1161 2325 ήδεξιοί
1179 2250 1262 2303 σου.
1288 2223 1397 2303 Πάν-

124 2356 220 2419 τοτε,
245 2334 320 2405 νῦν
345 2326 409 2403 καὶ
434 2325 504 2418 ἀεὶ,
529 2325 594 2402 καὶ
618 2331 668 2412 είς
692 2324 781 2412 τούς
806 2333 946 2414 αλώνας
970 2335 1050 2404 τών
1075 2325 1236 2406 αἰώνων.
1268 2325 1395 2427 Ἀμήν.

209 2437 294 2512 Εἶτα
309 2443 420 2528 λαβών
433 2441 472 2510 τὸ
488 2438 661 2532 φελώνιον,
678 2443 736 2512 καί
748 2438 931 2533 εὐλογήσας
945 2439 1143 2527 ὐσιτύζεται,
1158 2441 1263 2532 λέγων
1277 2441 1396 2525 οὕτως·

213 2548 260 2624 Οἱ
275 2546 384 2644 ἱερεῖς
398 2568 480 2636 σου,
498 2542 624 2643 Κύριε,
649 2543 872 2624 ἐνδώσονται
888 2543 1144 2645 δικαιοσύνην·
1171 2549 1235 2623 καί
1254 2550 1289 2622 οἱ
1307 2546 1397 2625 ὅσιοί

126 2670 196 2724 σου
231 2643 444 2721 αἰαλλιοίσει
477 2644 775 2748 ἄγαλλιοίσονται.
827 2644 1013 2740 Ποίντοτε,
1046 2658 1120 2727 νῦν
1144 2650 1208 2726 καὶ
1234 2650 1304 2742 ἀεὶ,
1340 2649 1398 2727 καὶ

126 2754 177 2832 είς
202 2774 289 2832 τους
314 2752 455 2831 αίώνας
478 2756 557 2825 τῶν
582 2745 743 2826 αλώνων.
788 2748 917 2848 Ἆμήν.

210 2902 271 2975 W·
310 2907 396 2984 Εἶτα
423 2911 631 2995 ἀπελθόντες
659 2913 707 2995 είς
733 2914 794 3005 τήν
814 2914 991 3004 πρόθεσιν,
1021 2916 1176 2986 νίπτουσι
1197 2917 1259 2998 τὰς
1277 2925 1394 3008 χεῖρας,

128 3014 296 3104 λέγοντες·

213 3119 386 3220 Νίιγομαι
417 3121 458 3196 ἐν
492 3117 635 3204 ἀθώοις
666 3117 734 3204 τὰς
762 3116 891 3218 χεῖράς
919 3150 1016 3218 μου,
1049 3122 1113 3198 καὶ
1145 3120 1326 3199 κυκλώσω
1357 3125 1395 3200 οὐ

129 3219 405 3321 θυσιαστήριόν
437 3247 518 3311 σου,
551 3218 678 3321 Κύριε,
710 3229 779 3296 τοῦ
813 3222 972 3297 ὐκούσαί
1002 3253 1048 3321 με
1074 3234 1204 3324 φωνῆς
1229 3224 1397 3310 αλνέσεώς

129 3347 212 3415 σου,
238 3322 302 3399 καὶ
328 3319 582 3425 διηγήσασθαι
608 3320 732 3400 πάντα
756 3320 805 3398 τὰ
829 3322 1030 3423 θαυμάσιοί
1049 3352 1128 3402 σου.
1155 3324 1283 3427 Κύριε,
1309 3325 1397 3431 ἠγά-

130 3611 193 3649 σου·
213 3589 330 3648 πάντοτε
350 3593 402 3647 νύν
417 3592 465 3645 καλ
482 3592 526 3645 ἀεὶ
542 3594 590 3645 καὶ
606 3594 645 3652 εἰς
661 3591 723 3651 τούς
740 3592 842 3653 αλώνας
858 3594 913 3647 τών
930 3589 1047 3647 αἰώνων.
1065 3595 1123 3646 Καὶ
1138 3593 1209 3664 μετὰ
1227 3597 1311 3649 ταῦτα
1329 3600 1400 3652 ποιεῖ

130 3684 280 3752 μετανοίας
302 3683 374 3748 τρεῖς
390 3677 554 3749 ἔμπροσθεν
571 3681 615 3743 τῆς
632 3674 713 3747 ἁγίας
729 3680 868 3744 τραπέζης,
885 3679 975 3746 λέγων
990 3679 1141 3748 μυστικῶς·
1165 3681 1224 3732 Καὶ
1240 3686 1340 3750 φεῖσαι
1356 3683 1398 3736 τοῦ

130 3765 200 3817 λαοῦ
217 3779 268 3817 σου
285 3764 333 3815 καί
348 3759 389 3834 μή
407 3756 481 3829 ὐφής
497 3758 546 3827 τήν
562 3764 750 3831 κληρονομίαν
767 3776 817 3813 σου
835 3764 873 3821 είς
890 3755 1005 3821 ὄνειδος.
1039 3767 1068 3817 Μ.
1087 3768 1114 3817 C.
1139 3768 1197 3817 Ven.
1215 3769 1265 3819 687
1291 3787 1345 3820 cnm
1362 3788 1398 3821 sa·

131 3853 253 3905 cerdonem
272 3853 412 3903 vestimenta
429 3866 472 3900 sun
490 3858 624 3900 sumentem
643 3865 670 3899 ex
688 3857 756 3915 parto
774 3851 821 3900 iam
840 3858 1029 3900 commemorant
1047 3852 1124 3917 capite
1134 3854 1306 3916 praecedente,
1324 3858 1399 3906 statim

131 3937 278 3987 mentionem
302 3936 411 3986 iniicinnt
426 3935 583 3999 Epitrachelii
608 3949 661 3984 cnm
685 3935 860 3995 benedictione,
887 3935 980 3997 longius
998 3935 1115 3999 producta
1132 3960 1166 3970 —
1183 3935 1232 3985 τοῦ
1249 3928 1400 4006 ἐνδύματος

132 4014 232 4069 αὐτοῦ·
256 4013 293 4075 ώς
315 4011 417 4086 δρόσος
428 4014 554 4084 Ἀίρμων
572 4013 587 4080 ἡ
605 4020 810 4082 καταβαίνουσα
828 4014 875 4068 ἐπὶ
891 4012 924 4067 τὰ
943 4034 992 4083 ορη
1007 4015 1099 4069 Σιών·
1118 4011 1160 4069 ὅτι
1177 4016 1237 4068 ἐκεῖ
1251 4017 1398 4072 ἐνετείλατο

131 4099 234 4171 Κύριος
256 4097 305 4165 τήν
328 4098 466 4169 εὐλογίαν,
491 4097 560 4165 ζωήν
577 4097 628 4158 ἕως
645 4101 692 4152 τοῦ
708 4102 817 4159 αίώνος.
851 4104 1043 4153 Benedictionem
1062 4105 1141 4155 Zonae
1159 4106 1221 4156 hanc
1238 4110 1354 4171 praeben:
1371 4132 1399 4145 -

132 4203 168 4255 με
186 4181 309 4254 δύναμιν
325 4184 372 4237 καλ
389 4183 491 4251 ἒκχίων
508 4179 557 4249 τήν
570 4179 658 4256 χάριν
674 4183 758 4237 αὐτοῦ
775 4180 892 4238 πάντοτε
911 4186 961 4237 νῦν
978 4187 1026 4237 καλ
1043 4186 1150 4240 ἀείκαὶ
1167 4189 1206 4245 είς
1222 4186 1287 4248 τούς
1304 4191 1401 4245 αἰῶνας

131 4271 186 4321 τῶν
203 4265 322 4322 αίώνων.

219 4359 276 4423 Cup.
294 4358 331 4408 lv.
367 4355 442 4407 codd.
461 4357 487 4406 P.
507 4358 533 4408 G.
558 4358 654 4408 silentio
673 4359 866 4423 praetermittunt
889 4373 1004 4409 mannum
1027 4358 1142 4409 lotionem
1161 4368 1184 4411 et
1201 4361 1326 4412 Psnlmnm
1345 4363 1398 4411 La·

132 4441 218 4490 nabo.
253 4441 282 4491 Μ.
303 4442 329 4492 C.
347 4442 404 4492 Ven.
416 4440 464 4492 687
483 4449 539 4505 post
558 4443 678 4494 Psnlmum
697 4445 843 4496 interserunt
860 4446 946 4495 verba:
965 4436 979 4492 ὁ
998 4438 1029 4492 δὲ
1044 4436 1176 4500 ὐιάκονος
1186 4439 1336 4514 εὐτρεπίζει
1346 4443 1397 4496 κτλ

70 4577 71 4580 ,
131 4523 241 4575 nnn&
