3044 4912
668 256 743 331 675

107 466 176 523 ιαν,
198 436 234 509 έν
254 434 293 507 δέ
312 440 354 527 τῇ
373 429 528 525 εῦσεβείᾳ
548 432 776 529 φιλαδελφίαν
794 438 853 509 καί
872 438 932 531 τὴν
952 438 1113 533 όπακοὴν.
1141 440 1340 533 Χαρίτωσον

107 542 172 613 ’πὸτ
192 536 432 629 ἀγρυπνοῦντα,
455 536 681 625 ἐργαζόμενον,
701 536 922 625 καθεόδυντα,
944 537 1172 631 ἀνιστάμενον,
1194 542 1230 615 έν
1250 550 1342 639 ψαλ·

107 650 148 725 ιῖς
166 641 225 713 καὶ
247 636 352 731 ᾠδαῖς
371 644 610 725 πνευματικαῖς
630 636 809 731 ἀγγελικιῦς
829 640 1090 733 δνοπτρίζεσθαί
1104 669 1142 715 σε
1157 646 1193 717 ἰν
1204 656 1342 742 καθαρᾷ

107 742 193 837 ηδίρ
216 742 275 813 καί
299 744 494 831 προςκυνεῖν
520 763 559 809 σε
578 740 637 810 τὸν
655 739 759 830 μόνον
780 744 886 829 ζῶντα
905 745 964 813 καὶ
984 740 1148 837 ἀληθινὸν
1169 749 1266 833 Θεὸν,
1294 748 1344 833 εἰς

107 846 176 937 ιρὸν
197 840 300 913 αὐτοῦ
321 838 550 933 ἀναιλάλητον.
574 838 654 912 ’Ότι
674 846 736 913 σοῦ
756 841 847 911 ίστιν
866 840 888 932 ό
908 845 1066 931 βασιλεία
1085 848 1143 918 καί
1162 850 1202 917 τὸ
1222 850 1344 941 κράτος

107 942 177 1039 δή
207 941 343 1027 έξουσία
367 944 426 1015 καί
452 944 509 1013 σοί
534 942 660 1032 πρέποι
681 952 778 1013 πάσα
807 942 900 1027 δόξα,
928 948 1006 1037 τιμὴ
1034 950 1092 1019 καί
1111 950 1342 1045 προςιόνησις,

107 1056 121 1137 ᾖ
145 1046 253 1137 πατρί
278 1046 336 1117 καί
356 1052 404 1137 τῷ
424 1042 488 1135 υίιβ
514 1045 640 1135 καὶτῷ
661 1043 745 1138 άγίῳ
765 1044 941 1135 πνεύματι,
970 1056 1028 1119 νῦν
1046 1051 1104 1121 καί
1124 1049 1189 1137 άεί,
1215 1056 1274 1125 καί
1293 1054 1344 1139 εἰς

106 1150 150 1233 ὸς
170 1148 296 1231 αἰῶνας
315 1154 382 1217 τών
402 1144 541 1217 αἰώνων.
579 1143 694 1239 Ἀμήν.

364 1296 452 1391 Βόγίη
474 1296 582 1389 ἑτέρα.
627 1305 697 1369 Τοῦ
716 1299 844 1391 Κυρίου
866 1302 1050 1393 δεηθιῦμεν.

147 1434 246 1527 ’Ἅγια
270 1432 377 1528 Κόριε
401 1440 468 1505 τοῖν
500 1433 680 1524 δυνάμεων,
707 1432 860 1526 όπατηρ
881 1444 943 1507 τοῦ
963 1436 1091 1529 Κυρίου
1123 1437 1217 1531 ἡμῶν
1234 1440 1344 1539 Ἰησοιῖ

106 1544 236 1631 ριστοῦ,
262 1534 440 1629 εὐλόγησαν
465 1536 523 1607 τὸν
550 1534 670 1607 δοῦλόν
690 1559 761 1621 σου,
782 1532 821 1607 ὸν
843 1540 1075 1627 προςεκαλίσω
1096 1539 1146 1627 εἰς
1164 1544 1223 1615 τὸν
1243 1572 1345 1617 πνευ-

106 1636 214 1711 ιτικόν
234 1661 295 1709 σου
316 1644 478 1731 νυμφώνα
496 1638 555 1709 καί
572 1636 778 1721 καταξίωσσν
800 1637 901 1709 αὐτὸν
923 1634 1009 1710 είναί
1030 1666 1090 1712 σου
1104 1642 1200 1717 όστσν
1213 1649 1346 1723 δοῦλον.

106 1740 226 1835 ίφισον
245 1737 356 1823 αἰτόν,
377 1738 491 1826 δπίχεε
512 1736 603 1831 αότηῖ
621 1740 680 1829 τὴν
701 1740 795 1828 παρὰ
816 1749 877 1809 τοῦ
897 1738 1094 1831 ἡγεμονικοῦ
1113 1770 1175 1817 σου
1196 1748 1347 1839 πνεῦμα-

106 1870 130 1927 ς
153 1840 253 1931 χάριν
277 1842 335 1913 καί
354 1840 495 1911 σῦνεσιν.
535 1837 722 1925 ’Βνέσχυσσν
742 1839 844 1911 αότὸν
864 1840 913 1921 εἰς
933 1843 992 1911 τὸν
1010 1844 1096 1915 κατά
1115 1854 1178 1917 τοῦ
1199 1847 1344 1939 ἀοράτου

106 1950 199 2037 θροῦ
219 1941 378 2031 πόλεμον,
399 1946 461 2026 τὸς
482 1942 517 2013 έκ
538 1950 598 2033 τῆς
618 1941 739 2031 σαρκὸς
760 1941 1005 2025 ἐπαναστάσεις
1025 1952 1066 2036 τῇ
1085 1960 1229 2042 κραταιᾷ
1245 1954 1347 2023 δυνά.

105 2074 131 2119 ιι
160 2070 224 2117 σου
244 2044 422 2132 κατάβαλε.
463 2046 535 2125 Δὸς
556 2042 647 2135 αὐτῷ
667 2040 854 2133 εόαρεσιεῖν
875 2069 931 2113 σοι
952 2044 1001 2127 εἰς
1022 2044 1149 2119 αἰνεσιν
1168 2055 1225 2122 καὶ
1247 2055 1345 2139 δοξο-

105 2146 190 2243 ιγίαν
210 2144 439 2229 ἀδιάλειπτον,
466 2146 516 2229 εἰς
534 2146 657 2233 ῦμνους
676 2142 858 2235 εἰκαίρους,
887 2144 937 2227 εἰς
957 2144 1054 2233 εὐχὰς
1074 2148 1345 2242 εόπροςδὲκτσυς,

105 2278 125 2335 ς
143 2250 269 2341 βουλὴν
289 2244 406 2339 όρθήν,
435 2244 483 2329 εἰς
502 2247 641 2335 καρδίαν
662 2249 832 2337 ταπεινὴν,
860 2245 909 2328 εἰς
929 2251 1052 2336 πράξιν
1073 2252 1159 2343 ζωῆς
1178 2256 1236 2325 καὶ
1255 2283 1346 2351 aeq.

105 2376 194 2447 ητσς
214 2352 271 2420 καί
292 2347 465 2443 ἀληθείας.
494 2347 713 2432 Καταξίωσον
735 2346 835 2417 αότὸν
850 2346 1036 2439 εἰαρεστεῖν
1050 2375 1106 2422 σοι
1121 2355 1155 2423 ἐν
1169 2356 1345 2451 πρᾳότητι,

105 2450 258 2545 ι”ἀγάπηη
287 2452 322 2522 έν
341 2449 535 2543 τελειότητι,
564 2452 599 2520 ἐν
626 2447 803 2543 ἐπιστήμη,
832 2449 870 2519 έν
890 2447 1036 2544 ἀνδρείᾳ,
1066 2456 1124 2525 καί
1144 2458 1348 2552 πρσςφέρειν

105 2580 132 2649 τι
150 2550 275 2642 ίίμνσυς
293 2554 352 2623 καὶ
372 2552 566 2641 δοξολογίας
587 2552 644 2622 καί
665 2550 771 2636 εόχάς,
793 2550 843 2633 εἰς
856 2548 962 2643 όσμην
975 2552 1127 2637 εόωδίας.
1161 2558 1347 2631 Τελείωσσν

105 2652 180 2727 θεοῦ
199 2656 261 2747 τήν
281 2656 368 2745 ζωὴν
389 2656 424 2725 ἰν
446 2652 595 2745 ὸσιότητι
615 2654 672 2723 καί
694 2652 896 2747 δικαισσόνη,
917 2656 973 2723 λ’να
995 2654 1043 2726 δι’
1067 2654 1270 2731 ἀδιάστατον
1290 2662 1348 2734 καί

104 2756 281 2851 εηλίδωτσν
300 2758 360 2847 τὴν
380 2756 429 2838 εἰς
450 2758 488 2824 σέ
510 2756 626 2825 ἕνωσιν
648 2757 842 2847 καταξιωθῇ
863 2764 922 2847 τῆς
942 2756 1144 2847 έπσυρανέσυ
1165 2785 1227 2830 σου
1247 2768 1348 2850 βασι-

104 2858 180 2943 ιίας.
221 2855 348 2947 Χάριτι
366 2860 423 2927 καί
444 2857 628 2947 σίκτιρμσῖς
648 2858 705 2927 καὶ
725 2858 971 2951 φιλανθρωπίᾳ
990 2867 1050 2929 τοῦ
1069 2871 1267 2951 μονογενοῦς
1286 2890 1347 2935 σου

104 2958 164 3045 ἰσῦ,
183 2956 263 3049 μεθ’
275 2952 316 3029 οῦ
336 2957 512 3050 εὐλογητὸς
533 2954 573 3039 εἰ,
595 2960 655 3027 σὸν
674 2967 722 3050 τῷ
743 2959 896 3049 παναγίῳ
912 2961 968 3027 καί
983 2958 1104 3049 άγαθηῖ
1118 2964 1174 3031 καί
1190 2966 1348 3056 ζωοποιῷ

104 3088 139 3133 ου
161 3060 360 3149 πνεύματος,
382 3068 438 3128 νῦν
458 3063 514 3129 καί
535 3056 599 3141 άεί,
621 3059 677 3129 καί
698 3058 748 3139 εἰς
760 3062 839 3139 τοὺς
854 3059 977 3137 αἰῶνας
990 3067 1057 3126 τιῦν
1072 3060 1211 3131 αἰώνων.
1231 3063 1347 3156 Ἀμήν.

161 3174 248 3251 Εἶτα
268 3179 413 3258 έκτείνας
432 3179 491 3267 τὴν
512 3184 605 3261 χεῖρα
626 3174 645 3245 ό
668 3176 773 3265 ἰερεὸς
794 3176 843 3258 εἰς
856 3179 895 3245 τὸ
910 3175 1005 3264 άγιυν
1019 3173 1219 3267 εῦαγγέλιον,
1241 3182 1347 3270 λέγει·

160 3278 246 3351 ’ίδσὸ
267 3278 285 3349 ό
307 3280 454 3371 Χριστὸς
476 3276 627 3367 ἀοράτως
650 3278 798 3347 ἐνταῦθα
819 3276 972 3367 πάρεστι.
1014 3280 1139 3362 Βλέπε,
1162 3280 1217 3350 ότι
1237 3280 1349 3367 στ’·δείς

104 3408 115 3455 ι
142 3380 317 3471 ἀναγκάζει
345 3381 459 3451 έλθεῖν
485 3378 546 3449 ἰπί
571 3386 671 3448 τοῦτο
691 3379 731 3448 τὸ
752 3386 871 3469 σχῆμα.
913 3379 1038 3463 Βλέπε,
1066 3380 1121 3450 ότι
1141 3382 1181 3451 σὸ
1203 3382 1240 3453 ἐκ
1261 3410 1348 3475 προ-

104 3486 209 3567 έσεως
228 3488 344 3563 θέλεις
364 3483 422 3551 τὸν
443 3478 618 3571 ἀρραβῶνα
639 3487 700 3549 τοῦ
719 3480 864 3569 μεγάλου
885 3482 941 3551 καί
963 3479 1135 3571 ἀγγελικοῦ
1156 3484 1334 3574 σχήματος.

157 3584 365 3675 Ἀπόκρισις.
408 3585 489 3665 Ναὶ,
512 3582 600 3668 τέμιε
621 3580 738 3670 πάτερ,
761 3582 797 3651 ἐκ
817 3582 1026 3670 προθέσεως.

160 3688 234 3759 Καί
252 3688 337 3773 μετὰ
359 3686 397 3754 τὸ
420 3683 658 3765 συντάξασθαι,
680 3684 770 3771 λέγει
790 3683 878 3771 πρὸς
899 3680 999 3751 αὐτὸν
1019 3680 1039 3753 ό
1062 3683 1177 3773 ἰερεός.

159 3788 265 3877 Λάβε
285 3789 323 3858 τὸ
346 3784 507 3877 ψαλίδιον
528 3786 584 3853 καί
605 3782 724 3865 ἐπίδος
743 3810 804 3870 μοι
825 3782 919 3853 αότό.

160 3891 233 3961 Καὶ
261 3888 436 3969 ἐπιδόντος
464 3886 566 3957 αὐτοῦ
591 3887 630 3954 τὸ
660 3884 821 3977 ψαλίδιον
840 3892 888 3975 τῷ
906 3882 1106 3979 Ἡγοιγιένην,
1134 3888 1223 3977 λέγει
1244 3888 1348 3960 πάλιν

103 3992 166 4089 ρδς
188 3990 287 4061 αότὸν
308 3989 328 4060 ὸ
351 3988 466 4077 ἰερεός.

156 4090 246 4162 ’λδοὸ
267 4092 304 4163 έκ
325 4100 383 4179 τῆς
402 4091 512 4179 χειρὸς
530 4097 591 4158 τοῦ
605 4096 754 4178 Χριστοῦ
776 4086 956 4175 λαμβάνεις
977 4086 1070 4159 αάτό.
1100 4091 1214 4161 Βλέπε
1230 4092 1268 4163 δέ
1282 4091 1348 4162 τίνι

103 4192 253 4287 ιντάσση,
274 4192 339 4262 τίνι
360 4192 522 4284 προςέρχη
544 4192 600 4261 καί
619 4189 684 4259 τίνι
706 4188 894 4281 άποτάσση.

162 4298 234 4364 Καὶ
260 4297 371 4381 λαβιὸν
398 4292 417 4363 ό
441 4292 545 4382 λερεὸς
564 4294 603 4363 τὸ
626 4290 786 4384 ψαλίδιον
808 4291 844 4360 έκ
864 4298 923 4381 τῆς
941 4291 1052 4381 χειρὸς
1072 4301 1132 4362 τοῦ
1153 4292 1347 4384 ἡγουμένου,

102 4401 114 4471 ε’
135 4417 186 4469 ει·

114 4424 348 4589 γΕόλογητὸς
374 4495 393 4568 ὸ
417 4496 512 4579 Θεὸς,
544 4493 563 4566 o‘
590 4496 702 4567 θέλων
729 4492 859 4575 πάντας
886 4490 1090 4584 ἀνθρώπους
1115 4502 1271 4591 σωθῆναι
1291 4500 1348 4569 καί
