3044 4912
811 272 857 345 14

196 460 383 548 ἐπευφημεῖ
397 459 513 543 ’λέγων
539 456 578 522 τὸ
607 451 706 542 ἀμήν·
766 460 795 524 8.
824 452 893 522 Καὶ
919 451 939 543 ἡ
966 453 1117 534 διάδοσις
1143 453 1198 522 καί
1229 451 1250 543 ἦ
1281 455 1470 544 μετάληψις

196 557 266 630 ἀπὸ
288 564 354 627 τῶν
376 554 677 646 εόχαριστηθίντων
699 555 825 644 ἑκάστῳ
846 563 971 642 γίνεται
996 555 1052 624 καὶ
1083 568 1155 637 τοῖς
1181 552 1219 624 06
1241 561 1389 644 παροῦσι
1412 559 1470 627 διὰ

194 665 262 731 τῶν
293 661 454 730 διακόνων
481 666 669 829 πέμπεταιὲ
715 652 810 726 Ol’
778 661 995 745 εσποροῦντες
1017 660 1054 727 δέ
1079 685 1136 726 και
1126 657 1362 746 βουλόμενοι,
1385 661 1470 729 κατὰ

195 770 403 869 προαίρεσιν
414 764 549 842 ἕκαστος
570 762 629 848 τὴν
652 760 770 829 ἑαυτοῦ
793 759 811 827 6
802 759 988 848 βούλεται
1009 761 1142 839 δίδωσι,
1175 787 1232 829 και
1222 759 1292 828 τὸ
1314 762 1470 869 συλλεγό-

195 874 294 936 μενον
316 848 410 937 παρὰ
429 850 477 936 τῷ
499 849 688 933 προεστῶτι
717 841 935 927 ἀποτίθεται,
962 848 1017 914 καὶ
1040 841 1139 926 αὐτὸς
1166 842 1378 934 ἐπικοινρεί’
1363 872 1469 937 oppa-

195 962 268 1032 νοίς
287 977 325 1020 τε
344 948 402 1018 καὶ
420 949 548 1039 χήραις,
584 950 639 1016 καί
665 958 739 1028 τοϊς
766 946 824 1016 διὰ
851 941 1000 1036 νόσωνῆ
1028 944 1075 1015 δι’
1099 945 1200 1036 δίλλην
1222 949 1332 1017 αἰτίαν
1354 951 1470 1018 λειπο·

100 1145 102 1149 ¹
195 1060 317 1142 μένοις,
339 1055 392 1120 καί
414 1061 486 1130 τοῖς
508 1050 541 1119 ἐν
564 1051 700 1135 δεσμοῖς
720 1040 811 1132 οόσι,
833 1051 888 1117 κα)
909 1059 982 1128 τοῖς
995 1041 1301 1137 παρεπιδήμοις
1263 1074 1339 1118 evoe
1353 1053 1467 1133 ξένοις,

196 1158 251 1224 καὶ
274 1151 390 1234 ἅπλῶς
411 1155 499 1220 πᾶσι
518 1162 592 1232 τοῖς
613 1151 647 1220 ἐν
674 1159 767 1240 χρείᾳ
793 1141 869 1219 odat
895 1149 1089 1239 κηδεμώνγ
1090 1158 1203 1219 ί.νετσι
1257 1152 1324 1239 Thio
1353 1155 1390 1222 δὲ
1410 1157 1469 1223 τοῦ

196 1254 291 1346 ἡλίου
312 1252 436 1345 ἡμέραν
456 1257 549 1343 κοινῇ
570 1252 694 1332 πάντες
714 1254 773 1341 τὴν
788 1254 975 1320 συνέλευσιν
990 1252 1192 1339 ποιούμεθα,
1215 1252 1338 1343 ἐπειδὴ
1353 1256 1469 1345 πρώτη

127 1346 131 1353 ’
197 1358 286 1427 ἐστὶν
314 1353 434 1445 ἡμέρα,
468 1345 545 1424 ἐν
524 1382 544 1443 ῃ
567 1350 586 1421 δ
606 1353 689 1433 θεὸς
714 1353 754 1422 τὸ
783 1353 899 1434 σκότος
924 1357 979 1422 καί
1006 1354 1065 1442 τὴν
1093 1351 1172 1443 ὅλην
1198 1360 1326 1441 τρέψας
1346 1357 1470 1442 κόσμον

198 1455 351 1546 ἐποίησε,
383 1455 440 1525 καὶ
456 1451 578 1544 Ἰησοῦς
599 1452 791 1542 Χριστὸς“
774 1479 792 1522 ο
818 1455 974 1544 ἡμέτερος
1003 1454 1110 1543 σώιηρ
1137 1458 1178 1544 τῇ
1206 1450 1287 1545 αὐτῇ
1309 1453 1415 1547 ἡμέρᾳ
1436 1460 1472 1528 ἐκ

196 1562 318 1646 νεκρῶν
341 1553 474 1646 ἀνίστη·
507 1561 547 1646 τῇ
574 1557 635 1645 γὰρ
657 1557 725 1645 πρὸ
746 1561 805 1645 τῆς
824 1561 973 1647 κρονικῆς
1002 1557 1212 1643 ἐσταύρωσαν
1234 1556 1333 1627 αὐτόν
1354 1564 1409 1629 καί
1430 1565 1471 1650 τῇ

196 1660 281 1750 μετὰ
301 1659 360 1748 τὴν
380 1658 545 1746 κρονικὴν,
575 1656 648 1747 ἥτις
669 1658 759 1728 ἐστὶν
779 1654 874 1747 ἡλίου
894 1655 1013 1746 ἡμέρα,
1037 1661 1154 1746 φανεὶς
1173 1669 1247 1741 τοῖς
1268 1655 1472 1744 ἀποστόλοις

198 1760 299 1832 αὐτοῦ
321 1764 375 1829 καί
403 1766 574 1849 μαθηταῖς
602 1761 732 1842 ἐδίδαξε
756 1765 875 1842 ταῦτα,
913 1757 999 1848 ἅπερ
1028 1760 1075 1840 είς
1103 1760 1282 1847 ἐπίσκεψιν
1309 1766 1364 1832 καί
1392 1761 1470 1850 ὑμίν

199 1859 415 1949 όνεδώκαμεν.

226 2053 540 2118 Constitutiones
562 2051 808 2133 Apostolicee
828 2051 905 2113 Lib.
922 2051 965 2112 11.
989 2071 1014 2114 c.
1031 2055 1082 2117 57.
1106 2051 1158 2115 ed.
1181 2052 1443 2134 Cotelerius.¹)

285 2177 313 2237 1.
336 2168 382 2235 Σὺ
405 2171 441 2237 δέ
464 2163 482 2235 ό
504 2167 689 2246 ἐπίσκοπος
711 2166 767 2234 ἐσο
790 2162 891 2252 ἅγιος,
915 2164 1060 2253 ἄμωμος,
1083 2165 1128 2255 μὴ
1146 2166 1299 2256 πλήκτης,
1321 2169 1366 2257 μὴ
1382 2164 1473 2257 ὀργι.

199 2273 265 2352 λος,
286 2270 332 2358 μὴ
354 2264 498 2358 ἀπηνής·
521 2263 595 2336 ἀλλ’
619 2268 803 2361 οἰκοδόμος,
825 2267 1062 2356 ἐπιστροφεὺς,
1095 2269 1295 2351 διδακτικὸς,
1324 2265 1474 2352 ἀνεξίκα-

200 2581 273 2631 hrana
300 2586 416 2629 uteretur.
457 2576 550 2627 Similia
575 2576 645 2627 docet
663 2577 689 2626 F.
707 2577 734 2626 ll.
751 2576 877 2626 Schmid
904 2577 1010 2640 Lilnrgilt
1034 2579 1051 2628 l.
1070 2594 1094 2642 p.
1105 2579 1138 2630 44
1166 2580 1259 2630 innixus
1283 2579 1362 2630 verbis
1385 2579 1473 2632 lustini

200 2680 273 2729 supro
298 2664 409 2727 scriptis:
433 2653 478 2710 ἐπὶ
494 2654 561 2709 πολὺ
578 2659 697 2710 ποιεῖται
722 2661 821 2721 „Selhst
838 2662 876 2710 die
894 2661 1132 2726 hlessopler-Gchote
1150 2664 1198 2713 nud
1217 2663 1357 2715 Gehrhnche
1376 2664 1471 2716 ddrlleu

199 2751 240 2809 (an
258 2747 335 2798 riclen
353 2746 427 2797 Orlen
445 2745 598 2808 weulgstene)
625 2748 686 2796 noch
706 2747 759 2796 dem
778 2744 919 2798 Gotduulten
943 2746 986 2796 dee
1010 2747 1133 2798 einzelnen
1152 2748 1391 2799 llirchcnrorstehers
1410 2750 1472 2800 nach

200 2831 280 2883 luhalt
297 2831 345 2881 und
356 2831 435 2881 llaner
451 2829 592 2880 dherlassen
611 2844 719 2893 genesen
737 2831 798 2890 sein,
817 2831 893 2880 oltere
910 2831 1006 2881 mochte
1023 2840 1081 2882 etwa
1101 2833 1139 2882 ein
1150 2847 1195 2882 ron
1206 2834 1283 2883 cincun
1296 2833 1395 2897 Apostel
1413 2835 1473 2885 oder

200 2915 388 2982 Apostelzengen
412 2915 618 2980 ererhte1·Tgpns
645 2915 722 2965 hierin
749 2914 785 2963 als
808 2914 931 2964 Leitladen
959 2915 1073 2965 dienen.“
1119 2917 1249 2981 Pcrperam
1273 2917 1472 2969 lluratoriue

200 3000 387 3065 interpretatur:
405 3014 449 3064 per
466 2999 488 3048 la
506 3014 549 3048 aaa
567 3007 644 3063 perte,
662 2998 766 3048 seconde
784 2999 828 3050 che
846 3014 859 3048 a
878 3000 911 3048 lui
930 3001 1061 3064 apertione,
1079 3016 1124 3066 pro
1142 3017 1185 3052 ena
1197 3010 1273 3066 parte,
1292 3003 1385 3054 scilicct
1402 3013 1473 3068 post-

202 3098 273 3151 quam
292 3083 397 3149 populns
415 3092 482 3133 stans
500 3098 585 3147 preces
603 3084 695 3133 lecerit.

270 3168 294 3228 1)
311 3168 432 3218 llrahbe
451 3167 507 3218 Ueh.
527 3167 573 3216 den
587 3168 671 3233 Urspr.
690 3183 713 3219 n.
732 3169 784 3218 lnh.
803 3169 846 3218 der
863 3177 941 3233 apost.
953 3169 1144 3220 Constitutionen
1162 3171 1205 3221 des
1216 3171 1328 3222 Clemens
1338 3171 1472 3222 Romanus.

200 3253 322 3314 llamhurg
342 3252 415 3303 1829.
433 3267 457 3317 p.
471 3252 535 3302 140:
553 3251 603 3301 Wir
620 3253 715 3302 honnan
734 3252 800 3302 nicht
817 3253 899 3303 nmhin
918 3254 979 3304 nd'l
1000 3256 1048 3305 und
1066 3255 1099 3306 59
1121 3257 1160 3305 lur
1178 3257 1231 3306 eine
1246 3263 1341 3318 spdlere
1360 3257 1473 3321 interpo—

200 3338 275 3389 lation
293 3352 322 3387 zu
340 3337 457 3386 crllllren.
501 3336 572 3386 Beide
591 3336 682 3401 Capitol
699 3328 927 3402 passenfdorchans
944 3339 1010 3389 nicht
1033 3342 1056 3389 ln
1076 3341 1122 3390 den
1140 3341 1362 3403 zasammenhang,
1389 3349 1473 3392 anter-

200 3423 305 3474 hrechen
324 3421 437 3487 plotzliolu
455 3420 530 3471 durch
549 3421 616 3471 ihren
635 3422 743 3471 lremden
762 3422 841 3473 lnhalt
867 3423 910 3473 das
928 3425 1006 3474 Ganze
1030 3423 1078 3474 und
1100 3424 1182 3487 aeigen
1205 3424 1280 3474 durch
1298 3425 1366 3488 ihren
1385 3425 1473 3487 lnhalt‚

199 3507 244 3559 der
261 3522 320 3571 ganz
339 3508 382 3556 mit
399 3506 452 3556 deun
463 3505 555 3555 lnhalte
573 3507 664 3569 einiger
674 3506 766 3557 Stellen
784 3507 827 3557 dee
845 3507 1032 3558 achtanlluches
1050 3509 1241 3559 ubereinstimnrt
1259 3509 1306 3558 und
1325 3524 1384 3571 gana
1402 3511 1473 3560 dent-

200 3593 249 3644 lich
267 3594 309 3643 aul
326 3593 368 3642 dee
385 3591 452 3641 Ende
476 3590 519 3641 des
543 3592 633 3641 rierlen
651 3591 677 3640 Β.
696 3592 813 3652 hinueist,
838 3592 894 3641 dass
912 3591 981 3642 heide
999 3591 1091 3656 Cepitel
1108 3608 1153 3643 rou
1172 3594 1226 3643 dem
1245 3594 1307 3643 Veri.
1325 3594 1368 3643 dee
1386 3596 1472 3644 achten

201 3677 294 3729 Buches
318 3676 459 3727 herrdhren.
505 3675 530 3724 Ρ.
548 3674 596 3725 221
624 3683 747 3725 enumerat
765 3675 803 3724 Vir
819 3676 910 3726 lloctns
927 3677 1070 3738 accuratius,
1096 3678 1152 3742 quid
1169 3679 1216 3742 ipsi
1234 3680 1333 3729 moverit
1350 3681 1474 3743 auspicio·

202 3776 271 3812 nem:
300 3763 323 3822 1)
341 3762 389 3810 lina
405 3754 598 3827 παστοφόρια,
627 3769 682 3810 ante
699 3761 869 3824 Hieronymum
897 3761 920 3809 in
947 3762 1105 3825 scriptorihur
1133 3762 1302 3813 ecclesiasticis
1328 3778 1376 3813 non
1395 3764 1474 3815 ebria.

202 3846 227 3905 2)
245 3847 364 3908 liturgiae
375 3846 444 3906 ordo,
462 3854 509 3896 tam
528 3845 656 3911 perspicue
675 3853 698 3894 et
716 3845 848 3895 minutatim
860 3846 991 3909 expositus,
1009 3854 1035 3896 ut
1053 3860 1080 3895 ex
1098 3848 1233 3911 posteriore
1251 3848 1377 3911 disciplina
1398 3848 1475 3898 multa

202 3930 281 3981 addila
300 3945 354 3980 csse
371 3931 524 3981 menifestum
542 3932 581 3980 sit.
622 3929 648 3990 3)
666 3929 832 3980 Ecclesiastico
852 3929 994 3990 hierarchia,
1017 3931 1108 3981 sacculi
1126 3932 1189 3981 tertii
1206 3933 1327 3995 ingenium
1345 3934 1476 3984 excedens.

201 4015 228 4075 l)
247 4005 408 4080 ἇκροσιίχια
426 4016 585 4076 Ρεείιιιοιαισ,
604 4015 695 4078 populo
714 4014 852 4064 succinente
870 4013 1003 4064 decantata.
1029 4013 1054 4074 5)
1073 4015 1179 4078 Surgens
1197 4016 1302 4082 populus
1313 4017 1343 4066 ed
1353 4017 1477 4080 Evangelii

201 4100 338 4152 lectionem.
382 4103 410 4150 ht
432 4114 487 4151 ιιισ
510 4100 610 4164 plurimi
632 4101 656 4148 iu
679 4099 800 4149 authentia
824 4098 933 4160 liturgiae
959 4099 1128 4162 acquieverunt
1149 4116 1227 4166 neque
1256 4117 1300 4164 ego
1326 4104 1477 4164 argumentis

200 4186 297 4236 llrahhii
316 4187 416 4234 multum
435 4186 568 4234 tribuerim.
604 4184 675 4234 llnlta
693 4184 756 4233 euim
775 4191 831 4232 sunt
848 4191 986 4245 argumenta
1010 4198 1071 4248 quae
1099 4187 1210 4236 dicuntur
1227 4202 1240 4236 a
1256 4187 1355 4236 silentio
1373 4195 1397 4236 et
1416 4188 1478 4238 hoec

201 4285 299 4335 semper
325 4270 445 4320 imbecille
470 4277 539 4330 sunt,
567 4270 612 4319 nisi
636 4268 725 4319 talibus
754 4268 905 4318 adminiculis
930 4268 1097 4320 suffulcianlur
1120 4280 1146 4321 nt
1168 4273 1276 4335 positivis
1302 4272 1476 4335 respondeant.

201 4369 222 4404 r.
241 4355 322 4418 lireg
339 4355 404 4404 Neue
423 4353 636 4416 Untersnchongen
656 4354 714 4403 ulter
732 4353 770 4403 dle
789 4353 980 4405 Constitutioncn
1007 4356 1055 4406 und
1073 4356 1184 4406 kanones
1202 4357 1245 4406 der
1261 4357 1368 4420 lpostel.
1399 4355 1477 4406 1832.

200 4439 266 4503 p.5ll
277 4455 330 4505 sqq.
365 4439 464 4489 ltothe
483 4438 513 4488 de
531 4441 602 4503 prim.
620 4439 676 4491 cult.
695 4439 777 4489 christ.
795 4454 819 4504 p.
831 4438 871 4490 29.
906 4440 1031 4492 llitschl
1048 4440 1198 4505 Entstehung
1215 4441 1259 4491 der
1271 4440 1477 4492 elthatholischen

201 4523 289 4575 lllrehe
305 4538 329 4589 p.
346 4523 404 4574 598.
423 4538 444 4573 e.
464 4538 486 4573 a.
