3044 4912
652 118 724 191 net

55 328 95 375 ne
115 306 251 373 Sabbata
271 304 393 388 quiden
415 313 448 369 et
459 303 628 369 Dominicis
650 302 796 384 exceptis.
839 307 871 367 2.
891 303 1104 385 hpoataloruu
1125 325 1183 388 pcr
1200 307 1326 375 totidem

52 409 258 475 hebdomadas
279 427 297 471 a
320 407 394 471 leria
416 409 436 471 2
458 413 529 487 post
548 404 750 468 Pentecosten
775 405 930 485 usquead
955 410 969 470 1
993 407 1124 470 Aestatis
1146 409 1177 471 in
1199 428 1257 492 qua
1281 413 1326 476 le·

54 525 132 576 stum
153 511 209 575 llll
241 509 449 591 apostolorum
482 505 646 570 celebrant.
689 507 719 570 3.
751 505 975 585 Assumptionis
1007 508 1118 572 hieriae
1145 511 1326 578 allalendis

54 614 179 694 Augusti
201 611 239 674 ad
265 616 304 676 15
327 610 462 674 eiusdem
482 605 608 671 mensis.
652 609 684 670 4.
703 606 788 669 Elias
809 626 864 670 seu
887 606 992 671 Crucis
1013 627 1069 688 per
1091 610 1142 673 Vll
1163 612 1327 678 hebdoma-

55 717 109 779 das
130 733 148 778 a
170 711 327 778 [lominica
352 715 366 774 1
392 710 474 773 Elias
508 707 663 788 usquead
687 707 792 771 leriam
815 712 835 775 6
857 717 979 789 quartae
1000 709 1207 778 hebdomadae
1227 714 1328 779 crucis
1452 732 1455 741 ·

56 835 112 879 sen
130 813 215 878 hiliae
236 813 393 894 septimae.
437 816 468 876 5.
489 810 660 873 Nativitatis
675 808 787 873 Christi
802 829 827 873 s.
841 811 1090 874 Annunciationis
1105 831 1121 875 a
1136 814 1292 878 Dominica
1309 820 1324 880 l

58 914 306 980 hnnnnciationis
327 930 424 995 nsque
446 913 482 976 ad
505 911 586 974 diem
607 914 648 976 25
664 912 735 974 hec.
780 913 812 976 6.
832 910 1026 975 Niniviticum
1041 932 1066 975 s.
1082 914 1257 994 Rogationis
1271 934 1329 998 per

58 1029 117 1082 tres
148 1018 216 1080 dies
247 1035 263 1079 a
287 1015 404 1079 ieriab
432 1013 539 1077 tertiae
561 1024 629 1076 ante
653 1012 917 1092 Quadragesimam
944 1012 1151 1079 hebdomadae
1172 1036 1268 1098 usque
1287 1017 1327 1084 ad

61 1117 231 1181 Natudnum
247 1117 375 1181 leriaeh
398 1116 533 1178 eiusdem
553 1113 772 1177 hebdomadae.
803 1117 833 1178 7.
855 1114 1006 1192 Virginum
1025 1115 1121 1180 tribus
1135 1127 1205 1198 post
1219 1119 1329 1184 testum

63 1218 244 1302 Epiphaniae
275 1217 396 1280 diebus.
437 1221 476 1279 At
499 1217 591 1279 hodie
624 1234 661 1278 ex
682 1214 730 1276 bis
752 1214 864 1277 ieiunia
886 1234 947 1278 nou
970 1217 1070 1281 omnia
1093 1218 1328 1286 observanturh

64 1321 152 1396 laicis,
187 1319 374 1383 monasticae
403 1317 582 1399 disciplinae
618 1316 806 1380 transmissa.
850 1316 1008 1398 Reliquum
1044 1328 1092 1382 est
1128 1332 1159 1384 ut
1194 1321 1326 1388 animum

8 1440 15 1499 ;·
69 1423 193 1486 advertas
216 1421 247 1485 in
268 1420 372 1485 Ferias
392 1429 503 1494 sertas,
528 1417 716 1482 Nestorianis
737 1437 793 1500 per
814 1427 908 1481 tetum
932 1438 1042 1482 annum
1064 1420 1243 1486 Sanctorum
1263 1442 1327 1488 me·

8 1504 15 1569 3·
69 1523 161 1586 noriis
183 1520 329 1601 insignes.
357 1518 400 1584 Ne'
422 1519 503 1583 desit
523 1519 700 1601 exemplum,
722 1520 827 1584 Fenh
849 1529 919 1602 post
931 1520 1121 1599 Nativitatem
1136 1525 1257 1588 Domini
1279 1545 1327 1590 ce·

9 1618 13 1677 ἶ
71 1622 175 1686 lebrant
187 1624 311 1686 Bonum
322 1622 484 1702 Virginem,
507 1622 574 1684 Fer.
597 1623 617 1686 6
639 1629 709 1702 post
728 1620 816 1684 Dom.
840 1625 854 1684 l
878 1620 990 1703 Epiph.
1011 1623 1118 1686 recolit
1139 1626 1171 1688 S.
1186 1627 1329 1690 loannem

71 1724 230 1807 Baptistam,
259 1725 326 1787 For.
347 1727 368 1789 6
395 1732 464 1805 post
485 1723 613 1786 homb
641 1721 751 1803 Epiph.
774 1722 829 1785 SS.
852 1722 972 1785 Petrum
1001 1733 1032 1786 et
1052 1724 1188 1798 Paulum,
1215 1727 1284 1789 Fer.
1307 1731 1328 1794 6

9 1882 11 1889 .
72 1839 127 1904 post
146 1826 233 1888 llom.
257 1827 275 1890 3
298 1835 368 1905 post
388 1823 497 1906 Epiph.
521 1823 883 1903 QuatuorEvangelistas,
904 1823 1006 1888 rere
1029 1835 1098 1904 post
1118 1826 1236 1891 Domd
1257 1836 1329 1909 post

9 1942 12 1951 ·
71 1924 167 2010 llpiph.
190 1925 224 1988 S.
246 1926 441 2007 Stephanum,
469 1925 535 1987 Fer.
559 1928 579 1990 6
600 1932 672 2006 post
691 1925 777 1987 Dona.
799 1929 819 1988 5
841 1933 912 2005 post
931 1925 1041 2006 Epiph.
1065 1927 1195 1989 Graecos
1217 1928 1328 1991 llocto·

10 2056 14 2107 ,¹
71 2045 108 2091 res
121 2028 296 2101 Diodorum,
319 2026 521 2100 Theodorum,
543 2025 726 2098 Nestorium,
747 2026 853 2091 Fer.6
875 2035 946 2107 post
967 2029 987 2090 6
1010 2036 1080 2108 post
1094 2028 1202 2109 Epipb.
1218 2030 1329 2092 Docto·

70 2147 109 2192 rea
123 2132 216 2212 Syros
238 2127 410 2210 (Ephraem,
431 2127 553 2200 Narseo,
575 2126 734 2200 Abraham,
756 2125 899 2201 lulianus,
920 2127 1057 2196 loannes,
1080 2128 1216 2204 Micioni,
1237 2130 1327 2206 lliob,

10 2256 13 2293 ι
68 2229 162 2306 Isaiae,
183 2231 350 2306 Bersuma),
373 2230 477 2292 Fer.7
500 2231 604 2309 post7
626 2227 735 2309 Epiph.
759 2226 946 2289 Catholicom
969 2228 1184 2292 Chaldaeorum
1208 2249 1232 2293 s.
1254 2230 1328 2296 hlar.

67 2332 130 2409 lba,
153 2333 221 2395 Fer.
245 2333 264 2396 8
287 2340 357 2411 post
379 2330 398 2395 8
420 2329 529 2411 Epipb.
555 2329 756 2409 Quadraginta
779 2327 931 2410 hlartpres,
953 2330 1021 2393 Fer.
1042 2332 1062 2396 9
1084 2341 1156 2412 post
1176 2334 1195 2397 9
1218 2333 1328 2416 Epiph.

65 2432 232 2497 memoriam
255 2432 468 2494 Defunctorum
490 2431 577 2506 etc.¹)

141 2531 352 2597 Calendarium
375 2531 602 2612 Aethiopum
630 2529 747 2613 primus
767 2531 920 2611 publicum
943 2533 1015 2596 lecit
1035 2533 1259 2616 Ludolphus
1281 2537 1328 2600 in·

63 2636 153 2699 rictus
174 2652 276 2697 rerum
298 2633 540 2713 Aethiopicarnm
564 2633 693 2713 scriptor
713 2632 750 2694 ad
774 2632 849 2694 tlisu
871 2633 1010 2714 Aethiop.
1034 2635 1148 2697 comm.
1170 2656 1200 2717 p.
1217 2639 1327 2702 389-

64 2741 132 2802 427.
175 2735 280 2817 Nuper
300 2734 451 2808 Harris,
474 2735 526 2814 qui
549 2753 585 2796 ex
607 2733 780 2814 Synarariis
802 2734 962 2796 asservatis
985 2735 1015 2796 in
1038 2735 1111 2797 urbe
1127 2737 1268 2800 nnlrober
1291 2741 1327 2803 ad

63 2836 210 2918 ludolphi
243 2837 337 2898 iastes
370 2835 483 2898 adiecit
503 2835 645 2903 raorrnulla
668 2835 746 2897 baud
770 2834 915 2914 gravioris
945 2835 1127 2913 momenti.²)
1170 2837 1329 2903 Praeterea

63 2939 202 3003 consulas
226 2936 383 3001 Combes
406 2946 436 3000 et
457 2936 648 3000 'lamisier
669 2937 739 3016 lloy.
762 2954 800 2997 en
816 2936 920 3016 dhyss.
935 2936 983 2996 ll'.
999 2954 1029 3016 p.
1047 2939 1106 3000 159
1123 2954 1190 3017 sqq.
1212 2947 1244 3000 et
1264 2938 1327 3003 dia·

63 3042 101 3103 ria
123 3040 281 3121 llraplii
320 3049 351 3101 et
381 3037 615 3118 lsenhergii,
645 3038 694 3117 qui
732 3055 827 3116 nuper
862 3036 1060 3116 Aethiopibus
1096 3037 1330 3103 Protestantium

64 3142 228 3206 doctrinam
256 3140 439 3221 persuadere
461 3139 658 3201 enitebantur.
704 3138 783 3200 Sanc
805 3156 874 3200 rere
897 3138 1020 3200 multum
1043 3140 1196 3204 affinitatis
1219 3141 1331 3206 babent

66 3243 225 3324 Aethiopes
256 3242 479 3304 cumGraecis.
522 3240 673 3319 Religiose
704 3239 807 3301 colunt
834 3239 995 3302 Sabbatum
1027 3243 1099 3319 (quo
1133 3262 1235 3305 arvum
1268 3263 1328 3307 non

68 3352 153 3418 arant,
188 3343 246 3405 alia
279 3362 349 3406 rere
381 3362 472 3422 opera
502 3341 626 3419 iaciunt)
656 3347 685 3403 et
707 3340 903 3415 Dominicam,
938 3360 1025 3421 quam
1049 3342 1210 3405 Sabbatum
1232 3345 1328 3409 maius

70 3511 368 3524 ῌ-ι-

150 3616 174 3675 ll
191 3614 379 3664 hssemannl
398 3613 459 3664 bibl.
478 3614 570 3663 Orient.
589 3612 629 3662 lll.
649 3613 686 3662 Ps.
697 3611 726 3661 ll.
747 3610 830 3675 peso
844 3624 896 3674 sp:
914 3610 1057 3674 Nuperrime
1075 3611 1165 3676 prodiit
1183 3613 1288 3676 optimus
1306 3623 1330 3665 et

76 3697 270 3750 luculentissimus
295 3699 369 3748 liber:
394 3699 456 3748 ‘lhe
473 3697 666 3748 Nestorians
690 3696 748 3747 and
768 3697 852 3746 their
870 3695 999 3745 liituals
1017 3695 1072 3745 with
1090 3696 1260 3749 tbaNarratire
1274 3699 1330 3750 ola

78 3783 165 3834 nbsion
192 3792 217 3836 to
235 3783 407 3846 Mesopotamia
426 3782 473 3832 and
492 3781 634 3832 coordistau
654 3781 677 3830 in
698 3778 866 3830 tent-1⁸44
883 3778 929 3828 and
947 3780 974 3828 ol
990 3777 1037 3829 late
1055 3780 1107 3830 risit
1125 3789 1148 3830 to
1167 3782 1236 3832 those
1254 3797 1331 3834 coon-

78 3866 126 3915 tries
142 3870 165 3918 in
181 3868 265 3931 ,1850;
292 3867 343 3917 also
363 3868 511 3917 lleseorches
525 3868 574 3917 into
593 3867 632 3916 the
652 3874 749 3930 present
767 3864 888 3914 condition
907 3863 934 3912 ol
950 3864 989 3912 the
1007 3865 1090 3926 Syrien
1108 3866 1236 3927 lacebites,
1255 3868 1330 3932 Popal

82 3947 163 4010 spiam
180 3953 227 4003 and
245 3952 381 4003 Cbaldeans
399 3952 446 4002 and
464 3967 494 4001 an
512 3950 608 4015 lnquirp
627 3952 676 4000 into
694 3950 733 4000 tbe
752 3949 853 4013 religion
872 3955 950 3998 tenen
968 3947 996 3997 ol
1010 3948 1150 3999 iraeadees.
1185 3950 1217 4014 ny
1234 3951 1329 4002 thella·

83 4045 121 4081 rer.
141 4038 259 4100 Georgo
284 4037 380 4100 Percp
402 4036 525 4098 Badger
547 4050 593 4085 one
617 4037 644 4084 ol
666 4036 705 4084 the
728 4022 883 4083 lionohrablc
900 4033 958 4082 East
974 4032 1040 4082 lndia
1059 4034 1194 4098 company·
1213 4035 1328 4099 Chaplain

86 4113 103 4162 '¹¹¹
121 4119 155 4169 the
177 4122 277 4173 biocese
301 4121 328 4171 ol
351 4120 464 4184 hombap.
497 4117 690 4170 Londou1852.
725 4118 849 4168 Volumina
873 4117 930 4167 dno.
965 4117 994 4167 Et
1016 4119 1141 4183 hocopus
1159 4119 1235 4169 Nealii
1253 4123 1330 4172 nostri

88 4197 175 4255 doctrina
193 4206 387 4256 adnotationibus
405 4204 539 4255 illustrarit.
1265 4262 1274 4279 .

155 4286 177 4349 2)
203 4291 336 4340 llolendum
355 4298 391 4340 est
410 4289 542 4339 llarrisium
562 4288 679 4353 aliosque,
698 4289 737 4352 qai
757 4303 834 4352 nuper
852 4287 991 4337 llabassiam
1009 4296 1174 4352 peragrarunt,
1191 4291 1268 4352 magis
1285 4272 1330 4342 lari

92 4370 109 4409 ²¹
122 4369 216 4436 inperita
236 4376 384 4427 cavillatione
402 4390 441 4425 res
460 4389 541 4424 sacras
560 4375 730 4437 perstringere,
750 4387 820 4437 qnam
839 4373 908 4424 docte
925 4381 950 4424 nt
966 4374 1047 4424 sobrie
1065 4374 1164 4425 eandem
1174 4376 1331 4439 perscrutari.
