3044 4912
815 239 889 313 334

299 415 421 511 Ᾰίρων
439 416 597 508 τετάρτην
616 412 738 505 μερίδα
757 413 894 510 τίθησιν
916 414 1019 510 αὑτὴν
1038 415 1184 510 πλησίον
1202 424 1263 510 τῆς
1276 417 1413 512 πρώτης
1430 447 1480 510 με.

217 521 320 616 ρίδος,
342 526 452 591 ποιῶν
474 519 630 610 δευτέραν
649 515 761 611 άρχήν.
802 514 889 591 Εἶτα
908 518 1015 591 πάλιν
1027 519 1136 611 λέγει·

108 706 110 711 ,
304 633 379 702 Τοῦ
412 621 522 728 ἁγίου
554 619 869 723 πρωτσμάρτυρος
892 623 956 701 καί
981 622 1255 724 άρχιδιακόνσυ,
1273 622 1500 726 xenoduna?

220 736 306 805 Τῶν
331 726 452 831 ἁγίων
476 722 651 830 μεγάλων
669 720 887 824 μαρτύρων,
914 725 1118 854 Γεωργίου,
1144 726 1377 826 Δημητρίου,
1405 733 1482 809 Θευ-Ι

215 827 355 932 δαίρου,
381 827 445 905 καί
469 826 625 904 πάντων
648 825 711 902 καί
736 835 871 904 πασῶν
894 837 973 906 τῶν
998 826 1120 931 αγίων
1142 824 1363 930 μαρτύρων.

300 945 371 1015 Καί
393 941 497 1032 αίρων
516 944 675 1034 πέμπτην
693 940 825 1032 μερίδα,
856 939 993 1034 τίθησιν
1014 940 1116 1035 αὐτὴν
1136 941 1296 1014 ὑποκάτω
1316 951 1379 1035 τῆς
1398 942 1482 1035 πρό-

214 1072 284 1140 της,
306 1043 387 1136 άρχὴ
410 1042 513 1137 υόσης
531 1052 591 1136 τῆς
613 1043 770 1135 δευτέρας
788 1040 924 1127 τάξεως.
956 1039 1102 1115 Ἔπειτα
1122 1045 1227 1135 λέγει·

304 1157 390 1227 Τῶν
430 1149 545 1226 ὁσίων
576 1147 641 1225 καί
672 1144 877 1247 θεοφόρων
907 1149 1080 1248 πατέρων
1109 1149 1220 1248 ἡμῶν
1224 1204 1238 1240 ,
1272 1149 1483 1243 Ἀντωνίου,

217 1251 437 1351 Εὑθυμίου,
462 1248 594 1350 Σάβα,
613 1248 859 1351 Ὀνουφρίαυ,
878 1250 1113 1328 Ἀθανασίου
1137 1258 1205 1328 τοῦ
1231 1256 1273 1329 ἐν
1296 1254 1482 1354 agili-913),

118 1446 123 1459 ¹
214 1354 279 1433 καί
303 1350 459 1430 πάντων
483 1350 548 1429 καί
571 1359 706 1429 πασῶν
729 1359 809 1427 τῶν
835 1351 960 1430 ὁσίων.

299 1468 372 1540 Καί
393 1466 481 1538 οὑτω
504 1464 608 1557 α’ίρων
629 1467 723 1558 έκτην
741 1465 873 1557 μερίδα,
894 1466 1031 1559 τίθησιν
1053 1464 1155 1559 αὑτὴν
1168 1465 1326 1538 ὑποκάτω
1341 1476 1402 1561 τῆς
1414 1472 1483 1539 δευ-

166 1586 171 1599 ’
212 1571 313 1663 τέρας
342 1567 480 1659 μερίδος
511 1566 561 1650 είς
592 1565 828 1659 ἀναπλήρωσιν
858 1576 918 1660 τῆς
948 1568 1105 1660 δευτέρας
1135 1567 1271 1652 τάξεως.
1320 1573 1424 1642 Μετὰ
1449 1573 1482 1642 δέ

213 1680 320 1743 ταῦτα
341 1673 448 1761 λέγει·
984 1697 986 1700 ⁴

301 1783 388 1852 Τῶν
421 1772 542 1878 ἁγίων
572 1773 636 1849 καί
667 1776 978 1878 θαυματουργῶν
1011 1771 1240 1905 ἁναργὺρων
1264 1782 1401 1874 Κοσμᾶ
1425 1775 1482 1852 καί

212 1884 426 1976 Δαμιανσῦ,
459 1871 589 1975 Κύρου
620 1874 684 1951 καί
700 1874 893 1966 Ἰωάννου,
919 1882 1240 1976 Παντελεημσνος,
1272 1875 1338 1953 καί
1358 1877 1481 1977 Ἑρμο-

212 1979 306 2057 λάου
331 1978 395 2056 καὶ
419 1974 574 2054 πάντων
598 1985 678 2052 τῶν
702 1975 823 2080 ἁγίων
850 1977 1087 2081 άναργύρων.

296 2096 368 2165 Καὶ
396 2092 499 2183 αίρων
527 2091 673 2184 ἑβδόμην
698 2091 829 2182 μερίδα,
857 2091 994 2185 τίθησιν
1021 2091 1123 2184 αὑτὴν
1151 2089 1220 2162 άνω
1246 2101 1359 2165 ποιῶν
1379 2093 1480 2186 τρίτην

211 2196 313 2290 ἀρχὴν
333 2199 421 2267 κατὰ
439 2194 544 2279 τάξιν.
586 2189 657 2265 Εἶτ’
681 2188 784 2276 αὖθις
803 2195 909 2283 λέγει·

301 2309 388 2378 Τῶν
412 2300 533 2403 ἁγίων
557 2298 622 2374 καί
646 2297 805 2376 δικαίων
826 2297 1258 2399 θεοπατόρωνἸωακείμ
1281 2301 1347 2376 καί
1355 2302 1478 2397 ’Άννης

213 2409 294 2500 (τοῦ
321 2402 447 2506 Ἁγίου
478 2410 543 2498 τῆς
573 2400 722 2500 ἡμέρας)
755 2400 819 2477 καί
851 2398 1008 2479 πάντων
1038 2409 1118 2478 τῶν
1151 2400 1285 2505 ἁγίων,
1316 2395 1376 2478 ὧν
1405 2408 1477 2486 ταῖς

211 2504 363 2587 ἱκεσίαις
389 2502 583 2602 ἐπίσκεψαι
607 2501 707 2598 ἡμᾶς
732 2502 752 2578 ό
782 2499 878 2588 Θεός.

155 2707 158 2714 Ι
296 2619 367 2687 Καί
388 2616 524 2707 τίθησιν
545 2613 664 2706 ὀγδόην
684 2616 805 2706 μερίδα
826 2615 985 2688 ὑποκάτω
1005 2626 1065 2710 τῆς
1085 2616 1219 2711 πρώτης
1233 2616 1413 2700 εὐτάκτως·
1433 2616 1476 2688 ἔτι

213 2720 252 2789 δὲ
271 2720 357 2807 πρὸς
378 2716 511 2797 τούτοις
531 2718 635 2805 λέγει·

300 2829 375 2897 Τοῦ
401 2825 442 2897 έν
459 2820 577 2924 ἁγίοις
593 2822 732 2921 πατρὸς
747 2822 857 2920 ἡμῶν
866 2821 1045 2901 Ἰωάννου
1054 2822 1360 2924 Ἀρχιεπισκόπου
1378 2831 1475 2898 Kora-

213 2921 526 3009 σταντινσπόλεως
554 2932 623 2999 τοῦ
647 2923 923 3024 Χρυσοστόμου
951 2938 1058 3031 (εἴπερ
1088 2941 1220 3028 λέγεται
1246 2937 1266 3029 ἡ
1297 2935 1474 3029 λειτουργία

212 3038 325 3110 αὑτοῦ.
353 3039 384 3110 εί
406 3041 444 3111 δὲ
464 3041 595 3128 λέγεται
616 3046 677 3108 τοῦ
698 3039 859 3129 Μεγάλου
881 3043 1073 3124 Βασιλείαν,
1095 3040 1214 3110 τούτου
1236 3042 1453 3133 μνημονεύει).

295 3143 366 3210 Καί
394 3141 500 3223 οὑτως
528 3139 630 3230 αἴρων
651 3143 708 3211 καί
728 3144 787 3231 τὴν
810 3140 943 3233 ἕννάτην
963 3143 1084 3233 μερίδα
1104 3141 1240 3235 τίθησιν
1262 3141 1366 3234 αὑτὴν
1384 3144 1417 3213 έν
1435 3145 1473 3229 τῷ

211 3243 301 3313 τέλει
322 3249 381 3333 τῆς
401 3241 512 3334 τρίτης
532 3241 658 3326 τάξεως
679 3241 728 3324 είς
747 3241 995 3336 ἀναπλήρωσιν.

294 3384 354 3457 IX·
390 3390 475 3465 Εἶτα
496 3397 607 3484 λαβὼν
627 3393 686 3485 τήν
707 3392 818 3487 τρίτην
839 3396 1010 3489 σφραγίδα
1031 3397 1137 3486 λέγει·

295 3497 517 3598 Μνήσθητι,
543 3500 704 3575 δέσποτα
730 3498 991 3600 φιλάνθρωπε,
1009 3500 1129 3599 πάσης
1145 3504 1342 3598 ἐπισκοπῆς
1369 3501 1472 3600 duda

211 3600 346 3692 δόξων,
371 3612 439 3678 τοῦ
465 3598 665 3677 ἐπισκόπου
690 3600 800 3699 ἡμῶν
825 3612 894 3678 τοῦ
919 3603 1053 3694 δεῖνος,
1079 3613 1147 3680 τοῦ
1171 3602 1299 3701 τιμίου
1325 3605 1471 3703 naseitu-

212 3826 353 3875 adnumerat
369 3826 475 3886 Petrum,
493 3826 608 3887 diarium,
627 3827 710 3877 lanam
729 3835 752 3878 at
769 3828 906 3892 Philippum
925 3828 1066 3889 (Masaouiae
1085 3827 1259 3891 Metropolitas)
1277 3829 1386 3878 Niaetam
1404 3828 1471 3879 Nara·

211 3910 364 3973 gradensem,
390 3911 515 3960 Leontium
540 3912 726 3961 Rastaissansem
745 3938 779 3948 -
796 3912 938 3975 Martyribus
963 3920 1019 3976 past
1038 3914 1179 3974 Georgium:
1203 3912 1337 3962 Diodorum
1356 3914 1473 3976 Tgronem,

209 3993 342 4044 Diodorum
360 3995 466 4057 Militem,
490 3996 612 4057 Theclam,
636 3997 774 4057 Barbarum,
799 3998 930 4061 cyriacum,
948 3997 1114 4060 Euphemiam,
1133 3998 1292 4058 Parasceuen,
1318 3998 1471 4054 catharinam,

211 4086 235 4129 et
259 4094 343 4128 amnas
367 4080 467 4131 Sanctus
491 4081 604 4143 Martyres
623 4107 656 4117 -
673 4083 796 4132 Manoahis
823 4089 845 4131 et
864 4082 971 4132 docetis:
995 4083 1122 4131 datanium
1141 4090 1166 4132 et
1182 4081 1347 4131 Theodosium
1366 4083 1475 4133 Peahers·

208 4162 315 4225 irienses,
333 4165 444 4227 Sergium
462 4165 656 4227 taruanensem,
679 4167 790 4216 Barlaam
809 4175 832 4217 et
850 4181 934 4217 omnes
953 4165 1100 4216 venerabiles
1119 4167 1202 4216 Patres
1221 4174 1244 4216 et
1261 4167 1414 4217 venerabiies
1431 4166 1475 4215 ida·

208 4248 282 4300 lieres
299 4249 428 4312 Pelagium,
453 4251 605 4311 Teadasiam,
631 4253 789 4313 Anastasiom,
807 4253 958 4317 Eupraxiam,
984 4252 1135 4313 Fabroaiam,
1159 4251 1319 4313 Theodotum,
1343 4251 1478 4317 Euphrosy-

209 4348 266 4396 nen,
285 4335 382 4384 Mariam
398 4336 571 4397 Aegyptiaaam.

296 4420 353 4484 Cap.
374 4419 410 4470 tx.
446 4419 470 4467 P.
498 4410 556 4466 εἶτα
573 4413 665 4483 λαβὼν
683 4419 730 4470 καί
747 4416 843 4489 ἑτέραν
860 4416 1033 4488 προςφοράν,
1051 4420 1139 4488 λέγει·
1158 4413 1228 4488 ὑπὲρ
1246 4421 1393 4488 σωτηρίας,
1410 4411 1478 4487 κρά-

209 4513 285 4562 τους,
309 4502 386 4563 νίκης
408 4500 455 4550 καὶ
477 4493 623 4568 δυνάμεως
645 4503 699 4555 τῶν
724 4495 927 4571 εὐσεβεστάτων
949 4506 997 4556 καὶ
1019 4505 1205 4576 φιλοχρίστων
1225 4504 1364 4571 βασιλέων
1387 4497 1480 4575 ἡμῶν·
