3044 4912
692 238 768 313 235

183 426 233 487 56.
256 417 445 551 Κορρακὴ
469 424 539 487 τοῦ
554 416 732 488 τελώνου
748 429 779 498 l'l
791 424 879 487 Febr.
895 425 960 488 Lat.
977 425 1092 490 llamb
1108 435 1179 506 post
1194 428 1368 509 Epiphan.).

119 525 146 586 lit
161 526 199 587 sio
221 524 360 604 amplius.

181 627 348 689 bllatius
371 626 435 688 l.c.
458 645 489 706 p.
508 631 603 692 1474:
637 662 680 674 -
701 660 743 674 -
770 628 807 689 Si
832 627 950 690 Poscba
978 629 1160 710 subsequens
1187 633 1227 693 22
1250 640 1305 692 aut
1325 633 1367 695 23

118 741 158 790 out
174 733 212 792 24
243 734 355 790 meotis
378 727 487 792 Martii
516 733 623 800 veniet,
657 729 814 791 Domiuica
842 740 916 810 post
947 729 1062 793 lumt'aa
1089 730 1177 792 uallo
1194 732 1296 810 'iuerat
1317 733 1368 795 sed

119 836 200 891 statim
234 829 380 892 Triodiou
413 830 614 892 iacboaadum
645 843 674 893 et
705 831 900 911 Eoonpelium
936 830 1110 893 Doreim‘cae
1138 843 1211 912 poet
1243 833 1370 896 laiatico

118 931 197 994 llou.
221 930 411 994 recitabitur.
456 931 493 993 Si
513 949 585 994 vero
607 930 725 994 Pascba
746 938 844 996 veniet
865 936 916 996 25.
933 935 985 997 26.
1002 935 1053 997 27.
1069 934 1121 996 28.
1138 937 1188 997 29.
1205 936 1256 999 30.
1273 935 1367 998 Mart.
1439 977 1444 986 ·

119 1034 302 1095 tautummodo
325 1031 393 1094 sola
407 1034 495 1094 Dour.
516 1044 588 1113 post
603 1033 730 1095 Lumina
750 1036 848 1113 suerit
871 1046 900 1098 et
914 1035 1019 1097 deinde
1037 1033 1180 1097 Triodion
1195 1036 1367 1100 iucbootur.

118 1133 247 1198 Sioeuiet
271 1139 286 1198 1
305 1134 403 1215 April.
425 1154 521 1215 aeque
543 1136 583 1197 ad
604 1139 632 1206 7,
662 1154 727 1197 uua
748 1135 915 1197 Hebdomas
937 1140 1018 1197 iuter
1038 1136 1127 1198 Dom.
1149 1146 1220 1216 post
1242 1136 1368 1201 Lumina

119 1236 291 1301 et'lriodiou
319 1248 491 1317 apponetur
514 1256 604 1318 capue
628 1237 826 1318 anugeliam
847 1239 990 1299 beataum
1012 1242 1148 1318 quautam
1170 1239 1268 1301 Lucae
1288 1244 1368 1301 reci-

119 1339 222 1400 tabitur.
266 1336 304 1399 Si
323 1331 420 1400 oettiet
442 1339 551 1419 Salpe.
574 1341 729 1420 usquead
752 1342 791 1402 14
815 1349 886 1401 tuuc
908 1340 1368 1404 numerabbutarilebdomades

119 1444 245 1519 aprima
268 1440 473 1501 duodecimum
493 1439 599 1510 Lucae,
629 1442 760 1503 secunda
782 1442 926 1503 decimum
946 1445 1083 1522 puiutcuu
1104 1442 1298 1522 Euangeliou
1320 1445 1368 1506 di-

119 1551 190 1601 atur.
220 1539 256 1601 Si
276 1545 373 1603 veniet
388 1541 504 1603 Paccio
527 1545 565 1604 15
582 1544 656 1622 Apa.
678 1561 773 1623 usque
796 1543 836 1605 ad
856 1545 894 1605 21
921 1551 983 1604 tres
999 1543 1368 1608 uttmerabuaturilebbo·

119 1644 196 1704 uades
217 1653 247 1704 et
268 1644 448 1705 recitabitur
466 1646 569 1723 prima
591 1643 794 1705 duodecimum
815 1643 912 1705 Lucae
933 1643 1136 1724 Euangeliou,
1160 1648 1290 1708 secundo
1317 1647 1369 1709 de-

120 1746 203 1805 cinam
224 1749 370 1824 quintum,
393 1748 485 1806 tertia
506 1744 649 1807 decimum
671 1747 828 1826 captiuum
850 1744 1003 1808 Matthaei.
1047 1745 1083 1807 Si
1102 1765 1175 1809 vero
1197 1753 1296 1811 oeaiet
1315 1751 1366 1812 22.

119 1845 156 1908 23.
173 1849 221 1909 24.
243 1849 284 1909 25
301 1848 376 1926 Apr.
400 1857 533 1926 quotuor
565 1847 810 1908 numerabuntur
832 1846 1035 1909 Hebdomades
1059 1856 1087 1909 et
1109 1859 1219 1928 quarto
1251 1850 1369 1912 dicetur

120 1943 290 2026 brougeliam
312 1951 469 2027 septenum
491 1947 647 2011 Matthaei.

183 2054 297 2111 Annum
321 2047 568 2125 ecclesiasticum,
598 2067 688 2128 supra
713 2049 742 2110 in
765 2048 911 2110 lectorum
935 2058 1128 2128 conspectum
1151 2050 1292 2128 positum,
1320 2052 1366 2113 di-

121 2148 251 2226 stinguunt
273 2151 379 2212 Graeci
402 2149 706 2213 Festivitatibus
729 2149 952 2231 Maioribus,
986 2141 1119 2231 ἑορταῖς
1140 2147 1366 2230 δεσποτικαῖς,
1462 2184 1469 2212 r

120 2265 145 2308 ac
166 2251 387 2313 Minoribus.
436 2252 621 2331 Saepissime
654 2259 926 2313 cenrmemorantur
957 2250 1155 2312 duodecim
1189 2252 1367 2329 lest'pitates

120 2351 226 2415 naiores
255 2364 288 2413 ut
314 2353 392 2433 apud
415 2352 554 2415 Allatium
584 2362 670 2432 atque
692 2352 861 2417 bluraltium
883 2344 1028 2432 aliosque,
1057 2352 1111 2413 sed
1134 2350 1293 2416 admodum
1316 2375 1366 2417 va·

120 2450 179 2516 riam
198 2455 373 2534 scriptores.
417 2454 542 2515 Allatius
565 2455 639 2516 haec
662 2452 766 2533 habet:
798 2453 993 2516 annuntiatio
1015 2452 1156 2532 Virginis,
1186 2455 1366 2536 Epiphania,

121 2549 331 2634 Transfiguratie
348 2556 477 2628 Domini,
500 2557 691 2617 Resurrectio
707 2556 821 2628 Lazari,
844 2557 920 2617 leste
935 2555 1114 2630 Palmarum,
1137 2558 1222 2635 Ligni
1240 2560 1367 2620 Sanctae

122 2651 210 2728 lucis,
243 2658 494 2730 Resurrectionis,
525 2658 730 2729 ascensionis,
755 2658 959 2730 Pentecosles,
980 2659 1203 2737 Assumptionis
1227 2659 1366 2739 Virginis.

120 2751 148 2815 la
165 2759 347 2839 Nicephorus
370 2758 510 2820 Callistus
532 2759 739 2838 Xanthopulus
763 2759 895 2820 carmine
918 2759 1091 2839 complexus
1113 2769 1159 2822 est

346 2856 393 2922 Τὸ
409 2860 513 2944 χαῖρε,
535 2862 567 2922 Γ
565 2857 650 2937 iove,
672 2855 816 2941 Συμεὼν,
835 2851 1011 2945 Ἰορδάνης,

345 2954 531 3043 Θαβώριον,
553 2955 724 3044 Λάζαρος,
746 2956 847 3035 Βαΐα,
875 2954 981 3036 ξύλον,

334 3053 494 3145 ’Ἐγερσις
516 3052 620 3144 ἄρσις,
642 3064 781 3143 Πνεῦμα
800 3056 858 3124 καὶ
878 3053 976 3144 κόρης
996 3056 1109 3143 μόρος.

119 3157 252 3227 lluraltius
272 3165 349 3226 haec
366 3167 439 3226 lesia
455 3176 624 3226 enumerat:
647 3165 791 3227 Nativitas
807 3163 935 3235 Domini,
957 3163 1134 3243 Epiphania,
1158 3163 1287 3239 Palmae,
1309 3166 1365 3227 Re·

118 3268 254 3340 surrectio,
277 3267 433 3338 ascensio,
455 3267 642 3339 Pentecoste,
666 3266 916 3344 iratrsliguratio:
954 3265 1158 3340 ennuntiatio,
1181 3267 1366 3341 purificatio,

119 3360 314 3441 Praesentatio,
337 3361 502 3452 Κοίμησις
523 3368 632 3430 Beatae
655 3369 794 3445 Virginis
816 3367 962 3428 Exaltatio
987 3367 1101 3429 Crucis.
1112 3367 1132 3443 ¹)

183 3471 218 3532 llt
250 3488 331 3532 nunc
364 3479 419 3540 est,
453 3488 559 3531 omnes
582 3470 652 3530 anni
676 3468 852 3530 testivitates
874 3469 1097 3547 distinguuntur
1121 3469 1266 3550 tripartita
1290 3469 1366 3547 lege.

117 3565 176 3632 Sunt
194 3572 374 3644 maiores,
398 3571 544 3632 mediae
566 3580 596 3632 et
618 3571 800 3632 minores.
834 3569 964 3632 Omnino
987 3580 1182 3631 numerantur
1202 3571 1266 3631 XCl
1289 3572 1365 3643 testa

117 3667 168 3744 lori,
199 3673 229 3734 in
264 3674 372 3753 quihus
405 3672 535 3752 populns
564 3672 688 3734 feriatur
716 3690 731 3732 a
760 3670 888 3751 negotiis
912 3669 1040 3751 publicis
1063 3671 1211 3733 cccxcv
1234 3671 1299 3733 dies
1323 3671 1365 3734 ie·

114 3768 209 3852 iunii.²)

109 3912 162 3925 h*-
168 3919 392 3928 -.--·—-——-

183 3997 207 4056 l)
234 3995 334 4046 llichael
353 3995 438 4060 Glpcas
456 4009 497 4045 sex
516 4003 640 4044 enumerat
659 3996 798 4044 festivitates
816 3993 976 4057 principales:
1002 3991 1124 4048 llatiritae,
1150 3991 1295 4054 baptismus,
1320 3993 1365 4041 Pa-

108 4091 205 4143 usceue,
224 4081 385 4142 Resurrectio,
411 4079 535 4139 Ascensio,
562 4079 710 4128 Pentecoste.
746 4080 779 4129 Ex
796 4078 841 4128 clia
861 4077 913 4139 lege
932 4060 1102 4127 discebantur
1128 4070 1222 4140 ἑορταὶ
1239 4071 1366 4124 deoaeri-

105 4162 153 4228 καὶ,
168 4164 368 4231 θεομρτορικαί
382 4174 405 4214 et
422 4164 477 4213 τῶν
493 4155 590 4228 ἁγίων.

180 4249 206 4308 2)
232 4250 314 4299 Servat
349 4249 450 4299 ecclesia
474 4250 619 4298 Graecorum
654 4248 785 4296 orthodoxa
815 4255 885 4310 atque
920 4253 1000 4294 sectae
1035 4245 1064 4293 ab
1094 4260 1120 4294 ea
1150 4243 1262 4305 avulsae,
1296 4244 1365 4294 annis

105 4333 197 4397 singulis
216 4335 303 4384 ieiunia
322 4342 432 4399 quatuor.
468 4332 532 4382 later
551 4348 610 4396 quaa
630 4333 744 4396 primum,
762 4333 804 4381 toti
823 4331 938 4380 ecclesiae
957 4344 1092 4389 commune,
1111 4329 1208 4379 tliesllL
1225 4327 1367 4389 complecti·

105 4427 136 4487 lap
162 4420 187 4469 in
210 4419 329 4469 honorem
348 4417 529 4482 quadragenarii
548 4419 625 4481 ipsius
645 4417 732 4466 Christi
752 4416 845 4465 Domini
864 4416 886 4464 in
906 4415 1027 4478 evangelio
1046 4416 1161 4478 expressi.
1196 4414 1221 4474 b)
1248 4413 1364 4465 ieiunium

104 4504 211 4566 illerum,
229 4504 294 4569 quael
312 4519 325 4554 a
342 4502 464 4555 Natiritete
482 4503 578 4554 llomini
597 4517 685 4553 nomen
704 4501 815 4564 obtinuit,
833 4501 926 4552 clericis
944 4509 968 4551 et
985 4500 1053 4552 laicis
1071 4498 1171 4565 aequale
1189 4512 1238 4551 nan
1256 4504 1306 4549 est:
1329 4497 1368 4548 llis
