3044 4912
660 250 729 325 561

116 435 178 498 τοῦ
201 431 312 510 δεξιοῦ
331 432 464 518 μέρους.
495 428 533 499 ‘0
556 431 594 500 δὲ
612 429 859 560 χαρτοφίλυξ’)
887 432 1005 503 ἀετοῦ
1036 433 1212 528 ἀριστεροῦ
1234 441 1335 510 δίδω-

105 559 112 588 i
134 528 225 621 αὐτῷ
245 529 366 622 χάρτην
388 523 472 601 ἐν
445 557 471 621 φ
492 534 687 622 χίχραπται,
710 532 742 604 τί
761 534 823 621 μὲν
843 533 1051 628 πατριάρχης
1071 538 1161 608 ἐστίν
1183 537 1202 610 6
1226 567 1335 633 χειρο-

105 640 175 716 νιῦν,
195 641 316 701 ταῦτα·

151 736 271 836 Ψήφῳ
301 738 366 813 καὶ
397 736 599 836 δοκιμασίᾳ
624 746 702 814 τῶν
727 735 941 838 ἱερωτάτων
965 751 1247 839 μητροπολιτῶν
1271 746 1335 822 καὶ

105 837 360 936 ιχιεπισκόπων
402 869 466 914 και
507 840 726 915 ἐπισκόπων.
778 854 822 924 Εἰ
848 854 887 925 δὲ
913 854 1177 972 μητροπολίιῃς,
1211 866 1333 930 ταυτα·

105 941 186 1040 ηφῳ
211 971 274 1015 και
262 941 500 1039 δοκιμασίᾳ
525 950 604 1017 τιῦν
628 941 967 1041 θεοφιλεστάτων’
952 942 1161 1020 επισκόπων
1176 948 1335 1024 καὶτῶν

106 1041 279 1118 ιωτάτων
313 1045 586 1172 πρεσβυτέρων.
594 1045 617 1141 2)
666 1043 717 1118 Ἡ
747 1045 837 1120 θεία
868 1042 999 1174 χάρις,
1032 1045 1056 1143 ἡ
1092 1042 1250 1123 ποίντοτε
1285 1050 1334 1124 τὰ

105 1149 207 1241 νθενῆ
233 1143 508 1243 θεραπεύουσα,
534 1146 598 1220 καὶ
622 1145 669 1220 ool
696 1145 908 1222 ἐλλείποντα
936 1148 1216 1244 ἀναπληροῦσα,
1241 1179 1331 1249 προ-

105 1246 256 1344 ιρίζεται
288 1246 357 1322 τὸν
389 1247 506 1336 δεῖνα,
539 1248 607 1323 τὸν
632 1248 923 1346 θεοφιλέστατον
956 1250 1271 1347 πρεσβύτερον,ἒ
1273 1252 1334 1326 πί-

105 1379 202 1427 σπον
226 1357 291 1445 τῆς
316 1345 533 1423 θεοσαίσταυ
558 1347 709 1438 πόλεως,
734 1349 852 1446 τῆςιίε.
908 1349 1118 1445 autument
1145 1348 1214 1427 οὖν
1239 1351 1333 1482 ὑπὲρ

105 1459 194 1538 ίτσῦ,
229 1453 292 1524 ἵνα
325 1453 418 1546 ἔλθη
450 1452 507 1524 ἐπ’
539 1449 701 1526 αὐτὸν
678 1482 702 1590 η
726 1450 836 1549 χοίρις
860 1459 929 1527 τοῦ
954 1452 1141 1581 παναγίσυ
1166 1451 1334 1548 πνεύμα-
1420 1452 1422 1457 ’

126 1566 256 1634 Kal
279 1590 313 1634 οι
333 1591 393 1634 του
377 1563 566 1653 ’βήματος
588 1592 646 1635 και
667 1592 701 1635 οι
688 1563 816 1649 ιἀκτίς
835 1568 875 1636 τὸ
909 1550 1024 1652 Κύρίδ
1049 1555 1221 1653 ἐλέησον»
1251 1568 1333 1659 τρίς.

105 1668 314 1753 τιδιῦομένου
335 1665 446 1735 τοίνυν
465 1675 526 1735 τοῦ
545 1665 701 1736 τοιούτου
720 1667 844 1758 χάρτου
865 1676 913 1759 τῷ
935 1666 1088 1782 ἀρχιερεῖ,
1111 1671 1241 1740 καὶτοῦ
1254 1697 1335 1796 χαρ-

105 1767 285 1861 φύλακοςῆ
299 1795 358 1837 του
343 1764 604 1858 ἀρχιῦιακόνου
623 1769 831 1855 λέγοντος
796 1794 835 1837 το
861 1757 1149 1854 Πρόσχωμδν,(
1131 1769 1335 1863 σάρχιερεὺς
1379 1779 1381 1783 ’

105 1869 277 1960 αχινιίοκει
298 1897 341 1938 τα
327 1867 620 1994 χεχραμριένα’
590 1894 638 1950 εις
659 1868 805 1959 ἐπήκοον
824 1879 890 1940 τῶν
912 1872 1151 1998 περιεστώτων,
1177 1877 1234 1944 καὶ
1247 1873 1335 1944 ποίν-

105 2000 126 2040 ν
148 1971 346 2064 φωνούντων
365 1973 405 2039 τὸ
436 1957 550 2055 Κύριε
574 1957 792 2054 ἐλέησον,ι
768 1998 813 2052 ως
833 1971 1148 2062 προδεδήλωται,’
1128 1973 1335 2044 ἀναπτύσσει

121 2070 351 2161 eaioyye'lcov‘
333 2100 352 2141 ο
375 2070 551 2161 ἀρχιερεύς,
573 2072 630 2142 καί
651 2071 830 2164 ἐπιτίθησι
848 2082 888 2165 τῇ
909 2077 1038 2166 κεφαλῇ
1051 2077 1107 2144 καί
1121 2102 1169 2166 opi
1153 2073 1334 2166 τραχήλῳ

105 2182 121 2243 ῦ
145 2175 448 2263 χειροτονουμένου,
478 2174 780 2263 συνεφαπτομένου
806 2175 863 2244 καὶ
889 2182 954 2243 τῶν
982 2171 1092 2245 ἀλλων
1114 2173 1302 2267 ἀρχιερέων.
1310 2182 1333 2260 ³)

105 2303 147 2346 τα
173 2303 282 2344 ποιων
309 2277 470 2399 στερροὺς
495 2282 584 2364 τρεῖς
604 2274 665 2344 ἐπὶ
686 2282 744 2364 τῆς
765 2279 913 2367 κεφαλῆς
935 2274 1046 2359 αὐτοῦ,
1075 2279 1133 2347 καὶ
1154 2276 1236 2363 ἔχων
1257 2280 1336 2349 ἐπι-

105 2375 276 2467 ιμένην
236 2385 325 2467 αυτῷ
346 2379 405 2467 τὴν
425 2384 529 2465 χεῖρα,
552 2370 681 2461 εύχεται
703 2375 818 2458 οὕτως.

147 2483 316 2558 Δέσποτα
343 2479 505 2580 Κύριε
490 2512 509 2556 ο
539 2479 677 2564 Θεὸς
656 2489 779 2609 ημῶν,
816 2481 836 2556 6
863 2479 1173 2580 νομοθετήσας“
1152 2490 1244 2580 ηιιῖν
1270 2483 1334 2561 lc&

107 2592 131 2659 ὕ
164 2581 411 2710 πανευφήμου
446 2609 515 2658 σου
542 2579 749 2658 ἀποστόλου
776 2581 948 2674 Παύλου,
982 2587 1155 2682 βαθμῶν
1179 2585 1243 2660 καὶ
1267 2616 1335 2661 τα-

105 2683 221 2760 ιοίτων
257 2684 363 2770 τάξιν
398 2690 448 2769 είς
483 2685 525 2760 τὸ
562 2687 862 2782 εξυπηρετεῖσθαι
901 2716 965 2762 και
999 2694 1224 2791 λειτουργεῖν
1258 2695 1336 2774 τοῖς

151 2910 175 2971 1)
200 2909 373 2970 cancellarius,
398 2912 436 2974 qui
465 2911 495 2959 ab
513 2911 692 2959 commentariis
711 2917 755 2959 eet.
790 2909 933 2959 Simeon:
952 2902 967 2959 6
985 2904 1017 2959 δέ
1035 2902 1067 2958 τά
1085 2907 1140 2958 τῶν
1156 2907 1253 2976 ίερίων
1271 2907 1336 2960 ἐπι-

105 2992 227 3043 treinel
249 2989 373 3041 εῦτακιεῖ
395 2983 507 3048 τούτους
530 2992 577 3041 καλ
595 2991 694 3056 ἐρευνᾷ
710 2985 743 3042 τά
761 2991 826 3056 περὶ
843 2986 946 3041 αὐτῶν·
970 2992 1198 3058 προερχομένους
1220 2987 1334 3052 ἐξετάζει

105 3084 111 3126 t
135 3072 205 3143 πρὸς
228 3071 257 3126 τῦ
281 3076 410 3143 ίεράσῦαι
428 3071 568 3142 προςάγει,
591 3075 639 3125 καλ
656 3069 688 3124 τὰ
705 3074 760 3124 τῶν
776 3066 877 3141 γάμων
895 3077 1022 3141 νομίμως
1037 3075 1176 3143 φροντίζει
1192 3076 1335 3141 γίνεσθαι·

121 3160 176 3210 τιῦν
199 3157 359 3211 ἐπισκόπων
379 3159 408 3210 <tt
433 3161 479 3209 καὶ
497 3155 530 3209 τά
547 3161 602 3209 τῶν
618 3162 736 3224 κρίσεων
753 3155 926 3222 ἐξυπηρετῶν
943 3151 1130 3226 δικαιώματα·
1153 3154 1271 3225 χναίμην
1288 3161 1336 3211 τοῦ

107 3240 197 3312 α’ρχου
213 3245 261 3294 καὶ
277 3241 310 3295 eui
327 3235 513 3314 ὑπομνήματα
532 3238 682 3311 φυλάσσει·
698 3243 746 3292 καλ
762 3242 816 3309 χάρ
834 3239 904 3299 ὅλως
919 3234 937 3305 ἡ
954 3239 1030 3300 ῦεξία
1047 3240 1104 3292 ἐστι
1120 3242 1169 3293 τοῦ
1179 3237 1335 3311 ἀρχιερέως.

150 3331 176 3393 λ)
194 3332 295 3382 Grandis
314 3340 350 3381 est
368 3340 391 3380 et
408 3330 534 3379 sollemnis
553 3331 722 3380 Maronitarum
740 3330 808 3380 rituo.
843 3328 980 3379 Patriarcha
997 3329 1135 3392 genuflectit
1153 3344 1234 3380 eorem
1252 3330 1335 3381 Electa

105 3417 139 3468 ita
164 3417 234 3466 dicit:
260 3416 364 3480 Spiritus
382 3418 483 3466 Sanctus
501 3423 568 3464 vocat
586 3424 617 3475 te,
636 3417 713 3465 ateis
731 3415 865 3479 Episcopus
884 3423 924 3463 aut
942 3413 1091 3478 Metropolim
1109 3429 1154 3477 pro
1173 3415 1226 3464 loco
1244 3414 1272 3464 N.
1306 3415 1336 3465 Et

105 3502 228 3551 collectunt
245 3515 329 3549 omnes
348 3527 380 3536 -
399 3500 485 3549 deinde
504 3501 574 3549 etiam
594 3500 690 3550 Electus
708 3501 811 3564 procidit
828 3499 851 3548 io
871 3500 955 3549 taciem
974 3513 1042 3548 suum
1062 3513 1142 3548 coram
1157 3499 1294 3549 Patriareln
1312 3507 1337 3548 et

105 3589 137 3636 it:
156 3587 286 3636 Consentio
305 3594 328 3634 et
346 3595 453 3649 accepto.

152 3670 178 3731 3)
193 3671 334 3720 Simeon:
358 3696 391 3705 —
410 3666 558 3730 δηλοῦντος
573 3667 623 3716 τοῦ
639 3666 722 3734 ἔρχου
739 3660 776 3724 ὥς
792 3664 841 3717 τόν
859 3659 981 3732 Χριστὸν
998 3663 1054 3730 ἔχει
1071 3658 1204 3730 κεφαλὴν,
1228 3660 1336 3731 κεφαλὴ

105 3770 112 3808 ,-
135 3751 277 3815 ἐκκλησίας
300 3747 450 3821 γενόμενος
472 3753 520 3802 καὶ
542 3744 633 3802 τιάνια
658 3750 690 3802 rei
715 3752 762 3802 τοῦ
780 3751 902 3815 Χριστοῦ
924 3745 1027 3800 errem
1051 3747 1147 3799 τοῦτον
1170 3748 1218 3799 καί
1240 3749 1335 3800 πᾶσαν

105 3851 140 3888 ειν
166 3833 214 3900 τὴν
238 3836 343 3902 γνῶσιν
368 3832 461 3899 αὑτοῦ,
486 3829 523 3893 ὡς
545 3830 662 3902 ἐγχωρεῖ
684 3837 731 3886 καὶ
753 3835 818 3903 περλ
835 3831 865 3886 τὸ
882 3825 1050 3900 ἡγεμονικὸν
1066 3828 1152 3882 αὐτοῦ
1168 3837 1273 3884 τίθεται
1289 3833 1337 3884 καί

107 3936 159 3971 ντα
177 3920 244 3970 νοῦν
261 3920 307 3969 καλ
325 3911 410 3986 λόχον
427 3919 474 3970 καὶ
491 3915 539 3977 τάς
557 3917 700 3983 αέσῦὴσεις
716 3920 821 3971 τυποῦν
838 3918 885 3969 καὶ
902 3916 1044 3987 ῥυθμίζειν
1061 3911 1129 3966 κατά
1149 3915 1272 3987 Χριστὸν
1288 3918 1337 3969 καλ

106 3999 123 4057 6
138 4000 187 4056 τὸν
205 3999 286 4067 ζυγὸν
304 4004 350 4054 τοῦ
363 4005 485 4070 Χριστοῦ
502 4001 606 4069 αὐχένα
623 4004 670 4054 καλ
685 4000 776 4072 μηδὲν
792 3998 921 4070 πράττειν
939 3997 1016 4071 παρὰ
1031 3992 1148 4067 χνιιίμην
1164 3999 1256 4054 αὐτοῦ.
1275 4004 1335 4056 Cod.

105 4093 141 4142 .l.
160 4092 289 4157 p.249sq.
323 4093 401 4141 Latini
420 4092 586 4141 etNeatotioni
606 4091 687 4140 iubent
705 4090 811 4140 codicem
823 4090 986 4153 Evangelieum
1006 4089 1139 4139 ordinando
1158 4089 1249 4153 imponi
1268 4097 1336 4139 anto

105 4193 138 4227 tm
158 4188 251 4226 ceterae
269 4176 462 4225 consecratoriae
481 4192 566 4240 preces
584 4178 727 4226 recitentur:
746 4176 830 4225 Graeci
848 4189 913 4233 uero,
930 4175 991 4237 Syri,
1005 4173 1135 4223 llaronitae
1153 4188 1204 4222 eam
1218 4175 1337 4224 caerimo-

108 4277 131 4311 m
149 4269 200 4311 tum
219 4262 269 4309 lleri
287 4262 462 4323 praescribunt,
482 4271 608 4324 postquam
627 4261 788 4310 Consecratur
807 4275 903 4309 mauurn
922 4261 992 4323 capiti
1011 4259 1138 4308 ordinandi
1157 4259 1280 4320 imposuit,
1298 4260 1335 4308 di-

105 4360 140 4396 is:
160 4345 240 4394 [lirina
258 4347 332 4406 pratia
352 4354 396 4395 etc.
420 4345 556 4396 Nestorieni
575 4345 656 4407 legunt
674 4344 833 4407 exerangelio
845 4345 923 4394 naith.
938 4344 976 4404 to,
988 4342 1094 4393 13-18.
1114 4341 1336 4402 lenutio-17.

105 4430 207 4497 positum
227 4430 378 4491 Euangelium
397 4437 486 4491 tenent,
510 4431 587 4480 donec
614 4445 699 4494 preces
726 4443 811 4479 omnes
838 4431 1005 4494 compleantur
1028 4438 1187 4492 peractaeque
1207 4443 1336 4479 consecra-

105 4517 140 4567 nia
158 4514 318 4580 proclamatio
335 4516 383 4567 liat.
