3044 4912
724 266 793 341 tot

166 444 209 513 Ὁ
232 443 304 514 66‘
294 445 400 535 ιερεύς
419 443 596 531 ἐπεύχεται
617 443 713 536 εὐχὴν
732 454 794 538 τῆς
813 445 944 528 εἷςύδοο
964 448 1022 516 καὶ
1043 445 1092 528 εἷς
1112 447 1151 516 τὸ
1173 445 1341 536 θυμίαμα.

197 567 370 641 Δέσποτα
386 564 489 666 κύριε
507 598 527 642 ο
514 566 672 652 Ηθεδς
651 575 774 665 ημῶν,
800 567 905 665 6767
922 565 1200 697 δαιδικάφαιτον
1218 566 1397 665 λαμπάδα

120 675 198 744 7767
232 665 382 744 δαίδεκα
414 665 634 746 ἀποστόλων
666 666 913 766 ἐκλεξάμενος,
946 670 1008 745 καὶ
1041 669 1296 796 ἐξαποστείλας
1328 671 1395 746 αύ-

79 796 81 801 ’
121 767 219 860 τούς,
247 773 298 846 ἐν
315 771 389 870 ὅλῳ
415 780 468 870 τῷ
494 768 624 869 κόσμῳ
649 768 817 897 κηρύξαι,
850 772 914 847 καὶ
939 769 1151 857 διδάξαι
1114 801 1157 846 το
1183 773 1398 876 εὐαγγέλιον

79 900 82 907 ·
122 881 182 1000 της
204 844 400 970 βασιλείας
425 899 508 963 σου,
541 873 605 948 καὶ
631 870 852 1001 θεραπεύειν
877 870 1003 963 νόσον,
1035 871 1099 947 καὶ
1124 881 1252 950 πᾶσαν
1276 884 1399 970 μαλα

79 1062 82 1079 ,
123 973 206 1049 κίον
231 977 275 1051 ἐν
300 983 354 1072 τῷ
380 983 473 1103 λαῷ,
498 974 561 1049 καὶ
587 972 806 1074 ἐμφυσήσας
831 980 881 1062 είς
905 975 952 1050 τὰ
973 973 1148 1103 πρόςωπα
1167 976 1308 1066 αὐτῶν,
1333 1006 1397 1051 και

79 1092 82 1133 ¹
124 1075 235 1150 εἰπὼν
242 1077 400 1205 αύτοῖς,
425 1074 556 1174 λάβετε
583 1085 729 1174 πνεῦμα
720 1077 964 1207 ἅγιον,
911 1077 954 1152 τὸ
969 1073 1232 1179 παράκλητον
1267 1079 1315 1155 ἄν
1341 1107 1394 1151 77

123 1206 199 1254 νων
232 1178 371 1306 ἀφίετε
395 1178 462 1263 τὰς
494 1177 679 1306 ἁμαρτίας
712 1179 904 1309 ἇιριενται
919 1179 1057 1268 αὐτοῖς,
1090 1181 1139 1255 ἄν
1163 1207 1280 1285 τινων
1304 1208 1397 1276 κρα-
1441 1214 1444 1219 ¹

123 1286 223 1368 τεῖτε,
258 1277 517 1377 κεκράτηνται·
554 1279 672 1365 οὕτως
704 1281 767 1356 καὶ
793 1282 853 1380 ἐφ’
882 1280 981 1378 ἡμᾶς
1005 1279 1094 1365 τούς
1117 1279 1398 1407 περιεστηκότας

124 1380 278 1466 δούλους
304 1408 386 1471 σου,
412 1386 453 1457 ἐν
479 1389 524 1478 τῇ
551 1380 682 1480 ελςόδῳΙ
705 1391 770 1480 τῆς
786 1382 1008 1512 ἱερουργίας,
1034 1383 1101 1467 τὰς
1119 1385 1232 1466 *τοῖς
1249 1377 1395 1457 ἐπισκό-

124 1513 211 1574 ποις,
223 1485 247 1579 ¹)
275 1484 549 1581 πρεσβυτέροις,
575 1455 820 1573 διαιίόνοις,’
800 1513 923 1587 αναγν
924 1481 1071 1573 αίσταις,
1098 1479 1257 1581 ψάλταις
1276 1482 1395 1558 τεκαὶ

126 1593 259 1670 λαΐκοῖς
292 1586 365 1662 σὺν
396 1585 509 1662 παντὶ
541 1593 595 1683 76
628 1584 846 1684 πληρώματι
877 1593 941 1683 τῆς
973 1584 1090 1715 ἁγίας
1106 1588 1308 1682 καθολικης
1332 1583 1395 1660 καὶ

127 1687 362 1783 ἀποστολικῆς
394 1687 599 1784 ἐκκλησίας·
637 1687 791 1783 ῥῦσαι
772 1696 869 1784 ημᾶς
894 1684 996 1783 κύριε
1022 1686 1095 1762 ἀπὸ
1122 1688 1216 1816 ρἰρᾶς
1240 1687 1303 1762 καὶ
1327 1715 1396 1763 κα.-

127 1787 280 1919 ιάραςβ)
314 1789 377 1863 καὶ
409 1789 483 1863 ἀπὸ
516 1790 773 1883 ἀναθίματος,
807 1791 870 1864 καὶ
896 1788 1051 1885 δεσμοῦ,
1077 1789 1141 1863 καὶ
1167 1790 1394 1888 ἀφορισμοῦ,

129 1892 183 1966 καὶ
214 1897 255 1966 ἐκ
230 1899 351 1988 κτῆς
380 1890 534 2019 μερίδος
558 1899 627 1966 τοῦ
654 1891 925 1988 ἀντικειμένου·
959 1891 1022 1964 καὶ
1047 1887 1306 1988 καθάρισον“
1285 1899 1396 1986 ηαῶν

131 1995 168 2067 τὰ
194 1993 297 2090 χείλη
330 1992 392 2067 καί
424 1992 492 2089 τὴν
523 1993 738 2090 καρδίαν’
717 1993 791 2068 απὸ
823 1992 962 2077 παντὸς
987 1999 1196 2090 μολυσμοῦ,
1230 1991 1293 2065 καὶ
1319 1991 1393 2066 ἀπὸ

133 2092 237 2193 πάσης
262 2093 563 2221 ῥαδιουργίαςδ
560 2124 609 2170 να
634 2099 675 2170 ἐν
700 2096 854 2192 καθαρᾷ
881 2092 1018 2191 καρδίηι
1043 2121 1106 2168 και
1093 2092 1284 2220 καθαρῷ
1303 2118 1394 2168 συν-

135 2195 232 2272 ειδότι
265 2195 528 2324 προςφεραιμίν
561 2221 620 2271 σοι
645 2197 689 2271 τὸ
714 2196 896 2292 θυμίαμα
920 2204 1045 2283 τοῦτο,
1078 2195 1170 2278 εἷς’
1154 2192 1275 2290 οσμὴν
1300 2195 1395 2269 εὐαι-

136 2298 215 2389 δίας,
247 2299 310 2373 καλ
345 2300 436 2382 εἰς’
420 2300 555 2397 άφεσιν
579 2298 777 2395 άααρτιῶν
801 2297 922 2394 ἡμῶν,
956 2296 1018 2370 καὶ
1045 2294 1183 2379 παντὸς
1206 2303 1276 2370 τοῦ
1300 2303 1393 2370 λαοῦ

139 2425 203 2490 σου,
226 2398 351 2497 χάριτι
377 2399 439 2475 καὶ
466 2405 678 2529 ολκτξρμοῒς,
705 2399 768 2474 καί
794 2399 1063 2527 φιλανθρωπίᾳ
1083 2405 1151 2472 τοῦ
1165 2404 1395 2526 μονογενοῦς

139 2503 216 2578 οἱοῦ.
265 2512 448 2629 Ἐκφώιως
495 2503 555 2575 Δι’
587 2495 632 2577 οὗ
671 2501 734 2576 καὶ
774 2501 864 2596 μεθ’
902 2493 946 2575 οὗ
983 2499 1041 2575 σοὶ
1074 2499 1096 2596 6
1130 2496 1221 2584 δόξα
1254 2498 1317 2627 κριὶ
1350 2498 1392 2573 τὸ

139 2603 276 2732 κράτος
278 2603 349 2678 067
375 2611 427 2700 τῷ
437 2605 626 2730 παναγίῳ
659 2603 721 2679 καὶ
749 2603 887 2704 ἀγαθῷ
912 2602 975 2676 καὶ
1003 2601 1170 2700 ζωοποιῷ
1197 2597 1393 2698 πνεύματι,

140 2714 195 2780 767
217 2707 279 2781 καὶ
304 2705 448 2780 ἀείκαὶ
473 2712 523 2789 εἰς
547 2707 634 2790 τοὺς
664 2711 804 2789 αλῶνας
828 2712 905 2779 767
932 2701 1092 2780 αἰώνων.
1138 2716 1143 2734 ’

674 2835 712 2906 ‘0
740 2834 832 2918 λαός.

193 2922 315 3023 Ἀμήν.

204 3113 237 3187 V.
271 3110 418 3208 Ὀρθοί.

207 3252 229 3310 1)
246 3252 337 3296 rteettus
356 3246 401 3297 σύν
418 3252 474 3304 τοῖς
490 3249 528 3298 λιι.
600 3248 625 3310 2)
642 3250 698 3294 Editi
717 3263 834 3307 perperam
851 3242 983 3312 καθάρας.

550 3090 555 3100 „
638 3018 675 3090 Ὁ
698 3017 862 3103 διάκονος.

139 3363 423 3378 ᾕ--η-

204 3437 257 3487 Βιε.
277 3437 358 3487 Orotio
373 3438 456 3487 thuris.
478 3437 632 3487 Oscuiobitur
647 3436 766 3485 Sacerdos
785 3444 856 3499 caput
874 3434 1006 3485 sacerdotis
1025 3433 1191 3491 ministrantis,
1216 3432 1279 3496 quod
1299 3432 1319 3481 si
1337 3433 1390 3481 iue-

137 3519 158 3569 rit
172 3536 220 3571 rum
239 3532 273 3572 eo
287 3523 377 3582 socius,
403 3523 551 3572 osculabitur
569 3521 657 3584 quados
676 3519 757 3570 aitaris
777 3520 957 3583 ascendensque
985 3517 1133 3568 osculabitur
1156 3518 1272 3565 attornet
1291 3515 1391 3578 accipiet

135 3608 250 3657 navionbam
275 3607 351 3657 thuris
376 3615 400 3656 et
423 3607 528 3656 adolebit
552 3606 685 3654 incensum.
721 3604 835 3654 Ordinem
855 3603 894 3668 qui
913 3603 942 3652 de
960 3605 1058 3653 incenso
1076 3602 1212 3665 vespertino
1232 3598 1336 3662 scriptus
1354 3605 1391 3647 est

134 3690 262 3753 observabit,
289 3693 416 3757 quinquies
435 3691 544 3741 addendo
563 3699 586 3740 et
606 3691 642 3739 bis
660 3690 764 3753 peractis
782 3688 844 3737 dicet
862 3687 980 3738 Sacerdos
998 3687 1130 3736 orationem
1150 3690 1297 3747 sequentem.
1326 3683 1390 3731 Deus

132 3782 215 3826 aeterne
249 3777 340 3840 absque
365 3776 484 3840 principio
511 3783 555 3825 etc.
601 3774 716 3824 circuibit
739 3772 814 3822 ιλιιιι
839 3786 891 3822 cum
917 3773 1015 3820 incenso
1039 3769 1129 3828 semei,
1154 3767 1303 3817 oscuiahitur
1331 3765 1391 3816 ittet

79 3914 81 3937 Ι
131 3857 296 3926 decenterque
315 3861 380 3910 laeto
405 3861 480 3925 pede;
504 3873 588 3910 versus
612 3859 728 3909 orientem
747 3858 819 3906 stabit
836 3871 849 3906 e
867 3857 965 3918 regione
984 3855 1074 3914 ultoris,
1100 3853 1253 3916 adolebitque
1271 3852 1326 3900 thos
1345 3859 1390 3911 ter,

131 3946 204 3996 eedem
225 3946 309 3996 dicens
328 3960 389 4009 quae
408 3944 491 4009 prius:
515 3953 564 3994 tum
584 3943 744 3994 Petu-iorchem
763 3944 784 3991 si
803 3941 864 3991 odsit
882 3942 1017 3990 incensabit
1034 3953 1144 3989 seorsum
1162 3937 1192 3987 ab
1211 3935 1278 3985 abiis:
1303 3935 1390 4000 quodsi

130 4027 220 4081 abtnesit
238 4029 304 4080 dabie
322 4032 445 4080 incensum
464 4028 639 4088 sacerdotibus,
659 4042 706 4078 noo
726 4028 788 4077 abiis.

200 4115 268 4166 deth.
288 4114 406 4165 Sacerdos
425 4114 481 4164 dicit
499 4115 632 4163 orationem
651 4112 749 4162 incensi.
771 4111 814 4161 iiio
832 4106 933 4174 imporiit
951 4109 1083 4168 incensum,
1102 4107 1222 4170 simulque
1240 4120 1389 4156 commemo·

127 4207 157 4248 ret
173 4208 249 4261 ortus,
268 4200 361 4249 dierum
381 4207 404 4249 et
422 4198 525 4249 noctium
547 4207 570 4248 et
588 4197 707 4247 novilunio
726 4205 749 4246 et
767 4196 844 4245 festos
863 4195 922 4244 dies.
944 4193 1008 4242 tacit
1026 4181 1097 4241 etism
1116 4191 1257 4241 memoriam
1276 4192 1389 4252 tironum,

129 4290 168 4334 tun
185 4286 257 4336 dicit:
275 4284 435 4335 Benediootur
449 4285 518 4333 Pater
538 4284 691 4347 omnipotens
710 4288 754 4331 eto.
792 4281 856 4330 Deus
874 4287 956 4331 noster
974 4279 998 4326 in
1017 4286 1140 4328 oeternum
1159 4283 1204 4325 etc.
1233 4275 1291 4324 Dum
1310 4274 1390 4324 adolet

128 4364 255 4421 intensum:
275 4369 344 4420 saue
362 4378 443 4418 sancts
462 4368 573 4429 ecclesia,
592 4367 752 4416 habitaculum
772 4367 847 4430 pecie,
865 4364 933 4414 Saite
953 4365 1020 4426 Virgo
1039 4363 1119 4424 biania,
1145 4368 1222 4411 meter
1240 4360 1295 4410 oet:
1320 4366 1345 4409 tu
1363 4372 1390 4409 es

129 4450 264 4506 duritatem
283 4468 392 4514 eureum,
411 4468 472 4518 queo
490 4453 619 4503 carbonem
638 4453 737 4514 ignitum
756 4451 857 4515 portasti
873 4457 921 4500 eto.

201 4540 260 4605 Cap.
279 4538 305 4589 t.
340 4538 388 4590 leo.
407 4554 426 4590 ο
440 4538 478 4589 to.
514 4537 732 4590 ttenuldotius
751 4535 767 4586 l.
779 4552 799 4587 o.
817 4533 965 4602 p.3d5sq.:
984 4534 1053 4596 „Hoc
1070 4531 1125 4586 Ιοιο
1145 4546 1193 4584 σοι
1212 4530 1348 4596 assignetur
1364 4527 1388 4579 in
