3044 4912
822 267 897 341 tos

226 455 286 520 der
309 457 429 536 beugen,
459 473 493 517 so
516 463 600 536 supet
621 457 669 517 αἰι
684 452 775 531 jeder
796 472 838 515 zu
859 454 924 516 siclo
945 453 1037 517 oeldst
1059 472 1100 516 an
1121 453 1254 534 plclcier
1275 452 1342 516 leit
1361 457 1414 517 nit
1432 453 1480 517 dm
1509 509 1513 519 .

228 556 315 619 Votlre
337 560 370 618 in
393 557 446 619 der
467 554 578 618 Klrche
600 555 657 616 dea
679 553 881 618 Ntcuctocten
903 554 1049 617 Glandea.

310 656 533 738 Capllellll.
578 656 878 720 Praelatiocum
903 655 1322 737 Hymnolriumpheli.
1361 656 1513 721 Ottrae.

226 760 319 841 quillo
348 769 378 821 et
409 767 517 839 pacato
544 756 644 821 animo
668 757 888 819 consecrationi
912 757 1043 838 populus
1064 757 1208 827 attendat,
1242 758 1278 819 ad
1303 774 1408 839 pacem
1426 777 1477 821 eun
1508 776 1514 847 ζ

223 862 374 927 Diaconus
396 860 548 925 hortatur:
572 860 693 930 etenim,
716 867 749 922 ut
770 867 819 920 est
839 859 916 938 apud
934 859 1103 922 Cahasilam
1125 857 1364 944 πραςφὲραμεν
1382 851 1478 940 εἰμί

223 983 280 1026 νον
305 953 375 1043 μετ’
399 954 538 1046 εἰρήνης,
560 952 630 1023 ἀλλ’
649 951 751 1044 αὐτήν
771 951 901 1044 εἰρήνην
923 951 996 1023 dari
1018 954 1126 1044 δώρου
1147 956 1204 1024 καί
1223 955 1354 1036 θυσίας
1374 954 1478 1044 ἑτέρας
1508 954 1514 971 “

225 1064 417 1145 Quapropter
450 1065 580 1144 populus
614 1061 793 1142 respondet:
828 1053 941 1125 ἰίαιον
973 1055 1103 1148 εἰρήνης
1132 1056 1258 1127 θυσίαν
1285 1053 1476 1141 αἰνέσεωςί

224 1161 263 1228 δὲ
285 1158 377 1240 ἔλεος
398 1157 539 1251 γέννημαί
560 1159 632 1228 ἐστι
652 1164 711 1247 τῆς
731 1155 871 1244 βεβαίας
891 1160 949 1227 καὶ
967 1160 1122 1248 καθαρὰς
1142 1157 1284 1249 εἰρήνης.

309 1267 458 1328 Praelatio
487 1265 567 1345 apud
597 1265 728 1327 Graecos
758 1263 897 1327 omnihus
919 1264 1030 1337 Missis,
1060 1264 1195 1344 neglecta
1224 1267 1376 1346 temporis
1402 1275 1429 1329 et
1446 1266 1477 1328 le·

215 1378 340 1435 storum
368 1367 512 1430 varietate
541 1384 600 1428 una
629 1365 793 1446 eademque
816 1375 871 1427 est.
915 1365 1384 1448 heraldotiust.c.11.p.te:
1414 1367 1477 1429 llaec
1511 1444 1514 1449 ι

226 1469 322 1532 oratio
352 1467 516 1548 respondet
537 1467 720 1529 Praelationi
750 1476 881 1538 nostrae,
911 1486 987 1547 quae
1016 1479 1049 1530 ut
1076 1468 1147 1530 olim
1170 1468 1280 1531 nrultas
1304 1469 1479 1550 diversasque

226 1572 338 1632 formas
359 1568 473 1641 hahuit,
496 1569 536 1631 ita
561 1568 870 1648 quoqueOrienlales,
893 1570 1020 1634 maxime
1041 1589 1111 1632 vero
1135 1571 1165 1632 in
1188 1571 1323 1650 Syriacis
1344 1572 1477 1651 hiturgiis.

225 1671 365 1750 Singulae
389 1673 501 1752 quippe
522 1670 660 1751 proprias
693 1669 813 1742 hahent,
851 1688 975 1749 quarum
1007 1672 1084 1734 aliae
1118 1672 1270 1735 breviores
1305 1685 1392 1746 eunt,
1422 1692 1476 1754 pre
1512 1756 1514 1761 s

226 1773 347 1835 liriores
377 1773 463 1834 allae.
509 1772 648 1834 Omnium
678 1782 776 1834 tamen
805 1790 862 1834 una
892 1784 937 1834 est
966 1774 1131 1845 sententia,
1159 1792 1270 1853 nempe
1299 1785 1335 1838 ut
1361 1775 1478 1838 laudetur

225 1875 306 1938 Oeus
335 1875 371 1936 ah
396 1874 520 1935 infinitis
543 1874 607 1935 suis
630 1873 844 1935 inhumanum
868 1891 961 1951 genus
984 1874 1149 1942 beneficiis.
1179 1879 1346 1950 creatione,
1374 1895 1476 1940 oonsu-

225 1977 345 2039 vatione
374 1986 444 2056 post
471 1975 576 2038 hdami
603 1984 776 2055 peccatum,
809 1975 996 2038 institutione
1033 1996 1086 2056 per
1113 1978 1223 2055 Legem
1252 1989 1283 2040 et
1311 1979 1476 2061 Prophetas:
1513 1960 1514 2041 f

225 2078 370 2140 missione
391 2077 446 2138 lilii
469 2077 505 2139 ad
528 2077 656 2139 salutem
678 2076 770 2139 totius
793 2076 906 2148 mundi,
935 2077 1069 2140 eiusdem
1093 2079 1122 2140 in
1145 2079 1234 2140 terris
1256 2079 1475 2160 dispensatione,

224 2180 378 2261 passione,
400 2188 506 2252 morte,
528 2180 761 2251 resurrectione,
784 2178 1007 2258 praedicatione
1030 2179 1184 2259 Evangelii
1207 2200 1261 2260 per
1283 2183 1477 2262 Apostoloset

224 2280 379 2343 Ecclesiae
400 2281 584 2342 fundatione.
631 2280 713 2342 Unde
735 2279 872 2341 laudatus
893 2278 929 2341 ab
952 2281 1073 2358 Angelis
1095 2291 1141 2343 est
1163 2282 1289 2344 coelesti
1314 2285 1395 2347 omni
1415 2280 1476 2345 mili·

225 2383 275 2455 tia,
307 2402 364 2463 qua
392 2381 553 2443 occasione
580 2401 673 2462 saepe
695 2381 732 2444 de
754 2381 815 2443 illis
837 2382 928 2443 multa
952 2380 1101 2457 dicuntur,
1132 2384 1370 2466 terminaturque
1392 2384 1475 2447 Oratio

225 2503 280 2565 per
312 2485 453 2562 hymnum
486 2483 707 2562 triumphalem,
740 2483 877 2546 Sanctus.
922 2483 1004 2545 Talis
1038 2493 1085 2545 est
1110 2485 1335 2548 Praelatlonum
1365 2486 1476 2550 omniun

227 2587 406 2647 Graecarum
430 2594 460 2644 et
482 2584 678 2646 Orientalium
702 2584 873 2663 dispositio,
903 2585 1016 2665 absque
1040 2586 1110 2656 ullo,
1141 2597 1351 2668 praeterquam
1374 2608 1408 2651 ex
1428 2606 1476 2648 rer·

225 2685 333 2745 horum
364 2684 460 2764 copia,
489 2685 673 2756 discrimine,
698 2698 727 2747 et
750 2688 829 2766 qnod
847 2706 952 2749 omnes
977 2691 1135 2767 gratiarum
1158 2690 1307 2751 actionem
1332 2692 1476 2753 continent

227 2797 257 2847 et
284 2786 315 2845 in
347 2786 486 2864 hymnum
510 2787 719 2865 triumphalem
743 2789 892 2859 desinunt,
922 2790 1037 2851 Latinis
1061 2809 1095 2851 ea
1119 2790 1148 2850 in
1172 2802 1257 2869 parte
1280 2793 1393 2854 similes
1416 2801 1477 2853 sunt.

226 2893 264 2946 At
293 2888 417 2948 istorum
446 2888 502 2948 alia
533 2889 655 2950 omnino
684 2890 760 2950 ratio
791 2901 846 2951 est.
892 2892 974 2951 Patet
1005 2893 1084 2953 enim
1115 2911 1150 2952 ex
1174 2892 1241 2971 ipso
1265 2894 1380 2955 dlissali
1402 2892 1477 2955 reteri
1512 2898 1514 2947 t

228 2988 420 3066 Gregoriano,
453 2989 621 3068 singulares
650 2991 863 3055 Praelationes.
891 3011 951 3052 non
980 2994 1069 3054 modo
1099 2995 1183 3053 lestis
1212 2996 1402 3075 praecipuis,
1432 3007 1478 3055 tun

226 3091 380 3151 memoriis
402 3102 572 3153 sanctorum
597 3092 794 3164 celebrandis,
817 3095 870 3154 sed
894 3094 1057 3155 [lominicis
1080 3096 1214 3172 singulis,
1238 3097 1368 3177 aliisque
1390 3096 1480 3158 diebus

227 3191 322 3251 luisse
345 3193 520 3266 destinatas,
549 3196 579 3255 in
609 3194 717 3274 quihus
740 3195 776 3255 de
800 3197 948 3273 mysteriis
972 3196 1057 3275 ipsis,
1088 3198 1245 3276 quaerite
1269 3199 1387 3261 solenni
1409 3217 1480 3259 reco·

226 3291 373 3364 lebantnr,
404 3307 435 3355 ut
463 3296 553 3355 etiam
583 3296 619 3356 de
648 3306 817 3356 sanctorum
847 3298 922 3357 actis
952 3298 1092 3360 nonnulla
1122 3300 1343 3373 inserebantur,
1367 3301 1482 3363 adeunt

227 3395 399 3473 quotidiana
417 3414 511 3475 prope
527 3396 605 3457 soret
618 3397 836 3458 Praelatlonum
854 3401 987 3459 mutatio.
1011 3401 1055 3461 cl.
1071 3401 1144 3462 Cod.
1158 3402 1215 3461 Lit.
1232 3402 1256 3463 l.
1273 3405 1354 3481 p.29
1366 3423 1410 3482 sq.
1424 3406 1484 3465 131.

226 3495 321 3558 Aliam
352 3498 506 3576 utriusque
537 3497 684 3560 ecclesiae
714 3499 944 3579 discrepantiam
970 3504 1106 3578 agnoscit
1128 3503 1248 3565 Nealius
1273 3504 1303 3563 in
1329 3506 1484 3584 prolixitate

226 3599 366 3660 orientali
389 3618 423 3660 ac
446 3597 713 3661 brevitateLatina.
744 3601 923 3661 Praesertim
948 3604 1132 3665 recentiores
1157 3604 1252 3682 tetigit
1274 3609 1485 3686 praelationes

224 3720 293 3761 nam
323 3701 441 3761 hlissale
471 3702 628 3762 Gothicum
665 3712 695 3762 et
721 3703 908 3763 llozarahum
944 3704 1120 3782 longissime
1156 3708 1285 3769 excurrit
1319 3710 1486 3788 praefando.

225 3801 384 3862 Praeterea
409 3803 555 3863 Sacerdos
578 3803 702 3864 Latinus
725 3821 797 3864 voce
820 3806 900 3881 gravi
924 3825 958 3867 nc
981 3808 1093 3882 grande
1117 3809 1234 3869 sonanti
1250 3809 1393 3873 decantat
1408 3813 1487 3873 Prae·

225 3902 379 3973 lationem,
404 3914 434 3964 ut
456 3903 492 3963 ab
516 3905 655 3965 omnibus
678 3905 773 3966 audiri
791 3908 895 3984 possit,
920 3908 1050 3968 Graecus
1067 3929 1132 3970 earn
1149 3909 1276 3988 perlegit
1288 3916 1463 3989 μυστικῶς.

313 4005 395 4076 Quae
423 4004 560 4083 leguntur
588 4007 619 4066 in
642 4007 716 4067 fine:
745 4000 878 4089 ᾅδοντα,
909 4010 1050 4087 βοῶντα,
1079 4004 1258 4092 κενραγότα
1280 4009 1339 4074 καί
1361 4010 1492 4098 λέγοντα

227 4124 286 4167 non
311 4106 468 4184 designant
491 4118 619 4187 quatuor
640 4108 741 4168 mundi
766 4108 921 4180 elementa,
946 4122 977 4171 nt
1000 4113 1150 4173 nonnullis
1168 4114 1289 4192 placuit,
1314 4134 1414 4196 neque
1432 4137 1491 4178 cac-

226 4208 285 4267 lum
315 4207 343 4266 in
368 4220 495 4286 quatuor
517 4209 618 4287 plagas
642 4209 779 4282 divisum,
803 4211 855 4272 sed
879 4223 1014 4289 spectant
1038 4215 1072 4273 ad
1091 4216 1310 4293 quadriformes
1323 4218 1494 4287 Clrernhim,

227 4327 352 4386 quorum
376 4310 488 4370 mentio
512 4312 545 4370 lit
567 4310 597 4370 in
621 4313 778 4391 scriptura.
824 4312 924 4392 ltaque
948 4327 1028 4375 recte
1053 4318 1232 4378 Germanus:
1258 4311 1387 4403 ᾇόοντά
1411 4317 1497 4385 ἐστιν

226 4402 244 4473 ὁ
267 4401 379 4484 ἀετός·
406 4405 536 4491 βοῶντα
558 4406 646 4474 ἐστιν
668 4405 686 4475 ὁ
708 4415 803 4492 βοῦς·
831 4408 1010 4498 κεκραγότα
1033 4409 1051 4479 ὁ
1073 4411 1171 4479 λεών·
1200 4415 1255 4482 καί
1278 4417 1420 4504 λέγοντα
1442 4414 1499 4487 do-

223 4511 376 4591 θρωπος.
