3044 4912
731 232 805 306 286

130 429 178 482 ter
199 419 322 482 Missam
344 422 483 479 tenentur
504 415 695 497 potissimum
717 418 753 480 ad
776 436 882 499 preces
895 418 1088 498 Vespertinas
1111 423 1142 480 et
1162 416 1323 480 hlatutinas
1342 418 1402 480 llo·

131 520 288 583 minicales
312 529 342 582 et
362 518 494 580 festivas.
504 518 525 595 ¹)
567 519 607 580 Et
627 537 709 592 sane,
732 530 766 581 ut
786 520 830 582 ait
851 519 985 582 lsidoms
1007 519 1058 594 (de
1079 519 1163 582 ollio.
1185 517 1295 580 eccles.
1312 521 1399 595 1‚to)

131 622 288 702 utriusque
309 620 402 683 offleii
424 618 513 681 etiam
538 638 573 682 ex
594 621 688 682 veteri
709 628 888 684 testamento
911 619 1067 683 sollemnis
1090 631 1138 682 est
1159 619 1332 682 celebratio.

216 740 328 802 Eodem
351 738 414 801 lere
436 747 523 819 pacto
538 738 722 800 Breviarium
736 739 902 801 Romanum
924 739 983 802 hoc
1003 747 1107 801 nostra
1131 746 1229 801 aetate
1247 738 1392 800 recitatur:

131 842 294 921 iunguntur
316 841 408 902 horae
429 858 465 903 ex
487 839 709 902 decantantium
743 840 956 902 commoditate
984 840 1025 902 ita
1056 839 1144 902 utin
1175 839 1392 903 cathedralibus

130 942 269 1006 ecclesiis
301 942 349 1004 his
371 942 547 1024 plemmque
570 941 749 1003 conveniant
770 942 806 1003 ad
828 942 960 1004 officium
982 942 1224 1022 persolvendum,
1257 941 1392 1004 matutino

131 1045 266 1125 tempore
294 1053 324 1106 et
350 1042 534 1124 vespertino.
578 1042 700 1105 Accedit
727 1061 762 1104 cx
790 1043 949 1106 multomm
971 1043 1223 1106 monasteriorum
1244 1042 1311 1122 lege
1332 1061 1393 1105 con·

131 1155 237 1208 ventus
270 1153 446 1207 nocturnus.
488 1144 563 1205 ltem
584 1144 683 1204 llorae
712 1144 854 1218 minores,
890 1145 1001 1219 Tertia,
1034 1146 1132 1218 Sexta,
1166 1145 1252 1207 Nona
1283 1144 1394 1224 saepius

130 1249 266 1328 proxime
289 1256 356 1309 ante
377 1246 498 1307 Missam
530 1253 696 1308 cantantur.
742 1246 872 1307 Omnino
902 1245 1061 1325 imaginem
1090 1245 1226 1308 uidemus
1260 1245 1395 1308 eriarii

130 1349 257 1411 Romani
280 1348 310 1409 in
334 1348 514 1409 Graecomm
537 1347 758 1426 Horologio.
787 1347 883 1409 Etiam
900 1347 1005 1409 Graeci
1020 1347 1111 1409 Horis
1133 1349 1299 1410 sollemnes
1315 1365 1396 1428 quas·

131 1450 199 1511 dam
222 1459 251 1511 et
274 1457 367 1509 statas
388 1449 533 1510 formulas
554 1447 789 1529 praemittunt.¹)
832 1448 927 1509 Porro
945 1449 1092 1511 Horarum
1115 1467 1236 1511 suarum
1259 1449 1352 1511 rohur
1371 1454 1397 1509 et

131 1552 349 1612 firmamentum
379 1557 448 1611 suut
468 1549 580 1611 Psalmi
602 1549 752 1612 Dauidici:
782 1568 838 1611 nec
858 1549 1049 1612 desideratur
1070 1551 1256 1613 canticorum
1279 1557 1397 1614 ususet

131 1649 347 1732 hymnorum&
391 1651 562 1731 Scripturas
595 1651 696 1715 lectio.
740 1650 939 1713 Nihilominus
971 1653 1052 1714 inter
1078 1651 1234 1732 utriusque
1257 1651 1397 1715 ecclesiae

160 1893 165 1902 ’
217 1906 241 1965 ll
266 1905 379 1955 lluralt
396 1906 419 1954 in
438 1906 549 1955 Lexidio:
574 1905 641 1966 „Zur
658 1905 840 1968 Erleichternng
864 1907 908 1956 der
926 1905 1057 1967 Glauhlgon
1083 1906 1168 1954 nimmt
1186 1905 1225 1954 die
1244 1905 1331 1955 hincho
1346 1906 1399 1967 istst

130 1991 169 2041 (lic
187 1991 265 2040 Prima
290 1989 445 2040 unmiltelhar
468 1991 510 2040 mit
533 1990 577 2039 der
595 1990 689 2052 llatine,
713 1991 752 2040 dic
770 1990 849 2040 Tertia
874 1991 921 2040 uad
940 1991 1009 2040 Sexta
1034 1990 1093 2039 aher
1117 1990 1160 2038 mil
1177 1989 1221 2038 der
1239 1988 1399 2039 Prorlomielia

129 2090 171 2126 ror
190 2077 233 2126 ulcr
250 2076 276 2125 L.
294 2089 441 2135 zusammen,
460 2074 499 2124 dic
516 2074 584 2124 Noua
603 2074 699 2125 radlich
718 2075 760 2125 mit
778 2074 821 2125 dar
838 2076 928 2139 Vesper
951 2075 988 2133 (ll.
1008 2073 1034 2124 C.
1054 2071 1173 2134 (tc-9³).
1210 2073 1278 2124 lloch
1296 2073 1358 2123 auch
1373 2086 1397 2122 ιτ

130 2160 225 2211 werden
244 2159 310 2209 disse
329 2160 408 2209 lloren
424 2167 512 2209 sommi
528 2159 555 2208 L.
573 2160 621 2209 aad
640 2160 731 2224 Vesper
748 2160 771 2208 iu
790 2160 866 2209 alelen
885 2159 1052 2209 Piarrlirchcn
1071 2172 1116 2208 nur
1130 2174 1163 2208 aa
1175 2159 1258 2208 Sonn-
1277 2158 1396 2208 auctet·

129 2255 199 2309 tugen
218 2245 265 2295 und
283 2243 327 2294 aas
344 2243 506 2308 llesouylrtlon
524 2244 586 2294 oder
603 2245 642 2294 ilio
661 2244 759 2307 vigilien
778 2259 863 2293 ausser
880 2244 927 2294 den
944 2243 1058 2294 lilostern
1075 2244 1132 2294 sehr
1150 2244 1228 2293 seiten
1247 2242 1382 2307 gahausei·

213 2354 239 2415 λ)
257 2347 413 2417 Εὐλογητὸς
429 2344 444 2402 ό
460 2345 527 2408 θεὸς
542 2344 622 2417 ἡμῶν
639 2345 767 2402 πάντοτε.
800 2343 877 2409 Δόξα
895 2365 939 2402 σοι
957 2345 972 2403 ὁ
988 2345 1055 2408 θεός
1069 2345 1158 2417 ἡμῶν,
1176 2345 1247 2409 δόξα
1264 2364 1325 2403 σοι·
1342 2353 1396 2401 Βο·

128 2435 204 2489 σιλιῠ
222 2427 350 2503 Οὐράνιε,
367 2427 528 2502 Παρόκλητε
553 2425 584 2484 τό
591 2433 718 2507 ,Πνεῦμα
743 2433 789 2499 τῆς
810 2430 950 2499 ἀληθείας,
975 2431 990 2486 ὁ
1014 2434 1157 2502 πανταχοῦ
1175 2430 1284 2504 παρών,
1308 2429 1395 2486 καλοὶ

128 2514 219 2571 πάντα
236 2519 359 2586 πληρῶν,
378 2512 546 2586 ὁθησαυρός
561 2518 616 2567 τῶν
633 2513 759 2584 ἀγαθῶν,
777 2519 824 2569 καὶ
841 2518 906 2582 ζωῆς
919 2515 1048 2586 χορηγὸς,
1067 2516 1131 2570 ἐλθὲ
1149 2519 1197 2568 καί
1213 2511 1359 2585 σκήνωοον
1370 2504 1394 2570 ἰν

127 2601 203 2674 ἡμῖν,
221 2603 268 2653 καλ
285 2600 441 2668 καθάρισον
457 2598 531 2667 ἡμᾶς
547 2594 603 2650 ἀπὸ
621 2594 712 2664 πόσης
728 2599 845 2666 κηλίιίος,
864 2603 911 2652 καί
928 2600 1127 2670 σῶσονἈγαθλ
1146 2599 1194 2661 τὰς
1211 2599 1393 2673 ψυχάςὴμῶν.

120 2681 246 2754 ’Λγτοςό
269 2680 344 2746 Θεὸς,
356 2678 449 2752 Ἄγιος
466 2681 585 2751 ἰσχυρὸς,
603 2681 697 2751 ‘Elyma
714 2682 862 2750 ἀθάνατος,
882 2685 995 2750 ἐλέησον
1012 2681 1091 2751 ἡμᾶς.
1122 2685 1169 2736 Ἐκ
1188 2692 1290 2754 τρίτου.
1326 2682 1392 2746 Δόξα

126 2771 227 2837 Πατρὶ,
244 2770 292 2819 καὶ
308 2768 372 2833 Yth,
388 2764 537 2835 xal‘Aytqr
556 2760 715 2835 Ιίνεόματι·
740 2770 787 2819 καὶ
804 2771 863 2836 νῦν,
887 2772 934 2820 καὶ
950 2767 1003 2834 ἀεὶ,
1027 2771 1075 2819 καί
1091 2771 1131 2828 εἰς
1147 2767 1211 2828 τούς
1228 2774 1332 2831 αἰῶνας
1349 2772 1393 2822 τῶν

127 2849 246 2904 αἰώνων.
278 2846 375 2920 Ἀμήν.
408 2854 540 2919 Παναγία
561 2848 653 2921 Τριὰς,
672 2852 785 2917 ἐλέησον
802 2849 883 2921 ἡμᾶς.
919 2848 1012 2923 Κύριε,
1031 2849 1159 2918 ildoinus
1178 2859 1239 2914 ταῖς
1256 2851 1393 2924 ἁμαρτίαις

127 2932 213 3008 ἡμῶν.
249 2939 388 3001 Δέσποτα,
406 2930 589 3004 συγχώρησον
606 2933 654 2994 τὰς
671 2935 791 3007 ἀνομίας
806 2933 883 3006 ἡμῖν.
912 2933 996 3005 Ἅγιε,
1016 2937 1176 3005 ἐπίσκεψαι,
1195 2940 1244 2991 καί
1262 2943 1339 2992 ἰασαι
1356 2935 1392 2994 mie

127 3021 274 3080 ἀσθενείας
290 3017 379 3089 ἡμῶν,
397 3018 490 3071 ἕνεκεν
507 3020 554 3071 τοῦ
572 3017 708 3089 ὀνόματός
725 3037 783 3074 σου.
818 3018 904 3089 Κύριε
923 3021 1044 3089 ἰλίρσον,
1068 3018 1153 3090 Κύριε
1174 3023 1299 3088 ἐλέησον,
1317 3019 1391 3090 Kriou

127 3106 245 3171 ἐλέησον.
281 3098 366 3170 Δόξα,
384 3106 431 3157 καὶ
449 3107 510 3156 νῦν.
544 3101 637 3173 Πάτερ
655 3105 736 3174 ἡμῶν
754 3101 767 3157 ὁ
786 3107 818 3159 ἰν
835 3112 890 3166 τοῖς
910 3107 1053 3177 Οἰρανοΐς.
1069 3101 1244 3174 Ἁγιασθήτω
1263 3105 1294 3161 τό
1311 3096 1391 3174 ὄνομά

126 3207 187 3242 σου.
218 3190 335 3242 Έλθίτω
353 3183 514 3254 ἡΒαστλεία
533 3205 593 3241 σου.
631 3186 775 3256 Γενηθήτω
794 3187 949 3259 τόθίλημοὶ
967 3206 1026 3257 σον,
1046 3187 1271 3259 ῶςίνΟῠρανῶ,
1289 3189 1392 3244 natent

126 3276 171 3338 τῆς
193 3275 249 3340 γῆς.
286 3269 343 3325 Τὸν
367 3267 451 3342 ἄρτον
473 3269 554 3341 ἡμῶν
576 3270 624 3325 τὸν
640 3270 783 3327 ἰαιοόσιον
801 3273 850 3334 δός
865 3271 933 3345 ἡμῖν
949 3269 1081 3345 σήμερον.
1116 3277 1174 3326 Καὶ
1191 3269 1264 3344 ἄφες
1280 3273 1349 3346 ἡμῖν
1365 3269 1389 3326 τό

126 3354 299 3426 ὀφειλήματα
315 3354 403 3427 ἡμῶν,
426 3355 463 3417 ὠς
479 3360 525 3409 καλ
542 3353 622 3426 ἡμεῖς
644 3356 766 3427 ἀφίεμεν
783 3363 839 3418 τοῖς
856 3356 1009 3428 ὀφειλέταις
1024 3354 1113 3428 ἡμῶν.
1148 3361 1206 3410 Καὶ
1222 3357 1262 3429 μὴ
1280 3363 1392 3427 εἰςενίγ-

125 3461 174 3515 κρς
195 3437 270 3511 ἡμᾶς
293 3444 332 3500 εἰς
355 3434 526 3511 πειρασμόν·
550 3440 619 3492 silici
641 3445 721 3516 ῥῦσαι
745 3439 820 3514 ἡμᾶς
843 3444 899 3496 ἀπὸ
917 3445 965 3496 τοῦ
981 3444 1114 3516 πονηροῦ.
1146 3441 1244 3513 Ἀμήν.
1273 3441 1333 3497 Ὅτι
1349 3443 1392 3496 noi

125 3527 201 3579 ἰστιν
217 3523 233 3592 ἡ
251 3526 392 3590 Βασιλεία,
411 3528 459 3577 καί
475 3522 490 3592 ἡ
509 3519 634 3594 δύναμις,
659 3530 705 3578 καλ
722 3523 738 3593 ἡ
756 3524 832 3595 δόξα,
855 3530 902 3581 τοῦ
919 3525 1034 3595 Ιίατρός,
1058 3529 1105 3579 καὶ
1123 3545 1171 3579 τοο
1189 3529 1265 3596 Υἰοῡ,
1289 3532 1338 3581 καὶ
1354 3530 1393 3581 τοῦ

122 3615 214 3680 Λγίου
232 3607 403 3681 ΙΙνεῦματος,
422 3612 481 3676 νῦν,
500 3612 547 3663 καί
564 3609 616 3676 ἀεὶ,
639 3614 686 3663 καλ
703 3614 742 3671 εἰς
758 3612 821 3671 τούς
837 3615 940 3672 αἰῶνας
957 3613 1011 3664 τῶν
1029 3607 1147 3667 αἰώνων.
1179 3610 1279 3683 Ἀμήν.
1314 3611 1392 3684 Kriou

126 3693 245 3760 ἰλίησον,
269 3701 305 3762 ιβ.
341 3690 416 3756 Δόξα
435 3697 533 3763 Παιρί.
567 3697 624 3746 Kal
641 3700 701 3761 νῦν,
720 3698 768 3749 καὶ
785 3694 837 3762 ἀεὶ,
862 3698 908 3748 καὶ
925 3700 965 3755 εἰς
981 3696 1043 3755 τοὺς
1060 3697 1169 3756 αἰῶνας.
1201 3699 1294 3751 ,Δεῦτε
1313 3715 1393 3767 προς·

125 3776 296 3848 κινήσωμεν,
325 3783 373 3831 καί
396 3783 595 3850 προςαίσωμεν
616 3781 653 3846 τῷ
681 3784 799 3833 Βασιλεῖ
827 3777 908 3851 ἡμῶν
934 3782 1003 3847 Oroi.
1038 3782 1123 3835 Δεῦτε
1154 3777 1392 3851 τιροςκονήσωμεν,

125 3865 172 3914 κοιλ
197 3869 398 3933 προςτιίσωμεν
423 3867 536 3930 Χριστῷ
562 3867 599 3931 τῳ·
625 3867 742 3917 Βασιλεῖ
764 3861 845 3933 ἡμῶν
873 3868 940 3931 Θεῷ.
976 3868 1061 3918 Δεῦτε
1079 3860 1326 3937 αροςκυνὴσωμεν,
1352 3866 1393 3918 καί

125 3952 325 4017 ττροςτιέσωμεν
343 3945 416 4015 αὐτῷ
434 3952 546 4019 Χριστῷ
565 3951 602 4014 τῷ
618 3952 735 4001 Βασιλεῖ
749 3952 796 4001 καί
817 3952 877 4017 Θεῷ
893 3946 982 4016 ἡμῶν.

216 4061 240 4121 3)
258 4063 388 4124 Augusti
408 4062 503 4112 uento.
523 4064 547 4111 V.
564 4062 709 4127 p.334sq.:
734 4064 783 4123 „Es
802 4064 832 4112 ist
856 4066 949 4125 gewiss‚
975 4064 1031 4112 dass
1050 4065 1088 4113 die
1107 4064 1207 4114 allesten
1229 4065 1338 4128 Hymnen
1355 4064 1393 4112 dtr

125 4145 251 4206 Gricchen,
269 4147 359 4196 welche
378 4148 439 4196 noclr
458 4150 616 4210 gegenwtrtig
634 4150 664 4196 im
684 4148 923 4209 llirchengehrauelre
942 4150 1004 4209 siud,
1025 4151 1089 4198 nicht
1108 4150 1166 4197 ulier
1185 4150 1227 4198 das
1247 4151 1316 4200 echte
1327 4149 1391 4198 ἰαλτ-

124 4228 227 4281 hundert
246 4231 417 4293 hinausgehcn.
453 4233 518 4281 llenn
531 4233 631 4281 llosmas
650 4248 693 4281 ron
704 4233 837 4281 Jerusalem
857 4234 904 4282 und
914 4234 1035 4282 lohannes
1047 4234 1210 4283 Damascenus
1229 4235 1283 4284 sind
1304 4235 1342 4284 dic
1360 4233 1392 4282 al·

124 4321 200 4363 leston
220 4316 324 4377 Dichter,
353 4316 425 4364 deren
445 4318 553 4378 Gesange
580 4320 764 4380 auigenommen
792 4318 897 4366 worden.
916 4343 949 4353 -
976 4320 1046 4367 illese
1064 4319 1230 4381 Euschoinung
1255 4322 1286 4368 ist
1312 4334 1350 4367 um
1367 4331 1392 4366 so

124 4398 291 4461 aullallender,
310 4401 339 4448 da
358 4401 445 4461 genade
463 4401 501 4449 die
520 4403 637 4452 Gricchen
656 4404 697 4452 aui
714 4402 757 4450 olas
776 4403 838 4451 hohe
857 4403 921 4453 Alter
940 4404 1004 4453 ihrer
1023 4405 1127 4466 Lilurgie
1146 4420 1173 4453 so
1192 4405 1254 4454 stola
1272 4405 1336 4454 siml.
1363 4403 1391 4450 Es

123 4481 154 4530 ist
172 4483 263 4533 scheer
282 4500 309 4533 zu
329 4486 492 4548 catechumen,
511 4486 541 4536 oh
560 4502 586 4537 es
605 4487 768 4547 dogmatische
787 4488 845 4539 oder
863 4489 1145 4540 asilauscn-arustischa
1166 4490 1326 4540 llhclssichten
1344 4503 1392 4537 sa·
