3044 4912
648 198 655 220 '
722 238 798 312 σεε

120 416 238 512 λόγχην
265 418 303 489 ἐκ
328 415 473 507 πλαγίου
499 424 560 486 τοῦ
589 418 702 501 δεξιοῦ
678 417 850 582 Οτμέρους
874 422 935 506 τῆς
954 423 1162 532 προςφορᾶς,
1184 412 1371 531 ἐπαίρει
1339 443 1389 486 τον

123 519 219 636 δίγιον
240 514 341 611 άρτον
361 516 526 610 λε’γων“
487 540 610 599 ουτως·
678 508 917 605 Οῖιαῗρεῑαι
952 504 1027 583 6716
1061 513 1125 603 τῆς
1159 533 1229 608 γἠί
1262 536 1288 602 η
1325 504 1391 602 6⁰6
1431 622 1433 631 Ι

122 609 250 685 αυτοῦ.
516 668 518 672 ι
1431 642 1433 647 ·

211 760 265 834 VI.
303 771 373 842 Καί
393 770 505 852 τιθείς
528 767 628 843 αὐτὸν
648 768 769 843 ὕπτιον
791 771 826 842 ἒν
847 799 894 864 την
878 769 1001 862 ἁγίῳ
1023 768 1196 898 δίσκη,’
1164 769 1323 853 ειπόντος
1342 778 1395 842 τῶ

123 871 297 945 διακόνου·
335 863 460 937 Θῦσον
485 858 660 951 δέσποτα,
710 870 780 940 6‘
766 875 874 967 ιερεδς
912 871 993 944 δίει
1027 871 1131 943 αὐτὸν
1137 877 1372 989 σταυροειδα
1372 900 1395 957 ς,

122 976 243 1066 λέγων·
283 957 469 1037 Θόεται
449 991 471 1092 ρ
503 961 624 1061 άμνδς
653 969 724 1039 τοῦ
728 960 920 1139 όθεοῦ,“
902 991 923 1037 ο
956 965 1076 1062 α’ίρων
1107 961 1176 1058 τὴν
1209 961 1397 1092 άμαρτίαν

121 1071 191 1139 τοῦ
216 1060 425 1161 κόσμου,
402 1061 496 1164 υπίρ
513 1072 586 1233 τῆς
609 1071 679 1140 τοῦ
703 1092 727 1140 κ
728 1061 848 1191 σόμογ
874 1063 970 1161 ζωῆς
993 1063 1058 1139 καὶ
1082 1063 1279 1160 σωτηρίας.
1331 1078 1398 1149 Καὶ

121 1160 262 1252 στρέφει
286 1163 327 1232 τδ
353 1158 530 1278 δηερονί
485 1189 512 1249 μ
530 1188 589 1250 ρος
609 1164 648 1233 τδ
670 1150 783 1249 ἔχω’
767 1162 883 1234 επάνω
903 1163 962 1233 τὸν
982 1161 1135 1252 σταυρόν.
1176 1163 1249 1232 Καί
1272 1159 1398 1288 λέγιιδ

123 1261 296 1345 διάκονος·
329 1248 456 1335 Νῡξθίί
481 1250 728 1333 66071016‘0
758 1262 836 1337 66‘
825 1265 931 1353 ιερεδς
951 1261 1076 1333 νόττων
1097 1262 1198 1333 αὐτὸν
1220 1263 1256 1333 ἐν
1277 1291 1325 1354 τῳ
1309 1267 1398 1333 δε-

125 1367 186 1527 ξιῷ
212 1364 310 1480 μέρει
334 1366 420 1452 μετὰ
447 1372 507 1479 τῆς
534 1360 691 1453 ἆγίαςλό
752 1391 769 1447 ς
847 1389 895 1437 ει
946 1351 1012 1437 Εἷς
1044 1360 1124 1428 τῶν
1159 1361 1398 1451 στρατιωτῶν

120 1453 245 1581 λόγχῃ
263 1451 332 1549 τὴν
357 1452 528 1582 πλευράν
547 1454 667 1529 αὐτοῦ
672 1366 925 1544 οίίίίιξεν,
863 1454 928 1530 καί
952 1453 1095 1538 εὐθέως
1121 1456 1281 1582 ίξῆλθεγ
1308 1451 1397 1549 αἷμα

122 1555 187 1629 καὶ
219 1553 338 1681 ὕδωρ
360 1552 424 1628 καὶ
456 1553 477 1628 6
510 1554 683 1654 εωρακάις
713 1554 973 1657 μεμαρτύρηκε
1005 1555 1070 1631 καί
1100 1552 1266 1653 ἀληθινή
1301 1558 1397 1630 ἐστιν

122 1655 146 1753 6
172 1652 364 1754 μαρτυρία
389 1655 518 1731 αὐτοῦ.

207 1767 244 1838 Ὁ
268 1770 305 1839 δὲ
328 1767 481 1853 διάκονος
501 1767 644 1862 ἐγχέει’
627 1799 663 1842 εν
683 1779 732 1864 τῷ
754 1769 838 1864 άγίιμ
858 1769 1032 1933 τιοτηρίιμΕ
1031 1771 1068 1841 ἐκ
1081 1778 1141 1841 τοῦ
1156 1768 1305 1859 νάματος
1318 1769 1396 1858 ὁμοῦ

123 1898 179 1986 κριι
170 1868 333 1954 ὕδατος,
355 1871 520 1988 πρότερον
540 1873 644 1988 πρὸς
648 1874 707 1943 τὸν
729 1870 873 1989 ίερόα’
843 1871 966 1942 ειπαίν·
1000 1856 1217 1962 Εάλόγησσν
1239 1859 1394 1936 δέσποτα

123 1959 192 2056 τὴν
218 1958 332 2061 ἁγίαν
357 1962 508 2038 ἕνωσιν·
536 1961 600 2038 καί
626 1961 646 2037 6
671 1961 789 2062 ἱερεὺς
814 1959 965 2062 εὐλυγεῖ.

213 2114 284 2186 VH
331 2118 417 2195 Εἶτα
437 2125 589 2213 λαβὼνε
570 2153 590 2196 ο
613 2125 719 2217 ἱερεὺς
739 2126 799 2218 τὴν
819 2125 977 2217 δευτέρω
997 2127 1194 2218 προσφῦσα·
1215 2127 1324 2213 δέίθί

206 2235 273 2314 Ελς
302 2230 416 2358 τιμην
439 2230 504 2307 καί
528 2229 682 2360 μνήμην
704 2240 771 2329 τῆς
795 2230 1135 2358 ὑπερευλογημενης
1158 2227 1320 2315 ἐνδόξου
1340 2227 1433 2304 δι-

125 2331 279 2430 σποίνης
309 2331 420 2428 ἡμῶν
453 2329 636 2409 θεοτόκου
667 2332 732 2409 καί
765 2333 1017 2432 ἀειπαρθὲνου
1034 2325 1271 2461 Μαρίας,
1247 2362 1292 2429 ης
1321 2334 1433 2418 ταῖς

125 2431 337 2561 πρεσβείαις
361 2431 554 2533 πρόςδεξαι
572 2430 688 2562 K6ptu
712 2433 782 2532 τὴν
806 2436 953 2513 θυσίαν
977 2430 1120 2533 ταύτην
1145 2440 1196 2519 είς
1221 2432 1314 2509 16‘
1290 2453 1433 2531 οπερ-

127 2564 307 2634 ουρανιον
334 2559 402 2611 σου
428 2533 713 2635 θυσιαστήριον.

210 2651 281 2718 Καί
309 2647 412 2737 αἴρων
436 2649 558 2738 μερίδα
578 2653 664 2736 μετὰ
684 2657 744 2741 τῆς
765 2649 862 2738 άγίας
883 2647 1000 2776 λόγχης
1020 2650 1155 2740 τίθησιν
1177 2652 1212 2720 ἐν
1233 2658 1281 2741 τῷ
1303 2652 1388 2735 δεξιῷ

125 2750 221 2838 μόρει
241 2757 301 2818 τοῦ
324 2748 419 2838 ἁγίου
442 2747 543 2842 άρτου
564 2751 707 2841 πλησίον
727 2759 787 2842 τῆς
806 2754 910 2841 μέσης
932 2750 1035 2822 αὐτοῦ
1056 2754 1176 2841 λέγων·

186 2855 437 2982 Παρίστη
416 2887 439 2952 6
465 2855 708 2955 βασιλισσα
693 2886 732 2931 εκ
758 2856 891 2942 δεξιῶν
918 2882 1000 2948 σου,
1034 2888 1075 2933 εν
1100 2860 1292 2957 ἱματισμῷ
1318 2856 1388 2932 δια-

123 2953 252 3056 χρύσῳ
278 2959 582 3057 περιβεβλημένη,
609 2959 898 3056 πεποιπιλεμὲνη.

345 3140 437 3148 ——0-

213 3232 270 3296 Cap.
290 3233 326 3281 Vl.
360 3233 386 3282 P.
409 3223 509 3281 Θόεται
526 3227 541 3281 6
559 3229 650 3302 ἄμνός
666 3262 699 3272 -
717 3233 865 3298 σωτηρίας·
884 3227 899 3282 6
915 3226 1057 3300 θυόμενος
1074 3229 1121 3280 καὶ
1137 3224 1176 3299 μὴ
1189 3222 1389 3296 δαπανώμενος,

126 3309 142 3365 ὃ
166 3307 350 3378 καινοόμενος
372 3312 419 3363 καί
440 3312 516 3381 μηδέ
538 3332 605 3367 ποτε
622 3312 827 3384 πληρούμενος·
851 3310 978 3366 πάντοτε.
1015 3318 1041 3367 C.
1064 3307 1133 3364 Είτα
1158 3309 1207 3364 τὸν
1231 3312 1391 3382 ἐκτμηθέντα

126 3389 211 3467 άρτον
234 3397 343 3466 κρατῶν
368 3390 462 3449 έπάνω
486 3398 535 3448 τοῦ
551 3398 648 3452 δίσκου
666 3399 750 3452 ἔνδον
766 3401 806 3458 είς
821 3394 870 3465 τὴν
886 3392 976 3469 σάρκα
994 3397 1179 3466 αταυροειδῶς
1193 3392 1332 3466 χαράττει,
1355 3396 1392 3447 λέ-

125 3498 199 3550 γων·
223 3477 320 3532 θύεται
343 3475 357 3533 ὁ
381 3479 472 3550 ἀμνὸς
487 3483 543 3532 κτλ.
578 3486 700 3536 Editiones
719 3487 821 3538 Venetae
839 3487 928 3536 multae
946 3488 980 3545 (et
997 3487 1143 3536 recentiores
1162 3487 1206 3546 uti,
1230 3494 1292 3535 teste
1310 3485 1391 3540 Neatie.

128 3569 204 3629 1839)
222 3569 335 3619 omittunt
352 3569 422 3619 verba
440 3570 553 3621 Diaconi:
570 3563 665 3627 Νάξον
682 3567 812 3620 δέσποτα.
845 3571 875 3620 At
891 3570 1003 3632 leguntur
1021 3573 1044 3619 iu
1063 3570 1092 3619 Μ.
1112 3571 1139 3620 G.
1157 3570 1213 3618 t'en.
1233 3570 1291 3620 687.
1316 3571 1355 3619 Rs.
1371 3568 1392 3617 G·

126 3654 312 3717 praetermittit:
329 3648 378 3716 τὴν
395 3645 480 3717 ἁγίαν
496 3649 607 3704 ἕνωσιν.
640 3656 670 3704 Μ.
689 3647 738 3717 τὴν
755 3649 856 3704 ἕνωσιν
873 3646 982 3714 ταύτην.

195 3737 253 3802 Cap.
271 3738 318 3788 Vll.
354 3739 380 3787 P.
404 3728 473 3785 Εἶτα
498 3731 591 3802 λαβὼν
613 3734 637 3790 6.
655 3736 675 3787 ί.
692 3734 790 3805 ἑτέραν
806 3728 979 3805 προςφσράν.
997 3760 1030 3773 -
1048 3733 1097 3786 καί
1113 3739 1205 3800 τίθησι
1221 3732 1254 3786 έν
1271 3737 1309 3801 τη]
1327 3731 1394 3805 εἰρι-

127 3819 238 3884 στερῴ
260 3821 347 3889 μέρει.
384 3823 410 3873 C.
436 3820 475 3877 είς
499 3818 530 3871 δὲ
547 3815 596 3884 τὴν
616 3818 749 3891 δευτέραν
765 3821 852 3889 λέγει·
878 3821 1037 3888 πρεσβείας
1053 3812 1140 3888 Κύριε
1164 3823 1209 3884 τῆς
1226 3817 1356 3883 τεκούσης
1370 3831 1394 3868 σε

128 3900 278 3967 δεσποίνης
294 3898 374 3972 ἡμῶν
390 3897 525 3956 θεοτόκου
542 3905 590 3955 καὶ
606 3901 794 3975 ἀειπαρθένου
810 3907 926 3973 Μαρίας
943 3902 1058 3967 ἐλέησον
1075 3906 1121 3956 καὶ
1139 3906 1232 3956 σῶσον
1247 3903 1296 3962 τὰς
1315 3897 1395 3971 ψυχάς

127 3978 209 4053 ἡμῶν
226 3982 263 4045 ὡς
279 3986 388 4054 ἀγαθὸς
404 3989 451 4040 καὶ
468 3981 679 4058 φιλάνθρωπος.
715 3993 744 4042 Μ.
764 3994 791 4044 G.
809 3993 866 4041 Ver.
886 3990 935 4041 687
954 3984 983 4047 ίξ
1000 3984 1198 4059 ἀριστερῶν
1216 3984 1313 4042 τ.ά.ά.
1332 3994 1395 4041 Recte

129 4073 237 4122 Goarus:
255 4074 290 4122 Nc
308 4076 403 4125 mireris
422 4077 529 4126 codicem
549 4092 622 4126 unum
641 4078 772 4138 dexterum,
791 4077 864 4127 ulium
883 4077 1006 4126 sinistrum
1024 4093 1117 4127 vocare.
1144 4079 1193 4127 Una
1212 4092 1317 4142 namque
1329 4084 1351 4126 et
1361 4090 1394 4124 ea-

128 4157 184 4205 dcm
208 4173 257 4218 res,
283 4175 344 4222 quae
368 4161 426 4209 mihi
452 4163 475 4210 iu
501 4163 616 4210 orientem
640 4161 778 4226 respicienti
798 4163 878 4211 dextra
897 4169 942 4221 est,
966 4162 990 4211 in
1010 4164 1158 4212 occidentem
1177 4164 1280 4212 obverso
1299 4164 1326 4211 fit
1344 4159 1395 4210 siui-

128 4241 205 4290 stra.“
240 4241 270 4289 Μ.
289 4242 314 4292 C.
333 4243 389 4294 ven.
408 4243 456 4294 687
476 4247 588 4294 omittunt
606 4246 694 4294 Psaiuri
712 4240 1206 4311 τιεείιοίυατεπαρέατηὴβασίλισσα
1224 4245 1281 4294 κτλ.
1318 4246 1395 4295 Mutuo

128 4323 245 4374 Venetae:
263 4320 312 4388 τὴν
328 4322 440 4391 πρώτην
457 4325 603 4394 σφραγίδα
619 4320 728 4393 6666.-
747 4333 851 4395 primum
870 4347 957 4397 panem
977 4334 1039 4381 euim
1059 4341 1126 4381 vocat
1144 4323 1233 4396 ἁγίων
1252 4322 1345 4399 άρτων
1361 4344 1394 4379 re

127 4406 223 4471 nquius,
248 4426 275 4460 cx
300 4414 385 4475 quibus
409 4414 542 4477 particulae
567 4425 708 4464 exsecantur
726 4418 749 4465 iu
768 4419 885 4467 honorem
904 4419 1046 4467 Sanctorum
1065 4412 1232 4481 σφραγίδας.
1272 4417 1298 4465 Si
1318 4418 1394 4478 legitur

130 4485 261 4559 δευτέραν
278 4498 406 4560 respicitur
424 4499 454 4548 ud
471 4513 556 4563 penes,
576 4500 597 4549 si
615 4496 760 4565 σφραγίδα
776 4492 896 4569 πρώτην,
923 4510 1078 4553 numeruntur
1096 4501 1229 4566 particulae
1248 4501 1392 4552 Sanctorum·
