3044 4912
806 225 855 299 74

194 404 356 512 Χριστῷ
382 409 576 498 διακονίας
605 408 670 485 καί
701 406 921 538 ὑπηρεσίας,
953 405 1092 492 παντὸς
1123 415 1193 483 τοῦ
1225 401 1475 505 πληρώματος

135 530 141 537 ’
193 523 259 613 τῆς
245 511 480 692 δκιιλησίας
512 510 777 610 ὑιηθαῖμεν,“
757 540 856 595 οπως
888 510 908 586 5
940 506 1066 611 κύριος
1098 504 1242 593 πάντας
1266 506 1475 609 διατηρήσῃ

193 616 258 693 καὶ
308 645 320 690 ι
322 611 505 715 αφυλάξη.

250 644 378 844 ’Υπὲρ
397 715 611 844 βασιλέοιν
607 714 671 790 καὶ
694 721 774 790 ταῖν
799 712 887 790 ίν
864 721 1027 812 ὑπεροχῇ
1052 711 1268 841 ὑεηθαῖμεν,
1291 712 1359 789 ἵνα
1375 716 1474 812 εἰρη-

192 815 378 896 νεύωνται
401 817 450 893 τά
475 815 568 916 πρὸς
591 816 690 945 ημᾶς
714 815 815 900 ὅπως
837 813 977 945 ἤρεμον
1000 814 1065 892 καὶ
1087 810 1245 912 ἡσύχιον
1260 813 1390 912 βίον
1367 844 1474 913 εχον-

194 949 254 1006 τες
279 917 470 1049 διάγωμεν
494 922 536 995 ἐν
561 915 670 1048 πάση
688 915 851 1015 εῦσεβεί
833 947 857 991 α
882 946 947 992 ιιαι
933 912 1176 1014 σεμνότητα

275 1021 415 1099 Ταῖν
393 1020 513 1149 αγίων
545 1016 751 1151 μαρτύρων
782 1015 1122 1116 μνημονεὺσωμεν,
1162 1015 1262 1104 ὅπως
1296 1018 1475 1095 κοινωνοὶ

193 1078 371 1254 γενέσθαι
396 1131 460 1250 τῆς
486 1119 681 1219 ἀθλήσεως
705 1121 834 1198 αὑταῖν
857 1123 1164 1218 καταξιωθοῖμεν.

265 1223 371 1325 Ὑπὲρ
395 1233 475 1300 ταῖν
499 1227 541 1300 ἐν
566 1223 685 1299 πίστει
711 1223 1050 1318 ἀναπαυσαμένων.

265 1326 371 1427 τΥπὲρ
397 1334 462 1424 τῆς
485 1324 684 1427 εὐκρασίας
707 1333 786 1400 τοῖν
810 1325 933 1422 ἀέρων
949 1353 1013 1399 και
1000 1321 1261 1423 τελεςφορίας
1282 1331 1365 1400 τοῖν
1380 1350 1473 1423 καρ-

193 1436 278 1505 παῖν
303 1427 515 1525 ὑεηθοῖμεν.

266 1528 374 1657 ’Υπὲρ
404 1537 483 1606 τοῖν
513 1525 777 1656 νεοφωτίστων
808 1525 1089 1626 ὑεηθαῖμεν,“
1068 1554 1185 1610 οπως
1197 1526 1473 1654 βεβαιωθαῖσιν

193 1660 235 1733 εν
258 1639 308 1759 15
331 1629 450 1707 πίστει
476 1626 611 1715 πάντες
635 1627 702 1705 ὑπ
733 1630 857 1758 ἀλλων
885 1628 1245 1757 παρακαλίσθωσαν.
1290 1624 1472 1726 Ἀνάστη-

193 1728 264 1810 σον
287 1729 386 1831 ἡμεῖς
411 1763 431 1807 ο
417 1731 548 1817 ’θεὸς
572 1735 613 1807 ἐν
637 1739 683 1828 τῇ
705 1727 834 1828 χάριτί
859 1754 946 1806 σου·
981 1726 1209 1814 ἀναστάντες
1234 1729 1394 1814 ἑαυτοὺς
1417 1736 1470 1830 τῷ

192 1834 275 1911 θῦαῖ
301 1833 367 1910 ὑιά
391 1842 460 1911 τοῦ
485 1838 655 1933 Χριστοῦ
681 1833 800 1909 αὑτοῦ
824 1829 1156 1931 παραθαίμεθαᾸΗ

272 1937 380 2013 XVII
421 1947 525 2019 Καὶὁ
542 1946 729 2030 ἐπίσκοπος
742 1947 881 2063 λεγέτω·
918 1933 937 2010 5
963 1933 1097 2018 5259‘
1079 1963 1100 2008 ο
1125 1932 1241 2036 μέγας
1265 1931 1330 2008 καὶ
1353 1960 1471 2036 μεγα-

193 2035 422 2135 λαίνυμος,“
404 2067 424 2112 o
449 2038 565 2166 μίγας
588 2044 634 2134 τῇ
658 2038 779 2135 βουλῇ
805 2064 869 2111 και
857 2035 1091 2163 κραταιὸς
1091 2041 1168 2119 τοῖς
1193 2037 1314 2165 ἔργοις
1345 2055 1470 2161 (terens

193 2162 246 2234 32,
271 2163 394 2240 19),o
374 2139 517 2224 ὑθεὸς
541 2138 605 2214 καὶ
630 2137 750 2239 πατὴρ
776 2146 845 2214 τοῦ
845 2136 981 2265 ἁγίου
1006 2128 1139 2222 παιδός
1165 2163 1233 2213 σου
1253 2137 1378 2234 Ἰησοῦ
1403 2142 1471 2212 τσιῖ

196 2251 360 2343 σωτῆρος
384 2241 493 2339 ἡμῶν
518 2239 721 2339 ίπίβλεψον
746 2238 856 2340 ἐφ”
835 2249 933 2370 ημάς
958 2238 1022 2316 καὶ
1046 2238 1105 2314 ἐπὶ
1129 2238 1172 2329 τὸ
1198 2235 1377 2335 ποίμνιόν
1402 2262 1471 2315 σου

177 2353 321 2434 Ιτοῦτο,
347 2346 368 2420 5
360 2343 446 2471 55³
478 2343 596 2419 αὑτοῦ
622 2341 767 2428 ἐξελεξω
792 2346 843 2426 εἰς
868 2338 984 2469 ὑόξαν
1008 2349 1077 2416 τοῦ
1103 2337 1287 2438 ὀνόματός
1313 2364 1384 2417 σου
1407 2339 1473 2417 καὶ

195 2444 355 2576 ἁγιάσας
385 2444 495 2542 ἡμῶν
526 2444 570 2518 τὸ
603 2452 713 2541 σῶμα
746 2442 809 2572 καὶ
841 2442 911 2540 τὴν
928 2443 1063 2543 ψυχὴν
1087 2442 1320 2528 καταξίωσον
1344 2445 1473 2517 καθα-

195 2547 284 2645 ροὺς
316 2544 539 2649 γενομένους
566 2543 640 2618 ἀπὸ
666 2543 805 2628 παντὸς
829 2552 1026 2641 μολυσμοῦ
1053 2545 1189 2642 σαρκὸς
1214 2574 1278 2620 και
1303 2541 1471 2638 πνεῦμα-

194 2677 258 2731 τος
282 2669 314 2743 (2
322 2666 390 2727 Cor
407 2669 436 2738 7,
455 2670 498 2743 t),
523 2651 650 2740 τυχεῖν
673 2652 753 2722 ταῖν
777 2648 1028 2742 προκειμένων
1054 2646 1219 2750 ἀγαθῶν
1242 2645 1305 2722 καὶ
1326 2644 1472 2744 μηδένα

194 2747 305 2876 ηαοῖν
329 2743 484 2833 ἀνάξιον
508 2747 647 2844 κρίνῃς,
674 2745 766 2821 ἀλλά
784 2748 964 2844 βοηθὸς“
943 2757 1053 2846 ημαῖν
1070 2758 1195 2879 γενοῦ,
1222 2745 1471 2846 ἀντιλήπτωρ,

195 2849 467 2949 ὑπερασπιστὴς
498 2848 563 2924 διὰ
597 2857 666 2924 τοῦ
690 2854 860 2946 Χριστοῦ
887 2877 968 2940 σου,
995 2851 1086 2950 μεθ’
1118 2844 1162 2978 οὑ
1189 2874 1247 2925 σοι
1272 2848 1380 2940 δόξα,
1416 2879 1473 2924 τι-

197 2951 320 3049 μὴ,α
297 2950 411 3041 αἶνος,
446 2948 717 3080 ὑοξολργία,’
680 2950 894 3050 ευχαριστία
919 2953 1061 3051 καὶτῷ
1090 2952 1185 3054 ἀγίῳ
1211 2949 1397 3048 πνεύματι
1423 2957 1473 3036 εἰς

196 3055 284 3139 τοῦς
309 3059 465 3138 αίοῖνας·
494 3052 638 3151 ἀμήνῖ)

207 3305 210 3309 ’
283 3311 307 3371 l)
325 3311 372 3360 Has
390 3326 476 3375 preces
494 3313 571 3374 qaurti
590 3311 680 3362 saecuti
699 3313 789 3364 ioetum
807 3320 831 3361 et
848 3311 879 3361 ab
896 3314 938 3362 iilo
958 3313 1062 3363 adiectae
1077 3314 1240 3373 existimarim,
1260 3313 1471 3376 quiCoustatutio·

198 3410 242 3447 nes
259 3394 360 3458 digessit
383 3403 453 3459 atque
472 3395 598 3459 disposuit.
636 3397 696 3447 Fere
714 3397 797 3448 eadem
817 3406 946 3461 precantur
964 3406 1034 3461 etque
1053 3413 1114 3463 quae
1132 3412 1205 3462 supra
1224 3398 1311 3460 legitur
1328 3398 1407 3448 oratio
1425 3413 1472 3448 uec

196 3481 275 3533 tacitis
299 3489 336 3531 est
359 3481 444 3530 harum
471 3495 570 3543 precum
594 3489 618 3530 et
643 3482 751 3548 expedite
774 3482 903 3532 distinctio.
938 3482 1034 3532 Accedit
1057 3483 1121 3547 quod
1145 3482 1229 3533 eadem
1256 3483 1359 3533 recurrit
1377 3482 1470 3534 orahtis

196 3579 316 3631 persona:
335 3579 382 3615 nou
402 3567 488 3629 repetit
497 3565 633 3630 Episcopus
651 3566 833 3630 deprecationes
852 3567 893 3617 sed
904 3567 1024 3617 Diaconos
1042 3568 1167 3631 utriusque
1186 3568 1302 3617 orationis
1320 3577 1406 3618 auctor
1424 3576 1470 3617 est.

195 3649 304 3716 Denique
330 3649 435 3700 secando
461 3649 502 3699 itta
527 3649 695 3715 deprecatione
719 3653 807 3702 misere
826 3652 935 3701 turbatur
952 3666 1033 3700 rerum
1053 3650 1112 3700 ordo
1131 3667 1160 3700 ao
1177 3652 1262 3701 series.
1299 3652 1386 3702 Pacem
1405 3654 1470 3702 enim

196 3735 277 3785 datam
300 3750 398 3799 semper
422 3743 444 3784 ct
473 3734 561 3799 ubique
584 3737 693 3799 sequitur
711 3737 862 3787 Communia.
898 3735 1083 3786 Rheinwuid
1102 3735 1151 3785 ιε.
1170 3735 1268 3801 paen:
1295 3736 1371 3797 „Hier
1390 3737 1470 3787 iuben

196 3819 235 3869 die
253 3820 336 3870 Couet.
360 3819 448 3869 wieder
472 3821 527 3869 auci
553 3820 628 3869 durch
653 3820 699 3871 den
718 3820 893 3870 biechuiiichcn
911 3820 1101 3882 Segeusnunsch
1119 3820 1269 3883 eingeieitete
1287 3822 1387 3872 Gcbete.
1421 3822 1472 3873 Das

196 3904 249 3955 eine
267 3905 397 3964 iverwaudt
416 3905 457 3954 mit
476 3906 529 3955 dem
548 3903 770 3967 norbergehendcu)
789 3905 819 3955 iet
837 3904 891 3953 dem
910 3904 1009 3965 Diacou,
1028 3905 1071 3953 dus
1090 3905 1178 3955 andere
1196 3905 1251 3956 dem
1268 3905 1373 3965 Bischoi¹
1385 3907 1472 3970 beige-

197 3986 253 4049 legt.
288 3988 328 4037 Sie
346 3989 399 4038 siud
419 3990 470 4038 bier
489 3990 554 4040 nicht
570 3989 676 4053 possead
696 3987 868 4051 eingeschaltet
885 3988 934 4038 und
952 3988 1038 4039 steilen
1056 3989 1119 4041 nuh!
1139 3990 1177 4039 dic
1195 3990 1472 4054 inmrorhergegauge·

195 4086 243 4123 neu
261 4072 401 4123 Formuiare
420 4074 499 4124 dieser
515 4073 761 4136 Abeudmahiliturgie
778 4074 802 4122 ia
821 4073 864 4122 der
882 4073 920 4122 [ιιι
937 4074 1020 4136 irgeud
1039 4075 1108 4124 einen
1127 4075 1412 4128 kirehiieheuGebraacit
1426 4077 1471 4126 ah·

195 4157 325 4219 geitttrzten
344 4157 435 4207 Gestait
453 4158 522 4208 dar.“
558 4161 629 4209 Recte
646 4159 670 4208 Υ.
690 4158 717 4206 D.
735 4159 811 4207 sensit
829 4159 962 4209 orationem
981 4160 1082 4224 primam
1100 4160 1315 4221 inconvenientem,
1334 4160 1420 4224 iopsus
1433 4171 1473 4213 cst

196 4241 221 4291 in
245 4241 351 4292 eecnuda
371 4241 530 4293 diiudicanda.
565 4244 625 4293 Nom
643 4243 749 4292 omnium
770 4242 819 4291 iere
837 4242 987 4306 liturgiarum
1006 4251 1051 4304 est,
1068 4244 1176 4306 proxime
1194 4252 1248 4294 ante
1267 4244 1472 4297 Communiouem

195 4322 271 4374 Deum
289 4327 400 4375 brevibus
419 4342 550 4390 exposcere
568 4328 663 4390 dignam
682 4328 826 4377 sacramenti
843 4330 1014 4392 sumptionem.

280 4409 307 4471 2)
331 4410 461 4472 Augusti
481 4411 496 4458 Ι.
509 4427 529 4461 c.
548 4411 573 4471 V,
585 4411 647 4462 126:
673 4411 827 4474 „Auiiaiiattd
839 4412 882 4477 ¹ist
898 4427 934 4472 es,
958 4412 1014 4462 dass
1032 4413 1070 4462 die
1089 4413 1114 4462 C.
1132 4417 1158 4463 A.
1176 4413 1214 4462 bei
1233 4413 1277 4463 der
1294 4414 1473 4467 consecratiou

195 4492 239 4543 das
256 4492 326 4544 iuter
344 4494 420 4543 Unser
443 4495 508 4545 nicht
533 4496 668 4546 erwahnen.
704 4495 756 4547 Mon
775 4496 900 4559 soiitces,
918 4496 955 4547 ela
973 4499 1011 4547 ein
1030 4497 1098 4547 Theil
1117 4498 1159 4548 der
1176 4497 1306 4563 Disciplina
1324 4500 1408 4551 ωειιιί
1425 4488 1472 4564 ἐι·
