3044 4912
654 210 728 297 '037

134 415 176 486 ‘O
199 415 305 508 ίιρεὸς
325 415 479 511 ἐκφανεῖ.
508 404 593 482 Ὅτι
619 404 667 481 οὐ
692 405 725 482 εἶ
748 405 772 504 6
800 401 1014 492 ἀνάστασις

138 519 213 589 Καὶ
231 517 338 600 αὐτοις
359 515 533 607 άρχέμεθα
553 528 613 612 τῆς
632 519 744 613 τρίτης
763 518 922 605 στάσεως.

142 621 241 697 Τὸν
220 620 341 719 ονομα
368 648 449 699 σου.
475 623 718 801 g’266666066‘16
762 636 886 722 Στάσις
906 636 1010 753 τρίτη.

131 723 445 853 Ἕηίβλεηιονέιδ
405 726 537 856 πέμὸ
570 728 634 803 καὸ
658 724 809 825 ἐλέησόν
831 756 891 824 με,
917 727 1013 802 κατὸι
1037 726 1081 803 τὸ
1106 733 1221 825 κρῖμα
1246 735 1326 806 τῶν

93 823 292 903 αποίντον
316 825 407 901 τὸ”
386 826 507 925 ονομά
533 853 615 905 σοο.

130 924 299 1024 Ζήσει*
275 959 300 1025 η
332 926 435 1028 ψυχή
467 958 542 1025 μου
574 930 640 1008 καὶ
671 929 854 1007 ἐπαινέσει
886 956 937 1006 σε.
991 930 1065 1006 Καὶ
1089 929 1137 1006 τοὶ
1162 927 1327 1030 κρίματά

93 1056 125 1103 ιο
148 1026 333 1128 βοηθήσει
357 1059 433 1125 μοι.

132 1129 427 1228 Ἔπλανήθην
398 1161 449 1216 ιος
460 1128 666 1257 πρόβατον
692 1132 893 1223 ἇπολωλὸς,
921 1128 1079 1231 ζήτησον
1102 1131 1171 1210 τὸν
1187 1130 1326 1211 δοῦλόν

93 1258 138 1322 ο,
164 1231 222 1308 ὅτι
247 1233 314 1318 τὰς
338 1230 488 1319 ἐντολάς
514 1258 583 1310 σου
608 1235 679 1315 οὐκ
701 1234 952 1333 ἐπελαθόμην.

138 1347 211 1417 Καὶ
232 1345 346 1429 εὐθύς.

136 1452 347 1580 Εὐλογητὸς
371 1451 415 1543 εί,
441 1451 569 1551 Κύριε,
597 1451 754 1541 δίδαξόν
777 1483 825 1550 με
850 1454 897 1530 τὸι
923 1451 1160 1550 δικαιώματά
1185 1478 1266 1530 σου.
1275 1455 1298 1550 ¹)

142 1553 283 1628 Τῶν
261 1555 395 1682 αγίων
414 1554 434 1630 6
463 1550 648 1685 χορὸς
608 1585 692 1686 εορε
722 1586 748 1631 π
876 1564 942 1653 τῆς
974 1555 1070 1654 ζωῆς
1100 1555 1164 1631 καὶ
1185 1553 1326 1683 θύραν

93 1652 294 1751 ιροιδείσοο.
336 1655 458 1784 Εὐραι
490 1656 596 1787 κᾶγοὸ
628 1657 771 1754 τὴνδ
724 1556 845 1747 ὸδὸύη
862 1657 926 1733 διὰ
952 1667 1017 1755 τῆς
1041 1656 1251 1754 μετανοίας,
1283 1657 1329 1788 τὸ

93 1755 244 1840 ιολιολὸς
275 1752 516 1855 πρόβοτονέ
516 1757 574 1861 γαί
608 1764 694 1848 είμι,
729 1756 961 1836 ἀνακάλεσόν
985 1789 1046 1857 με,
1080 1760 1232 1859 Σωτὴρ,
1263 1760 1327 1837 καὶ

93 1853 182 1933 ἶσόν
205 1885 262 1954 με

472 1959 681 2064 Εὐλογητὸς
705 1959 750 2051 εί,
776 1956 901 2060 Κύριε.

129 2072 354 2205 Οπαλάμη
380 2082 420 2155 ἐκ
444 2077 544 2176 μὴ’
523 2107 646 2155 οντων
670 2075 815 2163 πλάσας
839 2108 885 2175 με
910 2079 975 2154 καὶ
1000 2074 1114 2154 εἰκόνι
1139 2102 1208 2154 σου
1237 2076 1326 2177 θεία

93 2172 259 2353 οησας,
209 2178 460 2277 ,παραβάσει
485 2184 635 2277 ἐντολῆς
659 2179 701 2256 δέ
726 2177 840 2258 πάλιν
864 2209 910 2277 με
935 2180 1158 2357 ἐπιστρέψας
1174 2185 1225 2265 εἰς
1240 2187 1325 2281 γῆν,

120 2308 166 2375 ης
198 2279 379 2407 ἐλήφθην.
435 2286 498 2366 Ελς
530 2283 573 2357 τὸ
606 2282 699 2358 καθ
730 2280 911 2377 ὁμοίωσιν
935 2281 1161 2385 ἐπανάγαγε,
1186 2281 1231 2359 τὸ
1256 2283 1324 2379 ἂρ-

93 2384 164 2457 ιῖον
188 2378 321 2466 κάλλος
347 2381 716 2481 ἀναμορφιύοασθαι.

469 2519 681 2621 Εὐλογητὸς
705 2516 749 2608 εί,
776 2514 900 2617 Κύριε.

137 2629 263 2710 Είκιύν
288 2640 362 2765 εἶμι
387 2643 452 2732 τῆς
477 2635 637 2735 άῤῥήτοο
664 2634 774 2734 δόξης
798 2659 881 2727 σου,
907 2641 940 2711 ελ
963 2637 1029 2711 καὶ
1052 2634 1239 2738 στίγματα
1259 2635 1326 2734 φέ-

93 2761 134 2810 ον
150 2736 418 2863 πταισμάτων,
445 2739 673 2838 οίκτείρησον
697 2740 741 2815 τὸ
767 2736 837 2816 σὸν
860 2736 1026 2835 πλάσμα,
1060 2737 1235 2828 δέσποτα,
1260 2737 1324 2813 καί

93 2832 268 2935 ιθάρισον
294 2847 341 2937 σῇ
367 2840 618 2971 εὐσπλαγχνίρι
650 2841 714 2918 καὶ
737 2841 808 2939 τὴν
833 2841 1016 2938 ποθεινὴν
1041 2839 1204 2941 πατρίδα
1229 2868 1326 2939 παρ-

93 2962 173 3034 ιχοο
197 2968 283 3034 μοι,
309 2941 540 3041 παραδείσου
565 2941 677 3019 πάλιν
702 2951 821 3018 ποιῶν
846 2943 999 3039 πολίτην
1023 2971 1082 3039 με.

472 3077 682 3181 Εὐλογητὸς
707 3074 751 3167 εἶ,
778 3074 901 3174 Κύριε.

141 3193 188 3269 06
220 3192 288 3270 τὸν
321 3193 443 3293 ἀμνὸν
476 3203 545 3271 τοῦ
574 3200 666 3270 θεοῦ
691 3192 913 3323 κηρύξαντες
936 3192 1001 3269 καὶ
990 3190 1324 3323 σφαγιασθέντος

93 3286 230 3393 θιερ”
205 3323 315 3395 αρνες
345 3297 410 3372 καὶ
417 3297 533 3426 πρὸς
568 3296 667 3395 ζωὴν
697 3297 768 3427 την
799 3294 1011 3400 ἀγήρων
971 3323 1086 3426 αγιοι
1110 3295 1174 3370 καὶ
1199 3293 1325 3370 ἀίδιον

93 3399 327 3487 πατεθέντες,
360 3395 482 3496 τούτῳ
507 3401 662 3483 ἐκτενῶς
685 3426 873 3500 μαρτυρες
898 3395 1118 3496 αλτήσασθε,
1154 3394 1325 3494 ὀφλημά-

93 3524 132 3573 ον
156 3496 309 3575 λύσιν
288 3507 380 3597 ημῖν
405 3469 664 3598 δωρήσασθαι.

475 3634 681 3783 Εὐλογητὸς
704 3633 749 3726 εί,
775 3630 899 3733 Κύριε.

128 3748 413 3831 Ἀνάπαοσον
395 3783 415 3828 ο
445 3753 531 3838 Θεὸς
554 3754 623 3830 τὸν
647 3749 786 3830 δοῦλόν
811 3779 881 3830 σου
901 3782 966 3828 και
951 3747 1190 3836 κατάταξον
1207 3747 1324 3825 αὐτὸν

119 3853 396 3983 παραδείσῳ,’
375 3884 469 3931 οποο
491 3853 600 3955 χοροὶ
625 3883 704 3932 τιον
729 3852 861 3959 άγίων,
888 3850 1015 3954 Κύριε,
1040 3853 1104 3929 καὶ
1130 3882 1165 3929 οι
1154 3850 1323 3928 δίκαιοι

93 3953 310 4085 λάμψοοσιν
342 3956 393 4042 ὥς
433 3967 643 4088 φωστηρες,
683 3957 752 4034 τὸν
782 3957 1049 4085 κεκοιμημένον
1081 3951 1219 4031 δοῦλόν
1251 3977 1321 4031 σου

93 4054 287 4149 άπαοσον,
314 4068 490 4158 παρορῶν
517 4062 635 4136 αὐτοῦ
660 4056 784 4135 πάντα
808 4059 856 4133 τά
882 4055 1103 4162 ἐγκλήματα.

135 4156 246 4244 Δόξα.

93 4320 356 4335 W

113 4475 121 4496 v
138 4398 163 4461 1)
187 4400 287 4467 Propter
310 4401 371 4453 hane
393 4415 474 4453 vocem
491 4401 590 4466 εεερίοε
607 4407 692 4466 postea
709 4403 835 4466 repetitam
854 4401 944 4451 moduli
962 4408 1091 4466 sequentes
1108 4407 1223 4451 vocantur
1239 4392 1324 4449 εὐλο-

93 4497 179 4552 ιαριοι.
