3044 4912
723 268 798 345 346

215 446 347 541 Ταίτης
368 447 407 519 ὀί
425 446 649 541 τελεσθείσης,
670 448 842 542 ψάλλουσι
862 448 919 519 καί
941 445 1047 533 αὐτοὶ,
1076 448 1095 520 ό
1116 476 1154 519 τε
1175 450 1284 541 ἱερεὺς
1303 452 1359 521 καί
1377 448 1394 521 5

127 548 290 634 ιλιὰκονος,
321 550 361 620 τὸ
380 549 557 640 τριςὰγιον,
583 558 762 634 ποιοῦντες
781 548 868 641 ἁμοῦ
888 552 945 621 καί
965 550 1222 642 προςκενήματα
1242 550 1323 644 τρία
1343 550 1395 641 έμ-

127 660 282 745 προσθεν
300 658 361 743 τῆς
381 648 478 743 ἁγίας
497 653 673 745 τραπέζης.

531 786 618 879 Εὐχή
640 796 700 880 τῆς
725 783 794 857 ἁνω
815 786 994 879 καθέδρας.

211 892 384 970 Δέσποτα
407 889 534 992 Κύριε,
561 892 581 970 5
604 892 691 979 Θεὸς
715 903 795 971 τῶν
819 889 1035 991 δυνάμεων,
1063 900 1188 969 σῶσον
1213 892 1283 969 τὸν
1308 890 1393 968 λαόν

128 1020 215 1073 σου·
241 996 305 1071 καὶ
330 991 544 1095 ελρήνευσον
569 994 687 1071 αὐτὸν
709 1006 755 1093 τῇ
781 992 941 1091 δυνάμει
966 1001 1035 1069 τοῦ
1060 993 1170 1097 ἁγίου
1197 1019 1268 1073 σου
1289 992 1394 1073 πνεύ-

126 1126 256 1199 ματος,
284 1095 348 1173 ιλιὰ
373 1106 443 1173 τοῦ
466 1092 586 1175 τύπου
611 1107 680 1173 τοῦ
705 1098 830 1194 τιμίου
856 1122 925 1173 σου
952 1106 1130 1195 σταυροῦ,
1155 1106 1225 1173 τοῦ
1243 1124 1395 1201 μονογε-

127 1208 219 1287 νοῦς
252 1224 321 1275 σου
353 1200 456 1275 υἱοῦ·
490 1200 576 1295 μεθ’
605 1193 651 1275 οὗ
682 1199 875 1303 εὐλογητὸς
907 1197 940 1275 εί
972 1204 1023 1283 είς
1046 1198 1133 1284 τοὺς
1158 1204 1302 1285 αίῶνας
1325 1206 1395 1277 τῶν

129 1298 294 1392 αίαίνων,
321 1298 433 1399 ἀμήν.

405 1427 490 1502 Είτα
511 1434 600 1521 λέγει
620 1432 640 1501 5
663 1430 817 1513 διάκονος
837 1434 924 1520 πρὸς
943 1432 1002 1502 τὸν
1024 1431 1126 1522 ἱερέα.

212 1538 409 1627 Κέλευσον,
436 1535 607 1613 δέσποτα.
648 1552 721 1621 Καί
742 1548 944 1640 ἀπέρχονται
966 1550 1001 1619 έν
1022 1557 1063 1619 τ”
1083 1550 1248 1643 καθέδρᾳ.
1291 1546 1394 1620 Καὶὰ

130 1650 239 1741 ἱερεὺς
257 1651 348 1742 λέγει
369 1649 610 1743 ἀπερχόμενος·
638 1640 750 1714 λίἰλοΑ
784 1639 895 1733 μένος
920 1638 940 1714 5
966 1578 1163 1736 ἐρχόμενος
1187 1646 1229 1715 ἐν
1247 1636 1397 1736 ὀνόματι

129 1740 285 1835 Κυρίου.
334 1751 373 1821 ‘O
405 1756 443 1825 δὲ
471 1754 643 1837 διάκορος·
694 1739 923 1843 Ευλόγησον,
950 1740 1123 1830 δέσποτα,
1149 1740 1218 1836 τὴν
1240 1742 1320 1815 ι’ίνω
1335 1768 1397 1815 κα-

129 1840 287 1942 θέιλραν.

644 1959 715 2027 Καὶ
739 1954 757 2026 5
781 1954 898 2047 ίερεός.

214 2062 472 2167 Εὐλογημένος
503 2060 535 2137 εἷ
567 2063 626 2137 ἐπὶ
657 2058 805 2163 θρόνου
831 2058 940 2157 δόξης
963 2068 1029 2158 τῆς
1051 2060 1244 2159 βασιλείας
1270 2086 1349 2149 σου,
1377 2058 1401 2133 5

129 2162 346 2261 καθήμενος
378 2164 437 2241 ἐπὶ
468 2174 547 2239 τῶν
574 2164 780 2264 χερουβὶμ,
813 2158 992 2251 πάντοτε,
1026 2170 1099 2237 νῦν
1131 2161 1194 2237 καὶ
1230 2162 1288 2237 ἀεὶ
1297 2220 1310 2253 ,
1340 2158 1403 2237 καὶ

131 2269 183 2349 είς
206 2266 296 2351 τοὺς
320 2272 460 2351 αίῶνας
485 2275 564 2342 τῶν
590 2263 752 2343 αἰώνων.

215 2420 305 2493 XIX·
338 2433 411 2502 Καὶ
430 2432 515 2519 μετὰ
534 2433 594 2522 τήν
615 2430 854 2519 συμπλήρωσιν
874 2436 935 2498 τοῦ
948 2427 1127 2519 τριςαγίου,
1149 2428 1401 2509 ἁδιόκονοςέλ-

129 2533 206 2603 θῶν
227 2531 424 2622 ἔμπροσθεν
444 2542 510 2600 τῶν
533 2531 635 2621 ἁγίων
655 2540 771 2622 θυρῶν
792 2535 896 2620 λέγει·

216 2632 465 2735 Πρόσχωμιν.
502 2651 572 2717 Καὶ
599 2648 618 2717 ὁ
641 2647 860 2739 ἁναγνώστης.
903 2634 1050 2731 Ψαλμὸς
1074 2643 1128 2733 τῷ
1155 2634 1295 2731 Δαβιίλ.
1336 2646 1401 2715 Καὶ

130 2750 151 2821 5
175 2748 329 2832 διάκονος
351 2745 464 2832 αὖθις.
516 2738 656 2835 Σοφία·
696 2751 767 2818 Καὶ
788 2748 807 2818 ὁ
830 2747 1037 2841 ἁναγνιόστης
1057 2750 1096 2818 τὸ
1118 2749 1335 2837 προκείμενον
1347 2753 1400 2816 τοῦ

131 2849 336 2923 ἀποστόλου.
379 2854 450 2921 Καὶ
472 2846 575 2933 αὖθις
595 2850 613 2921 5
637 2850 800 2931 διάκονος.
853 2836 1098 2934 Πρόσχωμεν.
1146 2853 1217 2918 Καὶ
1238 2860 1298 2921 τοῦ
1322 2849 1401 2919 ἁπο-

130 2953 253 3023 στόλου
274 2957 524 3046 πληρωθέντος,
551 2953 640 3041 λέγει
662 2951 680 3023 ἁ
703 2951 819 3043 ἱερεός.
855 2937 993 3037 Είρόνη
1021 2965 1088 3012 001·
1124 2953 1194 3019 Καὶ
1219 2950 1238 3019 5
1260 2948 1403 3041 ἀναγνῶ·

131 3082 222 3147 στης.
266 3040 494 3139 Ἁλληλούϊιι,
521 3043 668 3139 ψαλμὸς
692 3050 746 3138 τῷ
773 3040 911 3135 Δαβίιλ.
950 3062 1018 3122 Τοῦ
1041 3055 1078 3122 δὲ
1097 3051 1298 3143 ’Λλληλοόϊα
1321 3055 1404 3143 ψαλ-

130 3157 284 3243 λομέυου,
305 3160 416 3243 λαβὼν
438 3156 456 3227 5
480 3156 633 3238 διάκονος
646 3157 685 3225 τὸ
699 3156 934 3247 θυμιατήριον,
956 3156 1012 3224 καί
1026 3156 1065 3223 τὸ
1080 3154 1247 3241 θυμίαμα,
1270 3154 1404 3243 πρόεισι

131 3264 180 3347 τῷ
202 3256 294 3347 ἱερεῖ,
321 3261 379 3329 καί
400 3260 511 3345 λαβὼν
532 3257 684 3347 εὐλογίαν
706 3256 785 3347 παρ’
810 3256 921 3335 αἰετοῦ,
954 3264 1066 3348 θυμιᾷ
1085 3257 1144 3347 τὴν
1166 3254 1262 3344 ἁγίαν
1284 3255 1406 3345 τρόπε-

132 3358 191 3442 ζαν
218 3358 380 3449 γόρωθεν,
412 3362 469 3431 καὶ
494 3362 533 3429 τὸ
561 3360 724 3448 ἱερατεῖον
750 3360 839 3443 ὅλον,
867 3359 1002 3429 καὶτὸν
1024 3358 1126 3449 ἱερέα.
1168 3356 1280 3428 Καὶὁ
1306 3356 1408 3446 ίερεὺς

132 3461 222 3551 λέγει
242 3462 302 3551 τὴν
324 3459 419 3553 εὐχὴν
440 3461 572 3552 ταίτην.

531 3578 619 3669 Εὖχη
641 3580 709 3671 πρὸ
731 3587 790 3649 τοῦ
812 3576 1012 3668 εόαγγελίου.

210 3686 426 3787 Ἔλλαμιμον
451 3690 492 3762 ἐν
517 3692 598 3769 ταῖς
623 3684 793 3781 καριίίαις
817 3684 939 3780 ἡμῶν,
966 3679 1211 3782 ηιλόνθρωπε
1235 3681 1410 3770 δέσποτα,

133 3786 177 3862 τὸ
209 3797 273 3885 τῆς
305 3796 370 3885 σῆς
402 3786 636 3891 θεογνωσίας
669 3783 856 3885 ἀκήρατον
882 3794 975 3884 φῶς,
1002 3784 1065 3858 καὶ
1090 3782 1176 3867 τοὺς
1200 3792 1280 3878 τῆς
1307 3782 1411 3857 ιλια-

134 3888 269 3973 νοίας
302 3890 434 3987 ἡμῶν
469 3888 716 3974 ιλιιίνοιξυν
752 3886 1055 3987 ὀφθαλμοὺς,
1098 3891 1162 3969 εἰς
1196 3885 1281 3981 τὴν
1318 3894 1412 3959 τῶν

136 3991 453 4093 εὐαγγελικῶν
490 4019 572 4067 σου
598 3988 914 4092 κηρυγμάτων
940 3985 1229 4082 κατανόησιν
1257 3989 1333 4082 (Mc.
1359 3992 1411 4079 5)-

136 4092 246 4178 ἔνθες
270 4093 361 4193 ἡμῖν
386 4094 454 4171 τὸν
479 4103 557 4168 τῶν
582 4096 780 4192 μακαρίων
806 4117 875 4167 σου
901 4095 1062 4166 ἐντολῶν
1088 4088 1225 4187 φόβον,
1253 4092 1320 4163 ἵνα
1345 4090 1413 4171 τὰς

203 4277 277 4283 ---
302 4278 439 4286 ..-...-—.-

222 4368 280 4433 Cap.
299 4370 357 4421 xlx.
393 4370 423 4421 M.
441 4372 469 4421 G.
488 4370 544 4420 Ven.
562 4369 611 4420 057
637 4370 666 4418 ab
685 4368 748 4417 edito
767 4367 883 4417 recedunt
902 4382 948 4417 non
968 4367 1047 4415 solum
1067 4367 1090 4414 in
1110 4365 1216 4424 minutis,
1244 4378 1307 4427 ηυαε
1326 4362 1349 4412 in
1368 4360 1413 4409 levi

136 4449 264 4514 habentur,
283 4456 326 4505 sed
344 4456 436 4517 gravius
455 4456 601 4518 discrepant,
620 4456 709 4503 omissa
728 4454 852 4503 oratione:
876 4448 1024 4517 ἔλλιηιιμον
1040 4448 1094 4499 κτλ.
1114 4465 1173 4513 qnae.
1193 4462 1239 4498 ιιυα
1258 4456 1295 4496 εει
1315 4462 1342 4496 υτ
1359 4445 1413 4497 col-

136 4531 207 4585 lectis
224 4540 346 4589 ιιιαιιιιίσίε
365 4540 412 4589 τοῦ
427 4531 542 4605 όρθρυυ.
561 4540 589 4587 λι
606 4540 713 4589 munitur
731 4538 850 4601 codicum,
868 4538 940 4587 eliam
951 4536 1083 4587 Barberinii
1095 4533 1412 4585 ωειαλττειιιεειιοιοτίῑαιε.
