3044 4912
352 1410 407 1471 llll
435 1408 744 1474 sauuluuuro
773 1412 1162 1488 POENl'l'ENTlllE.¹]

208 1669 236 1726 l.
273 1644 369 1732 Extra
394 1672 609 1734 dubitationem
633 1683 687 1745 est,
711 1673 869 1735 ecclesiam
893 1675 1068 1736 orientalem
1084 1674 1162 1736 haud
1179 1675 1340 1737 dissentire
1355 1675 1393 1739 ab

115 1774 212 1837 latina
237 1774 266 1833 iu
290 1772 424 1834 doctrina
448 1774 484 1835 de
506 1774 709 1853 poeniteutiae
731 1788 929 1850 sacramento,
952 1776 1030 1836 lraud
1048 1776 1212 1837 examinata
1229 1779 1275 1839 rel
1292 1788 1393 1839 notata

116 1875 150 1939 in
173 1875 303 1936 concilio
326 1873 541 1951 Florentin0.²)
588 1875 673 1948 Quod
704 1875 729 1936 si
761 1877 895 1938 nonnulli
919 1897 953 1938 ex
977 1876 1211 1937 Protestantium
1235 1878 1393 1957 theologo-

117 1997 185 2040 rum
215 1995 338 2037 uumero
365 1986 508 2037 vocarunt
536 1977 566 2037 in
596 1977 855 2056 disceptationem,
884 1996 974 2038 causa
1005 1997 1039 2039 ea
1063 1990 1118 2048 ost,
1149 1977 1229 2058 quod
1252 1979 1394 2058 antiquae

117 2078 210 2143 buius
240 2078 416 2139 sacramenti
441 2077 595 2151 formulae,
626 2078 731 2139 obviae
754 2079 784 2141 in
806 2080 1021 2142 vetustioribus
1045 2078 1225 2140 Graecorum
1249 2080 1392 2141 eocbolo-

119 2181 188 2261 giis.
218 2178 377 2240 admodum
400 2179 506 2240 breves
531 2190 610 2251 sunt,
640 2179 714 2242 adeo
738 2181 860 2243 mutilae
883 2190 970 2262 atque
993 2182 1120 2242 hiantes.
1165 2180 1290 2242 Videtur
1312 2182 1391 2243 enim

118 2280 246 2345 ecclesia
269 2280 299 2340 in
322 2281 379 2342 hoc
402 2281 545 2360 mysterio
568 2281 659 2343 multa
682 2282 842 2362 reliquisse
865 2283 1032 2345 sacerdotis
1059 2282 1184 2344 arbitrio
1207 2290 1297 2362 atque
1313 2282 1391 2343 iudi·

118 2384 166 2446 cio
189 2402 244 2463 pro
268 2382 451 2461 poenitentis
474 2393 578 2444 natura
602 2393 632 2445 et
654 2384 844 2457 conditioue3
869 2403 926 2464 quo
951 2384 1059 2446 lactum
1082 2393 1138 2457 est,
1161 2393 1192 2445 ut
1203 2402 1259 2445 nec
1272 2383 1391 2445 conlea-

120 2485 217 2547 sionis
245 2503 343 2563 neque
371 2483 570 2545 absolutionis
592 2484 718 2546 formula
742 2494 817 2546 stata
842 2485 901 2546 illis
925 2485 1010 2547 libris
1034 2486 1145 2546 inserta
1168 2484 1217 2546 sit.
1261 2488 1392 2547 atvero

119 2605 186 2648 cum
215 2585 335 2645 saeculo
366 2585 482 2646 decimo
507 2594 589 2646 sexto
613 2606 647 2647 ac
671 2587 812 2667 deinceps
836 2606 869 2647 ex
893 2587 1031 2648 universa
1055 2586 1286 2647 christianorum
1311 2587 1392 2648 occi·

120 2687 282 2749 dentalium
317 2686 367 2747 lite
396 2688 563 2748 exstiterint
591 2688 679 2749 etiam
708 2691 745 2750 de
768 2688 951 2768 poenitentia
985 2688 1228 2761 controversiae,
1265 2688 1392 2751 ecclesia

121 2790 233 2852 Graeca
262 2789 427 2868 perlectum
456 2802 486 2850 et
513 2790 633 2869 plenum
658 2790 745 2851 ritum
769 2789 972 2870 poenitentiae
995 2790 1079 2851 libris
1102 2788 1317 2851 ecclesiasticis
1340 2789 1391 2851 ad-

119 2891 224 2961 iunxit,
254 2891 344 2951 multa
375 2910 408 2950 ex
432 2890 540 2969 priscis
563 2891 648 2953 libris
671 2892 803 2971 privatae
826 2891 994 2953 devotionis
1018 2900 1160 2965 mutuala,
1182 2891 1213 2952 in
1237 2890 1389 2952 nonnullis

119 2993 244 3054 vocibus
267 3011 302 3053 ac
326 2991 461 3053 lormulis
483 2992 608 3052 llornani
631 2993 747 3053 ritualis
771 2992 952 3067 imitatrixf)

205 3097 235 3157 2.
267 3092 444 3154 Necessario
468 3093 545 3171 apud
570 3094 700 3154 Graecos
723 3094 877 3174 praecedit
899 3093 1102 3154 communioni
1125 3090 1322 3172 poenitentia.
1355 3090 1395 3151 Et

116 3198 256 3279 postulat
283 3194 418 3265 ecclesia,
449 3203 480 3253 ut
509 3203 613 3271 quater
641 3213 695 3273 per
723 3213 830 3256 anuum
861 3193 1004 3254 accedant
1031 3191 1135 3254 fideles
1162 3191 1199 3253 ad
1224 3192 1391 3255 conlessio-

117 3318 189 3361 nem
215 3286 242 3358 el
265 3296 474 3357 eucharistiam
498 3294 606 3374 (quoad
631 3296 801 3356 sacerdotes
825 3314 853 3374 p.
871 3296 955 3371 374),
978 3293 1119 3355 nimirum
1142 3293 1173 3354 in
1196 3294 1285 3356 natali
1301 3303 1329 3355 et
1345 3312 1392 3355 re-

117 3400 308 3463 surrectione
324 3397 452 3469 Domini,
475 3397 505 3457 in
529 3396 620 3457 natali
636 3397 716 3458 l'etri
739 3407 769 3459 et
782 3397 866 3458 Pauli
890 3396 970 3458 etin
992 3394 1206 3476 Assumptione
1227 3394 1391 3472 virginis.⁴t

209 3588 232 3643 ll
257 3586 324 3644 Quod
345 3586 428 3634 Graeci
448 3584 556 3633 moderni
576 3592 659 3632 rocuut
677 3572 855 3647 ἓξαγόρευσιν
873 3584 907 3632 rel
927 3579 1068 3647 ξηγορίαν.

206 3672 231 3731 21
251 3672 316 3720 Paret
334 3670 475 3719 sententiam
495 3669 658 3732 accipiendam
677 3682 731 3716 esse
749 3669 772 3716 in
792 3668 900 3716 maximis
918 3675 942 3716 et
958 3666 1114 3728 gravissimis.
1141 3665 1171 3714 Ut
1189 3664 1392 3715 111111ωά111-

115 3758 218 3824 pantiae
236 3750 380 3817 exemplum,
400 3769 460 3818 quoe
479 3754 577 3816 scripsit
596 3755 728 3804 Germanus
745 3752 880 3815 Episcopus
898 3752 922 3800 in
941 3751 1101 3812 indulgentiae
1119 3749 1221 3813 epistola
1240 3750 1314 3808 (Gonu
1331 3748 1393 3809 681)

115 3867 195 3879 --
219 3833 281 3889 ὅσα
300 3834 336 3886 dl
356 3829 531 3899 1111111111νῆ
550 3830 635 3885 uldel
654 3830 944 3902 ἀνεξομολόγηια
964 3830 1043 3882 ἔασε
1063 3823 1291 3898 συγχωρήσαι
1308 3827 1393 3901 αὐτῇ

118 3923 134 3977 ὁ
159 3922 248 3980 Geor
264 3950 296 3958 -
317 3923 379 3973 bend
397 3938 497 3987 prorsus
517 3923 655 3986 conspirent
673 3936 726 3971 cum
745 3921 977 3971 doctrinallomaua.
995 3920 1098 3983 Excepto
1118 3918 1171 3967 loco
1191 3918 1220 3967 de
1230 3919 1396 3969 satisfactione

116 4011 185 4063 hand
205 4009 305 4059 multum
325 4007 403 4057 dillert
422 4007 522 4056 ecclesia
535 4010 623 4059 Graeca
642 4007 671 4056 111
690 4007 789 4056 vetustis
798 4005 989 4055 lutheranorum
1008 4005 1037 4053 de
1056 4002 1208 4054 confessione
1220 4004 1391 4068 priuatuprae·

114 4113 144 4147 ce
166 4096 206 4144 tis.

148 4113 162 4162 p
209 4177 234 4235 3)
260 4178 331 4226 llecte
354 4185 436 4227 mouet
454 4179 555 4236 Goaroe,
579 4178 649 4226 etiam
674 4177 698 4226 in
716 4174 798 4224 latina
823 4175 924 4224 esctesia
944 4175 1063 4238 antiquam
1083 4171 1242 4221 absolutionis
1261 4170 1390 4221 formulam

112 4264 198 4313 verbis
222 4262 376 4324 deprecativis
402 4264 560 4326 compositam
579 4263 663 4320 luisse,
688 4262 827 4310 modernum
846 4260 908 4308 baud
927 4273 1043 4323 superare
1061 4258 1184 4307 saeculum
1204 4257 1322 4306 decimum
1341 4264 1391 4306 ter-

112 4352 176 4400 tium
197 4345 233 4394 rel
252 4346 428 4406 duodecimum,
447 4347 534 4408 opinor
552 4347 684 4396 Concilium
703 4346 864 4395 lateranense
885 4344 959 4394 1215.

211 4429 237 4489 4)
255 4431 411 4480 limenorum
432 4445 512 4480 mores
531 4442 643 4481 enarrant
661 4432 762 4480 Suritlr
782 4440 805 4480 et
823 4430 958 4490 Duight:
978 4427 1112 4489 „ouguun
1131 4428 1153 4476 iu
1172 4426 1235 4476 allen
1249 4426 1392 4490 Sprengeln

114 4514 212 4565 welcbe
238 4513 274 4563 die
300 4514 459 4578 binlangliclre
477 4515 564 4566 Anzabl
583 4531 627 4566 ron
646 4515 768 4566 Priestcrn
786 4515 873 4577 baben,
898 4514 936 4564 die
954 4514 1031 4563 llessc
1049 4512 1136 4576 taglicb
1155 4513 1254 4575 geleiert
1271 4511 1339 4572 wird,
1362 4524 1391 4559 so
