3044 4912
728 225 800 301 189

200 408 374 483 Sacerdos
407 409 584 483 occulatur
608 410 751 484 hostiam
777 412 814 485 in
838 413 971 485 modom
996 415 1119 500 morie,
1153 415 1203 487 ito
1230 425 1338 489 tomen
1364 428 1401 488 ot

119 512 216 585 loln'u
241 510 316 585 eius
342 511 388 585 od
414 535 488 585 eom
511 536 577 584 non
600 514 808 609 pertincant,
835 514 896 587 ced
911 516 1011 610 puori
1028 516 1230 589 ooooloodo:
1258 527 1290 589 et
1309 519 1402 595 dicit.

120 612 238 686 Gloria
275 612 335 685 tibi
370 613 532 703 Domiue3
566 613 671 708 glorio
707 616 766 687 tihi
799 615 962 705 Domioe;
995 627 1131 714 propter
1157 619 1282 692 douum
1311 630 1403 693 tuum

120 739 205 810 erge
230 739 293 787 nos
319 715 554 806 inenarrabile,
580 716 616 787 in
644 717 785 791 soeculo.

205 848 298 922 Tooc
324 850 454 922 cecedit
481 851 525 921 od
551 849 680 922 hostiae
704 852 915 948 fractionem,
942 875 1041 948 quom
1067 853 1225 926 omhoboc
1249 856 1403 929 monibus

120 954 209 1049 [ecit
243 952 367 1024 dicens.
420 951 619 1025 Accedimus
647 952 787 1024 Domine
821 976 896 1025 curn
932 953 998 1024 lule
1025 976 1112 1045 vere,
1150 953 1402 1054 frangimusque

122 1076 200 1125 cum
236 1053 460 1145 conlessioue,
495 1063 528 1123 ct
561 1053 733 1148 signamus
767 1077 828 1150 per
854 1054 1117 1127 misericordiam
1144 1067 1245 1149 tuom,
1280 1082 1403 1154 corpus

123 1166 157 1226 et
190 1155 391 1249 sanguinem
426 1154 638 1227 vivificatoris
664 1156 770 1228 nostri
797 1155 873 1229 lesu
900 1154 1036 1249 Christi,
1071 1157 1268 1230 innomine
1296 1158 1402 1233 Petris

121 1268 155 1328 ct
180 1255 272 1348 Filii,
298 1266 332 1329 et
357 1256 504 1352 Spiritus
531 1257 647 1329 sancti.

201 1390 248 1463 Et
272 1392 441 1464 nominato
471 1390 648 1477 Trinitate,
673 1391 802 1489 {coepit
829 1390 972 1467 hostiam
997 1417 1096 1491 qoam
1121 1395 1273 1468 munione
1300 1404 1401 1482 teoct,

122 1495 158 1564 io
185 1493 272 1565 duos
295 1504 433 1591 portee;
468 1502 501 1564 et
528 1518 599 1564 eom
625 1516 709 1589 pisce
737 1502 787 1565 est
812 1493 849 1563 in
874 1517 975 1566 mono
1001 1495 1074 1568 ciue
1100 1495 1241 1568 sinistro
1268 1496 1402 1593 deponit

122 1595 158 1665 io
185 1594 299 1667 disco:
327 1594 436 1666 altero
462 1619 561 1693 quom
586 1618 687 1683 mono
714 1595 836 1666 dectro
863 1605 962 1682 tenet,
989 1597 1101 1691 oipnot
1120 1597 1258 1670 calicem
1276 1598 1400 1672 clicone.

123 1694 287 1790 Signatur
321 1696 456 1790 sanguis
490 1697 657 1792 pretiosus
693 1718 832 1792 corpore
868 1706 982 1769 sancto
1016 1698 1149 1770 Domini
1186 1700 1291 1772 nostri
1326 1700 1401 1774 lesu

124 1797 261 1870 Christi.
300 1796 338 1869 ln
365 1797 499 1870 nomine
526 1797 645 1890 Petris,
674 1806 707 1868 et
724 1796 812 1888 Filii,
841 1808 874 1868 et
890 1797 1036 1894 Spiritus
1064 1801 1168 1872 sancti
1197 1803 1231 1873 in
1260 1802 1402 1875 soeculo.

200 1916 247 1988 Et
274 1916 485 2013 recporsdent.
537 1916 654 1988 Amen.

204 2049 235 2123 Τ
231 2032 450 2144 κη’ίηιίηφίε
476 2074 548 2122 eom
573 2075 678 2147 ceptio
705 2053 750 2123 od
773 2050 918 2124 medinm
942 2050 978 2122 in
1005 2051 1121 2137 colice,
1149 2061 1180 2122 et
1199 2053 1308 2146 sipont
1328 2078 1403 2127 com

124 2176 163 2225 eo
189 2176 313 2248 corpor
339 2153 427 2250 qood
453 2161 502 2225 cst
528 2152 563 2223 in
585 2164 712 2248 poleno
738 2154 862 2225 dicens.
916 2152 1076 2247 Signatur
1103 2177 1224 2250 corpus
1250 2165 1402 2227 sanctum

122 2253 289 2349 sunguine
321 2254 550 2350 propitiatorio
584 2253 719 2329 Domini
756 2255 862 2328 nostri
895 2253 972 2326 lesu
1007 2253 1141 2327 Christi.
1194 2254 1231 2325 ln
1267 2254 1402 2327 uomiue

122 2353 243 2447 Patris,
272 2364 306 2426 et
330 2354 417 2447 Filii,
446 2367 479 2427 et
505 2355 649 2453 Spiritus
677 2356 856 2448 saucti‚⁴in
883 2355 1026 2431 soeculo.

200 2473 247 2546 Et
273 2474 484 2569 respondent.
537 2475 654 2547 hmeu.

203 2590 445 2689 Cooioopitque
472 2594 584 2665 omhos
607 2604 737 2690 portes,
764 2617 865 2664 cenom
891 2617 966 2665 cons
992 2592 1102 2666 altero
1129 2592 1253 2687 diceros.
1289 2592 1402 2666 Diviso

126 2707 214 2784 sunt,
243 2694 457 2786 sanctificato,
492 2696 665 2791 completo,
699 2694 858 2791 perlecto,
892 2694 996 2785 unito,
1024 2704 1058 2769 et
1083 2698 1255 2769 commista
1281 2707 1402 2789 myste-

127 2798 173 2866 ria
202 2797 285 2867 hoec
311 2798 491 2893 praeclaro,
525 2810 650 2889 saucio,
685 2797 878 2867 vivificantia
907 2808 940 2868 et
966 2797 1088 2886 divina,
1122 2822 1225 2870 unum
1254 2821 1329 2870 cum
1358 2798 1402 2870 ol·

129 2912 208 2989 tero,
243 2900 277 2969 in
312 2900 448 2970 nomine
482 2900 651 2971 colorando
686 2911 720 2972 et
753 2899 898 2992 glorioso
926 2897 1097 2971 Trinitatis
1132 2910 1207 2970 tuoe
1235 2899 1401 2992 gloriosae

129 2999 235 3091 Fater,
269 3000 344 3092 Fili,
380 3013 412 3072 et
439 3001 583 3097 Spiritus
618 3013 744 3091 sancte,
781 3010 817 3072 ut
843 3002 909 3071 sint
936 2999 1032 3070 nobis
1060 2999 1201 3070 Domine
1229 3002 1263 3071 in
1289 3002 1402 3096 propi·

130 3102 299 3174 tiotionem
328 3103 535 3195 delictorum,
564 3116 597 3174 et
623 3103 854 3175 remissionem
880 3112 1104 3198 peccatorum,
1140 3103 1173 3171 in
1201 3123 1294 3197 spem
1322 3126 1402 3198 quo·

131 3229 190 3299 que
224 3227 377 3298 magnam
412 3205 667 3276 resurrectionis
701 3203 898 3293 amortuis,
933 3212 966 3273 et
991 3202 1076 3274 vitoe
1104 3226 1207 3274 novoe
1235 3204 1268 3273 in
1296 3224 1402 3297 regno

133 3307 308 3396 coelorum,
336 3306 432 3377 nohis
460 3318 493 3377 et
518 3307 686 3378 Ecclesiae
714 3315 846 3376 sauctae
873 3303 997 3376 Christi
1020 3304 1154 3376 Domini
1181 3306 1299 3396 nostri,
1329 3307 1403 3377 istic

134 3419 163 3477 et
194 3408 226 3478 in
263 3432 470 3505 quacumque
504 3411 654 3504 regione,
691 3431 777 3479 nuuc
812 3419 846 3477 ct
872 3430 1015 3505 semper,
1053 3418 1086 3478 et
1112 3407 1146 3478 in
1174 3407 1304 3479 soeculo
1331 3431 1402 3478 sae·

133 3510 290 3583 culorum.

136 3814 197 3864 illim
223 3816 365 3865 tractionem
389 3815 478 3864 nolunt.
513 3815 592 3864 hltera
618 3815 682 3863 illins
707 3813 873 3862 caeremoniae
897 3826 963 3875 pars,
988 3826 1048 3875 quac
1066 3819 1145 3860 tumen
1165 3812 1288 3860 tractionis
1307 3812 1403 3865 nominc

138 3900 353 3963 conprehenditur,
379 3900 487 3948 intinctio
512 3908 549 3948 est
573 3901 643 3949 unius
668 3898 799 3961 poriiculoe
826 3898 848 3945 in
869 3894 957 3945 colice:
982 3903 1031 3944 tom
1050 3910 1077 3944 er
1096 3911 1122 3945 ee
1143 3896 1239 3944 intincto
1258 3904 1281 3944 et
1300 3896 1403 3956 madido,

138 3986 279 4046 consignatio
303 3983 451 4048 reliquarum
475 3985 646 4048 particulorum
671 3984 694 4031 iu
718 3982 784 4031 disco
810 3982 951 4045 positorum.
987 3980 1031 4030 llic
1049 3981 1115 4030 ltitus
1140 3981 1180 4044 qui
1205 3986 1255 4027 toto
1274 3979 1403 4029 Oriente·

138 4066 272 4117 Christianis
291 4069 440 4126 obserentur,
463 4077 569 4125 vocetur,
594 4070 660 4127 nnio,
678 4066 837 4127 consignatio,
862 4066 998 4114 commistio
1016 4078 1141 4115 sacrorum
1162 4063 1328 4126 mysteriorum
1347 4078 1403 4113 cor·

138 4153 199 4212 poris
224 4160 246 4201 et
269 4154 409 4214 seoguinis:
434 4168 511 4217 neque
536 4153 615 4202 locum
641 4153 730 4201 holere
754 4159 842 4214 potest,
867 4150 913 4198 nisi
931 4164 985 4198 serr
1003 4158 1027 4198 et
1043 4149 1210 4198 subcinericiis
1228 4149 1402 4197 clementorum

139 4239 299 4285 transmutatio
323 4237 442 4286 credetur.
477 4237 538 4286 'lom
562 4239 632 4285 eriam
652 4235 711 4284 illud
729 4237 847 4299 sequitur,
872 4235 953 4283 lectori
971 4248 1000 4282 eo
1019 4233 1071 4282 llitn
1091 4233 1240 4282 Christianos
1259 4232 1404 4291 Orientales,

141 4317 159 4365 il
181 4321 243 4383 qnod
268 4322 388 4369 lacohirse
413 4322 436 4368 in
460 4336 503 4369 suo
522 4322 623 4385 quedem
643 4321 752 4369 ororione
769 4320 919 4382 exprimunt:
943 4333 1032 4382 corpus
1051 4317 1097 4366 hoc
1115 4333 1169 4366 esse
1187 4316 1253 4366 illins
1271 4316 1404 4378 sauguinis,

141 4412 161 4449 er
175 4408 312 4465 sanguinem
332 4405 398 4452 illius
416 4407 539 4467 corporis:
559 4419 632 4454 unum
651 4404 743 4453 scilicet
760 4403 943 4466 indiuisumque,
962 4403 984 4451 in
1004 4403 1104 4452 dirersis
1122 4402 1251 4465 speciebus
1264 4414 1404 4451 circumcu-

142 4491 193 4548 lum,
211 4500 291 4538 nrutuo
313 4488 383 4537 unius
401 4491 489 4551 speciei
508 4504 560 4538 cum
581 4489 663 4547 aliero,
683 4489 849 4537 commistione
867 4490 1042 4537 confirmatum.
