3044 4912
819 259 893 332 422

299 439 404 540 Ὑπὲρ
431 437 631 530 πλεόντων,
660 439 972 537 ὁδοιπορούντων.

298 542 403 638 Ὑπὲρ
429 551 497 617 τοῦ
522 545 710 640 ῥυσθήναι
734 543 844 640 ἡμᾶς.

294 644 528 741 Ἀντιλαβοῦ.

306 752 377 843 Ὶῆς
403 742 612 847 Παναγίας.

292 847 311 874 ΡΙ

309 851 374 925 Οτι
401 848 539 946 πρέπει.

528 977 615 1070 Εὐχή
639 975 825 1070 ἀντιφώνου
847 978 982 1069 πρώτου
1003 986 1179 1066 μυστικῶς.

303 1081 429 1180 Κύριε,
456 1083 476 1159 5
505 1083 592 1167 Θεὸς
616 1081 739 1180 ἡμῶν,
765 1076 810 1159 οὗ
835 1083 878 1158 τὸ
903 1081 1038 1183 κράτος
1062 1083 1284 1160 ἀνείκαστον
1309 1113 1341 1186 p.
1355 1089 1434 1162 341.

304 1213 388 1285 T55'
413 1214 528 1306 ἱερέως
549 1216 702 1304 λέγοντος
722 1216 781 1305 τήν
802 1213 898 1304 εὐχήν
917 1221 1083 1302 μυστικῶς
1103 1216 1138 1283 ἐν
1158 1223 1207 1305 τῷ
1227 1214 1366 1306 βήματι,
1389 1219 1472 1307 ἐντῷ

216 1313 308 1408 αάτιῖ
328 1324 441 1409 καιρῷ,
464 1315 483 1386 5
504 1316 656 1398 διάκονος
670 1317 758 1404 λέγει
774 1314 838 1399 ἔξω
852 1325 912 1386 τοῦ
925 1316 1075 1405 βήματος
1088 1319 1131 1385 τὰ
1145 1316 1303 1407 είρήνικά.
1323 1318 1369 1388 Εἰ
1383 1317 1415 1388 5'
1429 1316 1472 1388 οίτ
1514 1346 1516 1379 :

216 1416 289 1489 ἔστι
311 1417 474 1500 ὸιάκονος,
497 1415 516 1487 5
539 1415 645 1504 ίερεὸς
664 1419 749 1504 μετὰ
770 1419 830 1508 τήν
851 1414 946 1507 εὐχήν
967 1418 1055 1505 λέγει
1076 1420 1119 1488 τὰ
1141 1418 1300 1510 εἰρηνικὰ,
1329 1421 1388 1490 καὶ
1405 1421 1473 1507 μετὰ

215 1527 321 1589 ταῦτα
342 1519 401 1608 τήν
424 1517 617 1610 ίκφώνήσιν.

292 1626 369 1698 Ἔτι
393 1623 456 1698 καὶ
482 1625 534 1697 ἔτι
560 1626 603 1698 ἐν
628 1619 752 1720 ελρήνῃ
778 1631 846 1699 τοῦ
873 1622 1026 1722 Κυρίου.

294 1727 529 1821 Ἀντιλαβοῦ,
556 1733 691 1801 σῶσον.

303 1832 375 1924 Τῆς
400 1826 605 1930 παναγίας,
632 1824 835 1925 ἀχράντου.

671 1972 844 2066 Ἐκφώνως
864 1970 884 2043 ὰ
906 1971 1022 2060 ίερετίς.

288 2080 370 2158 Ὅτι
399 2079 468 2156 σὸν
492 2079 535 2154 τὸ
560 2076 695 2178 κράτος
718 2087 794 2155 κτλ.
821 2107 853 2180 p.
872 2082 957 2155 342.

296 2193 334 2264 ‘0
364 2193 473 2284 τορός·
511 2179 639 2278 Ἀμήν·

297 2298 399 2367 Μετὰ
420 2297 462 2365 τὰ
485 2295 640 2389 εἰρηνικὰ,
663 2293 681 2364 5
703 2298 801 2382 χορὸς
822 2294 946 2385 ψάλλει
967 2295 1006 2363 τὸ
1029 2300 1162 2385 πρῶτον
1183 2291 1383 2388 ἀντίφωνον,
1403 2294 1424 2389 ἢ
1442 2298 1476 2366 τὰ
1514 2290 1516 2295 ’

213 2399 348 2480 τυπικὰ,
371 2397 402 2467 εί
423 2396 494 2466 ἔστι
514 2399 663 2487 κυριακή,
686 2397 717 2467 εί
739 2396 773 2468 δ’
798 2392 866 2480 σι’·ν,
887 2405 948 2487 τῆς
968 2393 1103 2489 ἡμέρας.

515 2530 602 2622 Εὐχή
625 2530 813 2624 ἀντιφώυου
837 2533 992 2621 δευτέρου
1013 2538 1188 2618 μυστικῶς.

297 2634 423 2733 Κύριε,
450 2637 469 2710 5
501 2637 587 2719 Θεὸς
611 2637 732 2732 ἡμῶν,
761 2646 885 2711 σῶσον
910 2637 978 2712 τὸν
1005 2634 1096 2710 λαόν
1123 2661 1190 2711 σου
1218 2665 1250 2736 [ι.
1263 2641 1351 2713 342.

296 2767 487 2859 Σήμείωσαι
513 2765 687 2837 κάνταῦθα
714 2766 759 2849 ώς
786 2770 842 2837 καί
872 2770 906 2837 ἒν
934 2777 973 2860 τῇ
995 2767 1120 2859 πρώτῃ.
1164 2768 1207 2837 Εἰ
1230 2768 1302 2837 ἔστι
1326 2769 1475 2849 διάκονος,

213 2867 234 2958 ἢ
257 2867 316 2939 οὐκ
339 2869 420 2938 ἔστι.

288 2977 362 3049 Ἔτι
389 2973 451 3049 καὶ
477 2976 539 3047 ἔτι.
585 2975 822 3072 Ἀντιλαβοῦ.
880 2981 951 3071 Τῆς
977 2972 1161 3076 παναγίας
1188 2972 1392 3075 ἀχροίντου.

670 3121 844 3214 Ἐκφώνως
865 3122 883 3192 5
907 3122 1022 3212 ἱερεύς.

286 3227 366 3304 Ὅτι
396 3225 542 3329 ἀγαθός
568 3256 599 3326 p.
620 3231 704 3303 343.

295 3343 396 3410 Μετὰ
417 3342 459 3410 τὰ
482 3340 618 3431 δεύτερα
641 3341 787 3432 εἰρηνικὰ
810 3342 934 3433 ψάλλει
956 3341 974 3411 5
996 3345 1094 3429 χορὸς
1115 3344 1153 3411 τὸ
1170 3341 1324 3432 δεύτερον
1340 3342 1471 3434 ἀνείρυ-

211 3471 276 3527 νον,
299 3442 319 3534 ἢ
342 3446 383 3512 τὰ
405 3445 528 3511 τυπικὰ
549 3445 591 3511 τὰ
615 3444 761 3532 δεύτερα,
786 3443 815 3511 εί
831 3443 900 3512 ἔστι
916 3447 1064 3532 κυριακή,
1088 3444 1118 3514 εί
1134 3443 1167 3512 5¹
1186 3439 1253 3526 οὖν,
1276 3454 1337 3534 τῆς
1351 3444 1469 3534 ἡμέρας.

533 3577 619 3670 Εὸχή
644 3576 832 3668 ἀντιφώνου
853 3579 966 3667 τρίτου
987 3588 1162 3665 μυστικῶς.

282 3686 325 3762 ‘O
357 3685 424 3769 τὰς
456 3685 583 3769 κοινὰς
616 3682 753 3766 ταύτας
778 3683 841 3757 καὶ
868 3682 1097 3781 συμφώνους
1120 3684 1211 3779 ἡμῖν
1233 3683 1467 3780 χαρισάμενος
1510 3670 1513 3685 ’

210 3789 410 3884 προςευχάς
437 3816 467 3886 p.
486 3789 570 3862 343.
1504 3784 1514 3867 ί

379 3917 462 4007 Είχή
486 3926 545 4008 τῆς
567 3916 696 3999 είςόὸου
718 3925 777 3985 τοῦ
800 3914 896 4005 ἀγίου
917 3914 1118 4004 Εὸαγγελίου
1140 3926 1316 4003 μυστικῶς.

294 4024 463 4097 Δέσποτα
489 4022 615 4121 Κύριε,
643 4023 662 4096 5
693 4022 780 4105 Θεὸς
805 4022 926 4119 ἡμῶν,
955 4021 973 4094 5
1000 4020 1232 4119 καταστήσας
1259 4052 1291 4122 p.
1308 4028 1393 4099 344.

294 4140 395 4208 Μετὰ
422 4140 481 4229 τήν
509 4136 603 4228 εὐχήν
631 4139 660 4220 5',
683 4165 718 4205 τε
742 4136 848 4226 ἱερεὸς
867 4138 923 4205 καί
945 4135 963 4205 5
997 4136 1159 4220 διάκονος,
1188 4139 1244 4206 καί
1266 4137 1284 4208 5
1307 4142 1413 4228 χορὸς,
1436 4133 1466 4201 τὰ

210 4236 294 4308 αὐτὰ
314 4241 371 4308 καί
392 4248 541 4323 ποιοῧσι,
568 4241 624 4308 καί
646 4241 789 4328 λέγουσι,
813 4237 859 4320 ώς
878 4247 918 4328 τῇ
939 4246 999 4307 τοῦ
1021 4239 1263 4328 Χρυσοστόμου
1286 4236 1467 4327 λειτουργίᾳ,

392 4372 479 4462 Εὸχή
503 4383 562 4444 τοῦ
583 4375 761 4465 τριςαγίου,
783 4370 823 4467 ἢν
845 4374 862 4446 5
886 4372 992 4467 ίερεὸς
1010 4382 1177 4464 μυστικῶς
1198 4377 1299 4466 λέγει.

287 4477 330 4555 Ὁ
359 4481 446 4563 Θεὸς
472 4481 492 4554 5
521 4480 635 4580 ἅγιος,
663 4480 682 4554 5
710 4485 751 4555 ἐν
776 4478 895 4582 ἀγίοις
921 4478 1209 4578 ἀναπαυόμενος
1235 4511 1268 4583 p.
1286 4486 1374 4563 345.
