3044 4912
654 214 725 289 tva

122 395 255 470 llicbue
280 396 411 468 numdi.
462 395 506 469 Et
530 358 677 496 propter.

10 489 19 554 -ἱ
122 498 166 571 lo
192 499 501 572 conmemoratione
528 499 741 574 Senatorum.
787 500 845 574 ''lu
870 502 1025 596 Domine,
1056 529 1134 580 vere
1161 531 1197 580 es
1224 510 1331 583 susci-

11 694 17 703 *
61 611 134 674 tator
169 624 349 699 corporum
374 612 586 675 nostrorum:
621 613 656 675 tu
684 626 721 676 es
747 602 897 677 Salvator
922 605 1032 679 bonus
1057 608 1243 682 animarum
1269 635 1331 684 no·

63 713 205 796 suarum,
233 713 269 775 ct
293 713 509 776 conservator
534 726 675 777 neamus
700 704 787 777 vitae
812 717 965 780 nostrae:
993 731 1121 806 nosque
1148 722 1280 808 oportet
1298 725 1329 787 te

64 814 211 902 perpetuo
238 804 403 898 confiteri,
430 804 570 879 adorare
598 817 632 878 et
658 806 846 901 glorificare
873 810 1023 882 omnium
1048 810 1202 887 bomine.

10 2198 15 2315 l

125 905 179 978 Ad
202 904 389 983 Lectiones.
442 907 598 1000 Sanctus,
625 902 833 997 laudandus,
869 921 1001 1009 potens,
1037 913 1244 1009 immortalis,
1272 917 1329 1014 qui

36 1008 92 1103 ‚in
112 1010 237 1082 sanctis
262 1008 406 1102 habitas,
433 1020 467 1083 et
491 1010 674 1106 requiescit
698 1014 732 1082 in
760 1012 811 1084 eis
836 1014 987 1087 volutatus
1014 1025 1087 1089 tua:
1115 1020 1245 1113 respice
1263 1019 1330 1091 Do·

65 1111 152 1203 nine,
185 1111 352 1208 propitius
378 1121 449 1183 esto
477 1122 513 1204 et
527 1112 698 1185 miserere
724 1114 844 1207 nostri,
878 1116 966 1188 sicut
991 1116 1026 1188 in
1055 1119 1212 1192 omuibus
1238 1121 1330 1194 auxi·

64 1211 148 1285 lator
173 1236 212 1285 es
239 1214 388 1286 omnium
413 1213 571 1286 bomine.

60 1362 65 1377 “
125 1362 180 1436 tv.
220 1364 274 1437 lo
298 1360 503 1463 Apostolacm.
556 1365 708 1437 lllumiua
734 1364 831 1438 nobis
857 1366 1000 1441 Domine
1027 1380 1060 1442 et
1084 1371 1176 1445 Deus
1203 1385 1330 1466 noster,

63 1476 160 1539 motus
194 1468 434 1563 cogitationum
468 1477 670 1561 nostrerum,
705 1468 745 1540 ad
778 1468 981 1544 audiendum
1016 1483 1050 1544 et
1076 1473 1329 1570 intelligendum

63 1567 239 1641 auditiones
266 1592 383 1642 sueves
410 1569 641 1641 mandatorum
665 1580 799 1643 tuorum
817 1571 1053 1646 vivificantium
1072 1585 1105 1647 et
1123 1576 1329 1651 divinorum:

63 1681 90 1741 et
111 1669 258 1742 concede
284 1670 383 1755 uobis
408 1694 469 1767 per
495 1672 636 1765 gratiam
663 1682 696 1743 et
721 1673 985 1748 misericordiam
1017 1689 1107 1750 tuam
1135 1687 1173 1750 ut
1198 1704 1238 1752 ex
1265 1680 1330 1753 illis

62 1770 245 1866 colligamus
282 1783 516 1868 argumentum
549 1773 737 1846 dilectionis
771 1783 805 1846 et
836 1776 928 1871 spei,
965 1778 1172 1877 salutemque
1200 1783 1330 1855 animae

63 1883 90 1945 et
111 1874 242 1970 corpori
270 1874 541 1948 convenientem:
570 1898 794 1973 canemusque
822 1875 881 1949 tibi
909 1877 1049 1974 gloriam
1067 1892 1261 1979 perpetuam
1280 1885 1330 1957 in·

62 1972 256 2068 desinenter,
282 1987 317 2049 et
341 1998 485 2074 semper,
513 1976 661 2049 omnium
687 1976 841 2049 Domine.

124 2077 252 2150 Diebm
276 2078 406 2150 ieiunii.
459 2078 534 2151 Tibi
560 2079 764 2173 gubernator
790 2078 934 2176 sapiens.

62 2286 69 2299 .
101 2227 140 2302 V.
191 2230 405 2305 Descendens
439 2231 599 2307 rotnace
626 2231 858 2326 Euangeliou,
895 2233 1009 2329 diceus
1036 2233 1121 2306 boue
1147 2236 1332 2309 orationem

62 2354 165 2405 errem
195 2332 312 2406 ulturi.
363 2332 410 2407 'l'e
444 2355 582 2429 germen
616 2334 822 2430 praeclarum
848 2334 957 2410 Patris
990 2336 1052 2428 tui,
1090 2347 1125 2408 et
1148 2337 1330 2433 imaginem

61 2533 100 2585 diei
115 2534 195 2596 debet,
213 2536 320 2586 assumit
338 2553 393 2599 una,
412 2553 473 2602 puae
492 2537 563 2588 aliter
580 2538 667 2601 legitur
684 2537 708 2587 in
719 2537 793 2587 llissa
804 2537 954 2599 artabanes,
973 2539 1093 2605 etdequa
1105 2541 1233 2592 dicendum
1244 2549 1331 2593 eet-

61 2619 204 2670 ldditiouem
227 2620 252 2670 in
270 2620 379 2686 trisagio
398 2622 455 2681 Qui
474 2623 648 2673 crueitlxus
666 2629 714 2672 est
732 2636 788 2687 pru
806 2623 904 2673 uobis
928 2623 1040 2687 ignorant
1069 2633 1092 2676 et
1116 2635 1256 2678 aversentur
1281 2627 1331 2678 lie-

61 2705 222 2754 ttoriani'nuu
242 2706 322 2755 minus
340 2719 411 2770 quam
430 2705 566 2755 orthodoxi.
827 2749 828 2752 ,

136 2789 197 2853 Cap.
215 2789 242 2839 t.
278 2789 492 2840 lteneldotius
511 2789 527 2838 l.
539 2807 559 2840 e.
578 2805 601 2855 p.
612 2789 723 2854 illisu:
750 2788 815 2840 llibil
839 2788 954 2854 praesidii
979 2791 1026 2842 hoc
1050 2792 1073 2843 in
1099 2791 1154 2844 loco
1178 2795 1280 2846 habetur
1303 2810 1331 2846 ex

58 2871 122 2923 lissa
140 2873 300 2923 ltalabariea:
325 2873 368 2923 sed
392 2887 421 2922 ex
444 2874 528 2936 paucis
545 2875 599 2923 istie
616 2874 695 2924 verbis
713 2874 814 2938 intelligi
832 2881 914 2939 potest
931 2875 961 2925 ad
979 2875 1099 2939 Evangelii
1119 2878 1257 2940 tectionem,
1281 2894 1331 2932 nou

59 2957 132 3008 nium
147 2958 297 3008 reverentiae
314 2958 546 3023 apudllestoriauoe
565 2972 637 3022 quam
655 2957 722 3019 alibi,
740 2959 817 3009 tuisse
836 2958 985 3010 adttbiaom:
1003 2975 1090 3025 nempe
1102 2962 1233 3012 salutetum
1246 2964 1330 3025 luisse,

56 3041 211 3103 boeasatum,
228 3051 253 3093 et
270 3056 325 3092 eum
343 3042 435 3092 bonore
454 3042 654 3106 praecedentibus
672 3043 749 3092 cerole
766 3043 798 3094 ad
815 3042 944 3093 ambonem
962 3043 1077 3094 delatum.
1112 3046 1330 3097 Proclamattouem

58 3133 141 3188 autem,
160 3128 229 3177 cuius
249 3127 367 3177 hocloco
386 3127 475 3176 mentio
495 3133 540 3190 est,
559 3127 723 3177 existimamus
740 3142 796 3176 esse
814 3129 891 3192 ipsam
904 3127 1023 3190 Evangelii
1041 3128 1207 3179 recitationem
1226 3144 1287 3195 queo
1305 3131 1332 3180 tlt

58 3210 101 3260 alta
124 3225 182 3261 voce
206 3212 231 3261 iu
256 3210 369 3261 omuibus
386 3211 510 3262 Eccleeiis.
548 3211 630 3263 Oratio
655 3227 716 3276 quaa
735 3212 904 3276 interponitur,
929 3213 953 3262 in
972 3228 1018 3277 qua
1036 3212 1095 3262 baec
1112 3215 1183 3264 verba
1201 3223 1266 3274 sunt,
1290 3214 1332 3280 qai

57 3295 171 3345 revelatus
190 3310 216 3346 ea
235 3295 306 3346 nobie
325 3295 348 3344 iu
368 3309 471 3360 corpure
489 3296 643 3346 humanitatis
662 3304 769 3357 nostrae,
787 3302 872 3360 posset
889 3292 991 3347 alieuius
1008 3297 1092 3349 aeneai
1110 3299 1249 3363 suspicione
1261 3299 1333 3350 labo·

59 3393 117 3438 rare,
141 3382 250 3444 quamvis
269 3381 431 3430 orthodoxam
456 3381 598 3431 senteutiam
618 3382 746 3431 contineat.
782 3380 809 3429 lu
827 3381 898 3430 istam
916 3383 1055 3446 opinionem
1074 3385 1156 3446 potius
1173 3385 1277 3434 eundum
1295 3385 1332 3435 ri-

59 3463 134 3523 detur,
150 3480 204 3514 sum
223 3465 247 3513 iu
266 3465 312 3514 bac
329 3465 442 3527 liturgia,
461 3466 510 3515 imo
529 3465 552 3515 in
569 3466 622 3515 aliis
641 3465 734 3514 duabus
752 3465 874 3514 Theodori
892 3474 915 3517 et
933 3467 1046 3528 Nestorii,
1065 3469 1099 3516 vix
1118 3470 1246 3532 quidquam
1266 3469 1331 3532 quod

61 3548 87 3595 ad
109 3540 218 3597 baeremn
243 3549 410 3599 insinuandam
430 3551 557 3614 pertineat,
581 3550 724 3613 reperiatur.
742 3573 776 3584 -
800 3549 850 3598 ileo
868 3550 922 3599 loeo
943 3566 1053 3613 maguum
1073 3552 1202 3600 discrimen
1220 3552 1330 3602 animad-

58 3632 153 3681 uertitur
175 3634 238 3683 iuter
259 3634 331 3684 letam
356 3644 380 3684 et
397 3635 564 3684 llutabaricem
582 3634 722 3696 liturgiam,
746 3634 770 3682 iu
798 3648 844 3697 qua
863 3635 952 3684 multae
970 3650 1056 3699 preces
1074 3636 1212 3684 inseruntur
1228 3635 1259 3685 de
1276 3649 1331 3684 om-

60 3716 128 3765 nibus
145 3725 167 3766 et
184 3731 230 3781 pru
248 3720 376 3781 cumben
401 3735 446 3784 pro
466 3734 541 3783 pace3
566 3733 609 3783 pro
629 3719 692 3768 aeris
710 3717 868 3768 salubritate:
893 3732 937 3782 pro
958 3719 1094 3768 Patriareba
1113 3726 1136 3769 et
1153 3719 1331 3770 Ecclesiasticie

59 3801 193 3865 ordinibue;
219 3818 263 3866 pro
288 3804 405 3865 Ecclesia,
428 3813 474 3854 ete.
509 3805 569 3854 l’um
593 3805 703 3867 sequitur
727 3804 843 3853 memoria
862 3802 888 3851 B.
907 3803 994 3852 llariae
1013 3804 1113 3865 Virginis
1131 3812 1155 3854 et
1172 3804 1331 3854 Sanctorum:

59 3885 142 3935 deiude
160 3895 325 3937 mortuorum:
344 3904 388 3952 pro
408 3889 499 3940 civitate
518 3897 542 3938 et
559 3889 611 3937 eius
624 3887 807 3948 habitatoribus,
825 3902 870 3952 pro
881 3888 1028 3950 inlldelibus,
1047 3889 1156 3949 intlvmie,
1174 3891 1266 3951 egenis,
1284 3897 1330 3940 ete.

58 3969 146 4021 lleiude
163 3973 296 4022 atleruutur
313 3974 383 4038 panis
401 3982 424 4023 et
442 3973 511 4034 calix,
529 3981 553 4023 et
570 3973 594 4022 in
613 3972 681 4023 altari
700 3971 814 4034 religiose
832 3972 996 4023 collocantur:
1014 3982 1064 4022 tum
1082 3982 1138 4036 post
1157 3974 1231 4023 multa
1244 3973 1332 4036 legitur

58 4053 165 4119 Epistola
184 4065 206 4105 et
223 4057 311 4106 deiude
324 4057 487 4120 Evangelium.
521 4059 550 4109 dt
568 4059 741 4122 scripturarum
762 4057 889 4107 lectionem
907 4058 1031 4122 praecedit
1056 4058 1165 4122 expulsio
1184 4073 1233 4107 nou
1250 4058 1331 4121 bapti·

58 4150 173 4191 satorum.
207 4142 308 4192 dotalis
327 4143 697 4192 lueritEcclesieellalebaricee
716 4143 842 4206 disciplina
860 4143 966 4192 divinare
984 4157 1031 4192 non
1043 4156 1187 4207 possumus:
1206 4143 1331 4192 sedaliam

58 4224 134 4275 luisse
151 4225 402 4290 ldesopotamenarom
421 4227 583 4277 Eccleslarum
603 4229 763 4277 certissimum
780 4228 886 4278 videtur:
912 4235 936 4277 et
952 4228 1014 4276 torte
1032 4229 1112 4276 Alexio
1132 4227 1236 4276 Menenio
1254 4227 1330 4276 visum

56 4317 92 4359 eat
109 4310 203 4376 aliquid
222 4312 357 4371 immutare,
376 4320 401 4361 ut
418 4312 495 4361 illatio
513 4313 583 4377 panis
603 4321 626 4361 et
644 4314 688 4363 vini
707 4313 736 4363 ad
755 4313 830 4364 altare
848 4315 916 4363 [toret
933 4313 1074 4377 priusquam
1092 4311 1201 4376 Epistola
1218 4319 1242 4359 et
1255 4310 1332 4359 Evan·
1351 4339 1356 4353 ·

55 4395 143 4456 getium
170 4395 316 4456 legerentur,
340 4397 402 4446 sicut
423 4398 448 4447 in
466 4398 557 4447 Latinis
581 4399 725 4461 quibasdam
750 4399 864 4449 Ecclesiie
888 4400 939 4448 lteri
966 4399 1051 4447 solet..
1073 4399 1170 4447 Preeem
1196 4394 1261 4445 illam
1286 4409 1331 4459 pro

54 4481 170 4530 omuibus
194 4491 219 4531 et
241 4481 272 4530 de
294 4482 405 4532 omnibus
424 4496 496 4547 quem
515 4483 605 4533 ideireo
624 4481 678 4533 libri
699 4484 804 4534 ltitueles
821 4483 943 4535 tarobitici
962 4482 1109 4533 Catbulicem
1128 4489 1220 4544 vocant,
1243 4480 1332 4531 dictam
