3044 4912
667 246 745 322 52?

105 429 133 505 ιὶ
165 429 397 517 καταξίιοσον
431 428 579 519 αὐτοὺς,
616 432 656 512 ἐν
686 426 790 533 γήρει
814 427 915 507 πίονι
939 439 1181 530 καταντῆσαι,
1205 432 1247 508 ἰν
1270 460 1338 508 κα-

105 541 178 631 οιρᾷ
204 541 250 629 τῇ
275 530 413 632 καρδίᾳ
438 531 708 635 ἐργαζομένους
732 531 799 617 τὰς
823 528 974 617 ἐντολάς
1000 557 1080 608 σου.
1121 533 1185 611 Σὺ
1208 532 1283 637 γὰρ
1307 532 1339 609 εἰ

108 633 201 718 θεὸς
222 633 346 731 ήμῶν,
375 632 463 718 Θεὸς
487 643 556 709 τοῦ
582 637 692 710 ἐλεεῖν
716 633 781 711 καί
805 631 950 725 σώζειν,
975 633 1040 709 καί
1064 634 1124 710 σοὶ
1138 633 1207 732 τήν
1223 633 1339 721 δόξαν

105 736 339 831 ιαπέμπομεν
373 735 446 811 σὺν
480 743 534 835 τῷ
560 733 715 835 οἰνοίρχῳ
740 760 809 812 σου
834 735 960 835 πατρὶ,
985 735 1128 835 καὶτῷ
1152 736 1339 841 παναγίῳ,

105 837 133 911 εἰ
166 838 319 938 ἀγαθῷ,
352 838 416 913 καί
451 836 618 935 ζωοποιῷ
652 862 722 914 σου
744 834 940 934 πνεύματι,
972 846 1046 916 νῦν
1077 838 1141 916 ιιοιί
1173 839 1243 930 ἀεὶ,
1275 837 1339 915 καὶ

105 968 118 1025 ς
145 938 234 1025 τοὺς
259 945 398 1024 αἰῶνας
421 946 500 1015 τῶν
525 936 686 1016 αἰώνων.
807 945 812 951 ’
1149 960 1151 964 “

153 1051 192 1123 ‘0
216 1052 325 1146 x⁰e6c·
365 1037 493 1137 Ἀμήν·

595 1205 633 1276 ‘0
655 1204 820 1290 διάκονος.

150 1325 385 1423 Ἆντιλαβοῦ,
413 1336 551 1418 σῶσον,
574 1327 730 1426 ἐλέησον.

161 1428 237 1524 Τήν
261 1427 405 1528 ἡμέραν
429 1438 557 1505 πᾶσαν
581 1429 735 1519 τελείαν,
761 1427 786 1505 οἰ
811 1427 886 1505 ίαν.

149 1530 322 1633 ’Ἀγγελον
348 1527 492 1629 εἰρήνης
511 1531 657 1622 πιστὸν,
683 1457 833 1633 ὁδηγίν.

157 1627 400 1734 Συγγνώμην
424 1632 488 1707 καὶ
514 1634 649 1732 ἄφεσιν
673 1640 753 1708 τῶν
776 1631 983 1731 ἁμαρτιῶν.
1068 1698 1072 1705 .

160 1733 214 1806 T&
239 1734 336 1808 καλὰ
360 1733 423 1808 καὶ
449 1735 688 1834 συμφέροντα
713 1739 795 1818 ταῖς
819 1740 969 1832 ψυχαῖς.

162 1834 237 1910 Τὸν
260 1831 464 1911 ὑπόλοιπον
486 1832 628 1936 χρόνον
652 1843 717 1932 τῆς
742 1834 846 1933 ζιοής.

163 1936 239 2031 Τὴν
264 1933 417 2034 ἑνότητα
443 1945 508 2033 τῆς
533 1936 698 2021 πίστεως.

451 2121 465 2136 ·
531 2099 705 2194 Ἕκφιίιυς
725 2098 744 2172 ὃ
767 2099 884 2193 ἰερείς.

160 2222 236 2297 Καὶ
260 2223 493 2310 καταξίιοσον
517 2224 628 2320 ἡμᾶς,
654 2223 829 2313 δέσποτα,
854 2222 948 2320 μετὰ
973 2222 1176 2322 παρρησίας
1201 2222 1343 2299 ἀκατα-

105 2320 209 2421 ηίτιος
234 2334 377 2424 τολμᾷν
396 2325 653 2401 ἐπικαλεῖσθαί
671 2353 725 2415 σε,
749 2325 818 2402 τὸν
834 2318 1059 2425 ἐπουράνιον
1078 2325 1170 2402 Θεὸν
1187 2324 1341 2426 πατέρα,

105 2424 137 2501 εἰ
162 2426 289 2528 λέγειν.

158 2541 230 2611 Καὶ
251 2539 270 2612 ὁ
291 2542 382 2626 λαὸς,
404 2542 453 2625 τὸ,
482 2524 611 2628 Πάτερ
636 2526 745 2625 ήμῶν
770 2529 811 2606 ἐν
835 2533 913 2612 τοῖς
938 2526 1121 2628 οὐρανοῖς.

533 2691 707 2787 Ἐκφιίνιος
727 2692 746 2765 ὁ
769 2691 885 2787 ἱερεὺς.

148 2815 232 2891 Ὅτι
266 2824 334 2890 σοῦ
366 2815 513 2913 ἐστινὴ
538 2815 723 2916 βασιλεία,
755 2816 819 2893 καὶ
850 2813 1061 2914 ἦδιίναμις
1098 2817 1162 2892 καί
1185 2815 1210 2915 ἡ
1234 2812 1341 2907 δόξα,

105 2924 144 2992 ιῦ
176 2916 325 3014 πατρὸς,
360 2916 423 2991 καί
455 2927 523 2994 τοῦ
554 2920 653 3008 υἱοῦ,
688 2916 752 2994 καί
775 2927 844 2993 τοῦ
870 2916 981 3020 ἁγίου
1006 2915 1234 3016 πνεύματος,
1267 2926 1344 2994 νῦν

105 3018 138 3093 εἰ
164 3017 235 3108 ἀεὶ,
259 3017 322 3092 καί
347 3023 398 3103 εἰς
421 3017 508 3103 τοὺς
533 3025 674 3104 αἰῶνας
696 3027 775 3095 τῶν
800 3015 961 3095 αἰώνιον.

156 3130 196 3201 ‘0
221 3131 328 3224 ιῡιόε·
371 3117 499 3215 Ἀμήν·

158 3232 197 3303 Ὁ
220 3233 335 3321 ἱερεύς,
382 3217 521 3317 Εἰρήνη
547 3229 649 3295 πᾶσι.

159 3332 199 3403 ‘0
221 3335 384 3417 διάκονος.
439 3322 514 3407 Τὰς
538 3321 701 3421 κεφαλὰς
724 3320 836 3418 ὑμῶν
859 3328 914 3421 τῷ
939 3319 1069 3421 Κυρίῳ
1094 3319 1252 3399 κλίνατε.

160 3431 246 3506 Εἶτα
267 3438 494 3530 προςφέρεται
513 3437 552 3507 τὸ
566 3436 676 3508 κοινὸν
690 3435 861 3529 ποτήριον,
882 3436 939 3508 καί
953 3432 1083 3527 εὖλογεῐ
1097 3434 1177 3507 αὐτὸ
1193 3433 1211 3508 o‘
1228 3433 1343 3528 ἱερεύς.

161 3539 233 3607 Καὶ
253 3539 342 3627 λέγει
362 3541 421 3630 τήν
442 3538 537 3630 εὐχήν
556 3537 688 3630 ταύτην.

601 3722 639 3794 Ὁ
661 3722 825 3806 διάκονος.

474 3905 549 3974 Τοῦ
574 3894 716 3996 Κυρίου
741 3894 950 3994 ιίεηθῶμεν.

158 4060 203 4137 Ὁ
230 4068 316 4152 Θεὸς
348 4067 368 4144 ὃ
401 4064 524 4144 ποίντα
556 4063 710 4164 ποιήσας
740 4074 787 4162 τῇ
812 4059 915 4161 ἰσχύϊ
938 4086 1020 4153 σου,
1052 4061 1116 4139 καὶ
1142 4058 1349 4162 στερευίσας

105 4163 148 4261 ήν
182 4170 402 4267 οἰκουμένην
445 4169 509 4245 καὶ
541 4167 731 4267 κοσμήσας
762 4166 830 4243 τὸν
862 4165 1048 4264 στέφανον
1081 4161 1235 4242 πάντων
1265 4173 1347 4240 τῶν

105 4273 335 4364 εποιημένων
368 4270 442 4346 ὑπὸ
477 4279 556 4347 σοῦ.
604 4269 678 4345 Καὶ
712 4268 755 4344 τὸ
787 4265 963 4366 ποτήριον
993 4266 1036 4342 τὸ
1068 4266 1195 4344 κοινὸν
1220 4274 1345 4356 τοῦτο,

105 4370 328 4470 αρεχόμενος
359 4380 435 4456 τοῖς
469 4377 696 4472 συναφθεῖοι
729 4370 821 4473 πρὸς
845 4367 970 4474 γοίμου
994 4367 1208 4460 κοινωνίαν,
1242 4363 1345 4444 εὐλό-

105 4496 197 4579 ησον
220 4472 368 4576 εὐλογίᾳ
393 4483 633 4572 πνευματικῇ.
