3044 4912
635 230 640 243 ’
705 262 780 338 σοι

125 434 151 525 ,’
172 464 221 506 ων
247 440 417 530 λυτήριον,
445 436 640 533 νοσημάτων
667 438 892 533 ἀλεξιτήριον,
921 440 1077 532 δαίμοσιν
1105 441 1278 536 ἀλέθριον,
1305 456 1381 531 ταῖς

105 460 273 635 ζώοις
295 540 473 630 δυνάμεσιν
495 540 685 632 ἀπρόςιτον,
708 541 880 633 ἀγγελυιής
901 542 1013 629 ἰσχύος
1025 549 1303 637 πεπληρωμένον·
1323 551 1380 619 ίνα

105 638 231 724 Πάντες
259 639 293 711 οἱ
318 640 499 733 ἀρυόμενοι
524 644 581 713 καί
600 643 910 733 μεταλαμβάνοντες
930 644 1037 732 ἔχοιεν
1058 644 1140 716 αὐτὸ
1162 649 1249 737 πρὸς
1268 659 1381 720 καθα-

105 742 225 831 ρισμὸν
249 752 367 836 ψυχῶν
385 746 442 815 καί
463 743 637 833 σωμάτων,
668 747 757 836 πρὸς
778 743 927 836 ἰατρείαν
947 755 1082 831 παθών,
1110 749 1197 839 πρὸς
1217 748 1380 839 άγιασμὸν

108 838 216 927 εὸιων,
243 847 331 935 πρὸς
359 852 473 916 πᾶσαν
499 843 667 939 ἀφέλειαν
688 847 890 939 ἐπιτήδειον.
921 850 968 917 Σὸ
989 850 1051 939 γὰρ
1074 844 1106 919 εἰ
1128 850 1215 931 Θεὸς
1234 848 1337 940 ήμῶν,
1360 849 1380 922 δ

110 932 156 1013 δι’
177 943 304 1026 ἁδατος
321 947 380 1017 καὶ
399 944 590 1035 πνεύματος
612 945 826 1030 ἀνακαινίσας
846 949 905 1041 τήν
918 954 1180 1021 παλαιωθεῖσαν
1194 948 1297 1042 φάσιν
1310 950 1379 1022 ἀπὸ

109 1050 164 1133 τῆς
184 1044 367 1134 ἁμαρτίας·
390 1049 430 1117 σὸ
453 1044 484 1118 εἰ
506 1046 524 1118 ὸ
544 1050 631 1130 Θεὸς
652 1047 754 1140 ήμῶν,
776 1048 796 1120 ὸ
819 1051 877 1120 διὸ
897 1049 1072 1145 θαλάσσης
1093 1050 1323 1143 ἐλευθερώσας
1344 1054 1381 1125 ἐκ

111 1150 163 1237 τῆς
184 1147 339 1230 δουλείας
365 1151 491 1240 Φαραώ
512 1151 571 1221 διὸ
593 1152 768 1232 Μωϋσέως
787 1152 827 1221 τὸ
848 1152 943 1240 γένος
963 1160 1029 1221 τῶν
1047 1150 1218 1241 Ἑβραίων.

189 1248 240 1318 Σὸ
260 1251 322 1339 γάρ
344 1246 375 1320 εἰ
396 1248 416 1319 δ
438 1252 525 1333 Θεὸς
545 1250 648 1342 ήμών,
670 1249 689 1321 ὸ
712 1251 891 1343 διαρρήξας
911 1253 1038 1343 πέτρας
1058 1253 1094 1323 ἀν
1115 1252 1228 1345 ἐρήμῳ
1247 1254 1304 1323 καί
1325 1254 1381 1345 έρ-

110 1346 230 1443 ήίησαν
256 1350 364 1421 ὕδατα
390 1354 448 1422 καὶ
475 1351 650 1444 χείμαρροι
676 1352 946 1446 κατεκλείσθησαν
965 1354 1024 1424 καὶ
1046 1358 1200 1447 διψῶντα
1220 1355 1279 1425 τὸν
1298 1354 1382 1424 λαόν

106 1472 165 1523 σου
188 1453 340 1539 καρέσας.
378 1455 426 1522 Σὸ
449 1450 480 1523 ελ
501 1451 519 1524 ὸ
544 1455 631 1536 Θεὸς
651 1453 754 1545 ήμῶν,
775 1452 795 1524 ὸ
818 1453 867 1525 δι’
889 1454 1013 1538 ὸδατος
1032 1457 1090 1526 καί
1110 1455 1219 1547 πυρὸς
1240 1456 1298 1526 διὸ
1318 1462 1381 1527 τοῦ

105 1544 204 1624 Ἠλία
228 1553 425 1638 ἀπαλλάξας
445 1556 503 1626 τὸν
521 1553 653 1648 Ἰσραήλ
672 1557 710 1627 έκ
728 1562 789 1649 τῆς
809 1554 939 1648 πλάνης
958 1564 1019 1627 τοῦ
1041 1555 1149 1628 Βαάλ.

189 1653 310 1738 Αάτὸς
329 1656 387 1727 καὶ
407 1663 474 1739 νῦν,
497 1659 656 1739 δέσποτα,
679 1656 818 1745 ἁγίασον
838 1659 877 1727 τὸ
898 1658 989 1747 ὕδωρ
1009 1665 1119 1742 τοῦτο,
1146 1664 1194 1751 τῷ
1215 1658 1382 1746 πνεύματί

105 1782 165 1829 σου
188 1763 238 1848 τῷ
260 1756 354 1849 ἁγίῳ.
400 1756 491 1847 Τρίς.
533 1760 604 1839 Δὸς
624 1768 720 1841 πᾶσι,
743 1764 815 1840 τοῖς
834 1785 871 1828 τε
892 1757 1107 1847 ἁπτομένοις,
1129 1768 1201 1841 τοῖς
1221 1786 1259 1829 τε
1278 1786 1383 1848 μετα-

105 1859 327 1947 λαμβάνουσι,
354 1866 428 1941 τοῖς
454 1886 492 1928 τε
516 1861 706 1951 χριομένοις
731 1860 790 1931 τὸν
811 1860 984 1949 ἁγιασμὸν,
1012 1862 1072 1950 τήν
1092 1859 1215 1948 ὑγείαν,
1242 1862 1301 1950 τήν
1321 1861 1383 1931 κὰ-

105 1971 244 2053 θαρσιν,
266 1960 325 2051 τήν
346 1959 508 2050 εάλογίαν.
555 1962 645 2053 Τρίς.
687 1962 759 2032 Καὶ
779 1969 898 2044 σῶσον,
919 1960 1035 2051 Κύριε,
1059 1964 1138 2042 τοὺς
1159 1959 1299 2043 δούλους
1320 1986 1383 2031 σου

105 2066 186 2145 τοὺς
205 2065 350 2144 πιστοὸς
369 2066 522 2151 βασιλεῖς
540 2060 644 2153 ήμῶν.
691 2063 780 2154 Τρίς.
823 2063 894 2133 Καὶ
921 2060 1070 2154 φύλαξον
1092 2058 1213 2142 αὐτοὺς
1233 2060 1302 2131 ὸπὸ
1323 2064 1384 2152 τήν

105 2160 234 2256 σκέπην
255 2189 315 2233 σου
338 2166 373 2235 ἐν
395 2164 515 2257 εἰρήνη,
538 2162 706 2247 ἁπάταξον
727 2162 842 2245 αάτοῖς
862 2162 974 2233 πάντα
995 2164 1117 2254 δχθρὸν
1135 2164 1194 2233 καί
1208 2164 1383 2250 πολέμιον,

105 2268 246 2354 χάρισαι
273 2264 388 2347 αὐτοῖς
413 2265 526 2336 πάντα
552 2266 596 2334 τὸ
626 2267 712 2355 πρὸς
738 2264 903 2358 σωτηρίαν
930 2263 1099 2355 αἰτήματα
1126 2265 1184 2334 καί
1212 2265 1297 2356 ζωήν
1324 2267 1383 2334 τὸν

105 2368 256 2450 αἰώνιον,
286 2371 341 2437 ἵνα
367 2369 424 2438 καί
449 2368 506 2437 διὰ
527 2366 698 2452 στοιχείων
718 2368 776 2438 καί
798 2365 846 2437 δι’
870 2365 1136 2456 ἀνθρώπωνκαὶ
1159 2366 1217 2436 διὰ
1238 2363 1384 2455 ἀγγέλων

105 2473 166 2543 καὶ
199 2472 258 2540 διὸ
290 2468 466 2560 ὁρωμένων
498 2470 556 2539 καί
588 2470 647 2539 διὸ
677 2467 829 2558 ἀοράτων
859 2467 1038 2560 δυξάζηταί
1069 2492 1130 2537 σου
1157 2469 1196 2536 τὸ
1217 2466 1384 2559 πανάγιον

105 2569 228 2660 ὄνομα,
257 2573 315 2640 σὸν
341 2576 389 2661 τῷ
410 2573 524 2662 πατρί,
552 2572 676 2662 καὶτῷ
698 2568 781 2664 ἁγίῳ
803 2568 979 2657 πνεύματι,
1008 2576 1065 2638 νῦν
1085 2570 1144 2639 καὶ
1165 2566 1229 2652 ἀεί,
1256 2570 1313 2639 καί
1335 2568 1385 2651 εἰς

105 2676 189 2756 τοὸς
212 2673 336 2754 αἰῶνας
355 2680 421 2741 τῶν
443 2671 580 2743 αἰώνων.
621 2669 736 2762 Ἀμήν.

197 2774 321 2869 Εἰρήιη
343 2782 441 2845 πᾶσι.

203 2877 272 2957 Τὸς
291 2877 440 2969 κεφαλάς
461 2873 551 2962 ὸμών
572 2881 618 2966 τῷ
640 2875 755 2967 Κυρίῳ
775 2874 916 2945 κλίνατε.

456 3009 493 3079 Ὁ
516 3008 622 3101 ἱερεὺς
641 3009 831 3096 κλινάμενος
852 3006 1038 3092 ἐπείγεται.

197 3134 330 3214 Κλῖνον,
359 3129 474 3219 Κύριε,
502 3130 541 3199 τὸ
564 3123 621 3210 σι’-ς
641 3154 702 3198 σου
723 3129 781 3197 καὶ
800 3125 990 3197 ἐπάκουσον
1010 3122 1112 3213 ἡμῶν,
1142 3121 1160 3191 ὸ
1183 3123 1217 3193 έν
1236 3120 1385 3216 Ἰορδάνῃ

109 3240 347 3323 βαπτισθῆναι
372 3229 635 3318 καταδεξάμενος
659 3231 716 3300 καί
742 3227 885 3318 ἁγιάσας
910 3230 953 3295 τὰ
980 3224 1103 3295 ἀδατα·
1131 3226 1188 3295 καὶ
1209 3221 1387 3316 εἰλόγησον

110 3335 245 3418 πάντας
265 3334 362 3426 ἡμᾶς,
385 3335 463 3415 τοὺς
484 3334 541 3404 διὰ
560 3341 620 3423 τῆς
640 3332 779 3413 κλίσεως
799 3337 860 3400 τοῦ
875 3326 1000 3400 ἑαυτῶν
1015 3324 1151 3412 αὐχένος
1165 3324 1386 3418 σημαίνοντας

112 3439 151 3508 τὸ
175 3446 234 3529 τῆς
256 3437 409 3518 δουλείας
429 3434 616 3526 πρόσχημα.
643 3435 715 3503 Καὶ
733 3430 939 3515 καταξίωσον
959 3427 1048 3522 ἡμᾶς
1068 3429 1306 3520 ἀμπλησθήναι
1326 3434 1386 3499 τοῦ

113 3537 281 3629 ἁγιασμοῦ
302 3563 373 3621 σου,
397 3538 454 3607 διὸ
474 3544 534 3626 τῆς
553 3543 613 3605 τοῦ
633 3534 757 3617 ἀάατος
776 3532 897 3605 τοίτου
917 3531 1139 3623 μεταλήψεως
1158 3531 1215 3598 καὶ
1235 3529 1387 3619 γενέσθω

112 3638 203 3731 ἡμῖν,
225 3639 341 3730 Κύριε,
364 3638 413 3722 εἰς
433 3636 546 3728 ὸγείαν
566 3643 676 3729 ψυχῆς
695 3637 753 3706 καὶ
772 3634 938 3723 σώματος.

657 3769 843 3863 Ἔκφώνως.

199 3894 249 3962 Σὸ
270 3894 331 3984 γὰρ
354 3888 386 3963 εἶ
406 3890 425 3962 ὸ
447 3890 610 3982 ἁγιασμὸς
630 3888 723 3981 ήμῶν
743 3889 801 3959 καὶ
821 3889 878 3959 σοὶ
899 3886 957 3977 τὴν
979 3884 1156 3969 δόξανκαὶ
1178 3880 1387 3973 εὐχαριστίαν

111 3994 172 4065 καί
199 3993 419 4085 προςκίνησιν
445 3992 697 4081 ἀναπέμπομεν,
724 3992 784 4061 σὸν
809 3996 857 4079 τῷ
885 3986 1015 4078 ἀνάρχῳ
1036 4012 1097 4058 σου
1118 3986 1233 4075 πατρί,
1260 3984 1386 4073 καὶτῷ

112 4097 272 4189 παναγίῳ
299 4098 357 4166 καὶ
384 4092 504 4185 ἀγαθῷ
530 4098 588 4165 καὶ
617 4096 772 4183 ζωοποιῷ
794 4117 856 4161 σου
878 4090 1054 4178 πνεύματι,
1082 4096 1138 4157 νῦν
1158 4089 1215 4157 καί
1238 4084 1302 4169 ἀεί,
1330 4085 1389 4154 καί

111 4197 164 4283 εἰς
184 4200 264 4280 τοὸς
285 4198 409 4277 αἰῶνας
429 4204 495 4264 τῶν
517 4197 655 4267 αἰώνων.
695 4193 809 4285 Ἀμήν.

202 4301 273 4369 Καὶ
293 4297 451 4388 βαπτίζει
469 4297 528 4367 τὸν
548 4300 658 4385 τίμιον
679 4295 832 4387 σταυρόν.

192 4396 340 4492 ’Όρθιον
362 4397 463 4471 αάτὸν
482 4399 632 4490 κατάγων
653 4399 689 4469 έν
709 4403 757 4489 τῷ
777 4396 876 4467 ὸδατι
896 4395 953 4464 καὶ
974 4391 1114 4485 ἀνάγων.

207 4501 348 4574 Ψάλλων
367 4503 425 4573 καὶ
445 4500 486 4573 τὸ
506 4503 616 4590 παρὸν
635 4498 821 4593 τροπάριον
842 4497 891 4580 εἰς
909 4492 990 4587 η’χος
1009 4502 1152 4588 πρώτον.
