3044 4912
634 116 704 192 351

79 316 84 323 “
112 328 156 391 οι,
178 302 262 385 ταῖς
284 298 538 429 ἁγγείικαῖς’
517 297 687 430 αορόγως
702 295 1036 401 δορυφορούμενον
1050 298 1213 388 τάξεσιν·
1241 302 1308 379 ἁλ-

48 400 200 501 ¹5255'5'7,
226 399 435 499 ἁλληλούϊα.
463 400 671 498 ἁλληλούϊα.

120 557 242 631 XXIII·
286 562 429 658 E5x5,‘'
408 596 449 657 ην
468 567 597 656 5575‘
580 596 598 638 ο
622 565 728 658 ίερεὰς
748 576 923 655 μυστικοῖς,
945 575 1006 638 τοῦ
1017 576 1211 660 χερουβικοῦ
1225 567 1309 664 555-

26 670 148 760 μένου.

51 774 256 860 ·Οὰδεῖς
288 775 387 860 ἄξιος
419 782 498 851 τῶν
532 773 814 901 συνδεδεμένων
844 782 926 859 ταῖς
959 782 1149 873 σαρκικοῖς
1174 779 1309 852 ἐπιθυ-

33 876 139 977 μίαις
164 906 228 951 και
215 875 418 973 ἡδοναῖς,
443 877 772 974 προςίρχεσθαι,”
749 907 771 972 η
795 884 1022 1005 λειτουργεῖν
1049 902 1118 967 σοι,
1153 880 1309 976 βασιλεῦ

21 987 104 1076 ’τῆς
127 976 251 1103 δόξης
277 978 322 1052 τὸ
347 978 419 1080 γὰρ
446 977 634 1052 διακονεῖν
660 1003 730 1066 σοι,
756 1006 865 1107 μεγα,
891 1008 954 1053 και
976 979 1142 1077 φοβερὸν
1159 979 1222 1054 καὶ
1241 980 1310 1055 αὐ-

10 1086 120 1193 ,ταῖς
150 1087 232 1165 ταῖς
257 1079 489 1210 ἐπουρανίοις
514 1077 732 1176 δυνάμεσιν.
778 1080 919 1154 Ἀλίί”
899 1109 999 1172 ομως
1024 1080 1152 1156 διὰ
1113 1109 1182 1178 την
1209 1082 1310 1178 ἄφα-

51 1210 109 1265 τον
131 1182 195 1258 καῖ
219 1178 427 1278 ἁμίτρητόν
452 1205 522 1256 σου
554 1181 916 1280 φιλανθρωπίαν,’
895 1183 1082 1280 ατρέπτως
1106 1182 1169 1258 καῖ
1195 1183 1310 1258 ἀναλ-

54 1282 200 1370 ῖαιότως
217 1284 387 1413 γε’γονας
421 1284 637 1380 ἄνθρωπος,
670 1284 733 1357 καὶ
767 1283 956 1412 ἁρχιερεδς
979 1283 1089 1381 ἡμῶν
1113 1282 1311 1382 ἐχρημάτι-

57 1410 128 1474 σος,
166 1385 230 1460 καῖ
269 1393 334 1481 τῆς
365 1394 634 1511 λειτουργικης
642 1381 779 1481 ταύτης
809 1384 872 1459 καὶ
905 1383 1138 1480 ἁναιμὰκτου
1172 1385 1311 1471 θυσίας

39 1486 112 1582 -τέμ
133 1488 347 1615 ἱερουργίαν
372 1485 634 1584 παρέδωκας(
613 1492 716 1582 ημῖν,
744 1486 795 1570 αῖς
820 1485 998 1582 δεσπότης
1024 1496 1103 1563 ταῖν
1120 1484 1310 1563 ἁπάντων.

60 1589 108 1662 Σὺ
130 1590 201 1691 γὰρ
227 1586 355 1683 μόνος,
381 1589 554 1686 5555st
536 1586 711 1673 οθεὸς
689 1598 814 1716 ημῶν,
839 1586 1025 1679 δεσπόζεις
1049 1597 1128 1663 ταῖν
1152 1594 1312 1685 ἐπουρα-

26 1689 147 1789 ,νίωη
180 1689 244 1765 καὶ
273 1698 352 1766 τῶν
385 1690 566 1817 ἐπιγείων,
601 1689 621 1764 5
654 1689 713 1764 ἐπὶ
727 1687 884 1791 θρόνου
906 1692 1172 1787 χερουβινοῦ
1157 1689 1312 1821 επογού·

62 1818 219 1911 μεγος,ο
199 1793 323 1866 ὁτῶν
349 1791 529 1891 Σεραφῖμ
561 1788 698 1888 κύριος,
732 1819 796 1864 και
784 1791 994 1888 βασιλεὺς
1018 1801 1086 1866 τοῦ
1105 1792 1263 1891 Ἰσραὴλ,
1291 1791 1311 1866 5

55 1895 156 1984 -μόνος
189 1894 307 1995 ἅγιος,
339 1893 468 1970 καὶέν
495 1892 632 2022 ἁγίοις
639 1889 932 1989 ἀναπαυόμενος.
985 1892 1040 1967 Σέ
1066 1892 1197 1968 τοίνυν
1222 1893 1311 1977 δυς·

65 2003 134 2068 ωπῶ
158 1996 225 2070 τὸν
249 1992 368 2089 μόνον
389 1995 547 2124 ἀγαθὸν
571 1994 634 2069 καὶ
659 1991 827 2090 5557007·
855 1995 1126 2092 ἐπίβλεψονέπ
1094 1999 1217 2090 πέμε
1154 1993 1312 2070 ἐτὸν

67 2092 269 2226 ἁμαρτωλὸν
291 2096 354 2171 καὶ
379 2096 530 2194 ἀχρεῖον
556 2093 693 2171 δοῦλόν
720 2119 801 2184 σου,
826 2096 890 2170 καὶ
914 2092 1128 2195 καθάρισόν
1151 2125 1226 2191 μου
1234 2096 1312 2225 τὴγ

65 2199 181 2328 7557,
207 2197 271 2272 καὶ
295 2197 364 2294 τὴν
388 2197 596 2295 καρδίαν’
576 2197 649 2272 απὸ
676 2194 920 2293 συνειδήσεως
944 2206 1120 2294 πονηροῖς,
1146 2198 1210 2272 καὶ
1230 2195 1313 2271 ἱκοί-

32 2344 36 2361 ·
65 2298 169 2375 νωσόν
200 2330 246 2394 με
279 2308 323 2396 τῇ
350 2297 509 2427 δυνάμει
535 2308 602 2375 τοῦ
629 2298 739 2401 ἁγίου
766 2324 834 2373 σου
860 2296 1080 2394 πνεύματος,
1114 2298 1313 2429 ἐνδεδυμέ-

66 2424 118 2475 νον
137 2399 205 2497 τὴν
231 2410 294 2497 τῆς
319 2401 497 2499 ἱερατείας
519 2399 632 2496 χάριν
658 2410 891 2499 παραστῆναι
917 2409 961 2497 τῇ
989 2401 1078 2532 ἁγίγ
1104 2428 1172 2476 σου
1194 2400 1312 2498 ταύτῃ

65 2502 216 2599 τ’ραπέζη,
241 2502 306 2577 καὶ
330 2505 566 2604 ἱερουργησαι
591 2503 634 2577 τὸ
660 2503 809 2631 ἅγιον,
807 2502 871 2577 καὶ
896 2502 1085 2601 ἁχραντόν
1102 2530 1171 2579 σου
1189 2513 1313 2600 σῶμα,

67 2602 174 2679 καὶτὸ
199 2602 324 2699 τίμιον
350 2603 454 2700 αἷμα.
481 2605 555 2679 Σοὶ
579 2606 652 2707 γὰρ
679 2602 936 2703 προςεύχοιιαι,
963 2605 1090 2689 κλίνας
1113 2605 1181 2681 τὸν
1180 2609 1314 2734 ἐμαυ-
1358 2597 1363 2611 ’

67 2713 119 2779 τοῦ
146 2705 298 2801 αὐχενα,
331 2707 394 2781 755
427 2706 559 2803 δέομαί
590 2733 675 2781 σου·
709 2707 760 2802 μὴ
794 2708 1026 2803 ἁποστρειμης
1050 2707 1093 2781 τὸ
1118 2703 1314 2805 πρόςωπόν

69 2826 121 2880 σου
150 2808 215 2882 57
246 2811 351 2904 ἐμοῦ,
383 2807 477 2905 μηδὲ
504 2805 781 2936 5705077555053
806 2837 852 2902 με
878 2812 917 2882 ἐκ
942 2807 1090 2883 παίδων
1116 2833 1201 2882 σου·
1236 2809 1310 2882 ἁλί,

69 2901 208 2989 ἇξίωσον
240 2909 530 3007 προςενεχθῖγναί
563 2936 621 2983 σοι
654 2909 711 2984 ὑπ’
749 2913 841 3002 ἐμοῦ
873 2917 941 2983 τοῦ
975 2908 1217 3005 ἁιιαρτωλυῦ,
1250 2908 1314 2984 καῖ

69 3003 202 3095 ἇναξίου
234 3008 372 3086 δούλου
406 3036 475 3085 σου
507 3010 554 3084 τὰ
587 3010 692 3108 δωρα
726 3018 855 3085 ταῦτα
911 3009 973 3084 Σὺ
999 3009 1072 3111 γὰρ
1100 3009 1175 3083 εί
1157 3040 1177 3084 ο
1204 3040 1314 3108 προς-

70 3109 186 3208 φίρων,
218 3112 282 3187 755
315 3110 679 3242 προςφερόιιεγος,κ
656 3141 720 3186 και
708 3108 1032 3209 προςδεχόμενος
1056 3141 1119 3186 και
1107 3109 1315 3189 διαδιδό-

69 3233 170 3304 μενος,
195 3215 387 3313 Χριστέ
370 3246 389 3289 ο
420 3213 557 3298 Θεὸς
537 3241 658 3310 ηιιων,
693 3213 756 3287 775
782 3213 840 3287 σοὶ
864 3213 934 3310 τὴν
958 3211 1121 3299 δόξαν
1100 3217 1314 3312 αναπὲιιπο-

70 3334 133 3403 μεν,
158 3316 229 3441 σὺν
254 3324 308 3414 τῷ
335 3312 489 3414 ἁνὰρχιμ
516 3343 583 3390 σου
609 3314 734 3413 πατρὶ,
760 3314 900 3413 καὶτῷ
927 3316 1128 3443 παναγίῳ,
1138 3316 1201 3390 καὶ
1222 3317 1316 3438 ἁγα-

70 3410 130 3508 θρῖ,
159 3416 223 3491 καὶ
257 3389 423 3516 ζωοποιῷ
459 3443 527 3492 σου
552 3414 747 3512 πνεύματι,
781 3424 854 3492 757
878 3417 941 3491 καῖ
966 3417 1036 3506 ἀεὶ,
1068 3417 1131 3492 καῖ
1156 3423 1205 3502 εἰς
1230 3415 1317 3500 τοὺς

71 3515 190 3601 (δῶκας
214 3527 294 3594 τῶν
318 3517 480 3595 αῖαίνων.

136 3632 377 3727 Πληρωθείσης
404 3635 442 3704 δέ
467 3641 526 3724 τῆς
554 3631 657 3724 εὐχῆς,
685 3632 817 3721 λέγουσι
844 3633 900 3701 καί
928 3631 1023 3703 αὐτοὶ
1049 3635 1106 3702 τὸν
1126 3632 1317 3722 χερουβικὸν

72 3719 167 3809 ὅμνον·
197 3730 270 3805 εἶτα
298 3733 453 3824 λαβεῖνἰ
434 3763 454 3804 ο
485 3733 639 3817 διάκονος
665 3735 722 3805 τὸν
747 3735 916 3820 θυμιατὸν
941 3734 997 3803 καῖ
1018 3732 1174 3821 θυμίαμα
1194 3735 1316 3821 βαλὼν,

72 3830 203 3955 πρόςιισι
236 3843 284 3927 τῷ
313 3835 404 3928 ἱερεῖ.
446 3837 519 3905 Καὶ
546 3837 657 3922 λαβὼν
683 3833 835 3924 εὐλογίαν
862 3834 941 3925 παρ’
971 3833 1088 3959 αὐτοῦ,
1121 3843 1233 3926 θυμιᾷ
1259 3836 1318 3925 557

74 3920 151 4014 ⁰557
168 3937 335 4029 τράπεζαν
355 3936 516 4028 γόρωθεν,
537 3939 653 4006 καὶτὸ
676 3936 837 4052 ίερατεῖον
858 3937 945 4020 ὅλον,
967 3938 1100 4006 καὶτὸν
1122 3935 1223 4022 ίερέα.
1244 3936 1319 4004 Λέ-

73 4048 113 4110 γει
137 4040 170 4108 δὲ
196 4041 253 4109 καὶ
278 4041 337 4110 τὸν
363 4026 624 4123 πεντηκοστὸν,
655 4026 719 4099 καὶ
750 4023 934 4125 τροποίρια
958 4025 1221 4113 κατανυκτικὰ,
1254 4035 1319 4106 ὅσα

75 4133 119 4201 καί
135 4139 336 4226 βοόλεταιᾙ
317 4148 402 4229 ομοῦ
421 4143 506 4228 μετὰ
526 4148 586 4211 τοῦ
607 4139 732 4233 ἱερέως.

144 4244 219 4322 XXI
224 4249 259 4322 V
302 4258 420 4331 Καὶ>
401 4261 603 4351 σπέρχονται
630 4262 665 4330 ἐν
685 4267 726 4351 τῇ
746 4259 923 4349 προθέσει,
945 4256 1239 4348 προπορευομὲνοο
1260 4265 1319 4328 τοῦ

77 4343 340 4433 d“757051555
374 4362 547 4450 θυμιάσας
581 4364 625 4431 τὰ
660 4359 755 4451 ἅγια,
792 4359 871 4432 καθ
909 4360 1026 4431 ἑαυτὸν
1062 4357 1235 4448 εὐχόμενος
1268 4360 1320 4442 τὸ,
