3044 4912
833 234 867 285 lv

210 397 388 462 Germaniae
398 396 506 473 solum,
528 394 655 471 Gdliee‘,¹
672 395 787 474 ltaliae,
808 397 932 473 daniae,
955 396 1109 462 Amerieae
1124 416 1159 461 ac
1174 398 1338 480 praecipue
1351 398 1474 478 Angliae,

209 500 262 582 qui
288 490 336 562 rel
363 494 479 580 ingeni
504 498 550 561 eui
578 498 781 561 monumentis
809 499 855 563 vel
885 500 1015 562 coneilio
1042 508 1132 581 atque
1160 501 1340 564 auctoritate
1370 503 1473 583 coeptis

208 603 356 667 laverunt.
399 601 535 682 lienique
562 618 647 663 suam
676 599 798 664 laudem
825 612 958 666 meretur
978 600 1150 680 Weigelius,
1180 603 1233 682 qui
1254 603 1392 684 paternis
1412 603 1472 665 insi·

209 713 293 768 utens
325 703 460 784 vestigiis
494 721 549 783 pro
578 702 681 764 lunato
714 702 859 782 singulari
887 703 1040 766 literarum
1069 705 1341 784 promovendorum
1379 705 1471 768 ardore

207 815 330 889 praeter
351 805 409 868 alia
431 805 522 867 multa
545 803 668 866 maioris
690 803 780 866 molis
803 823 895 886 opera
918 815 946 868 et
967 806 1047 869 hanc
1067 804 1369 885 liturgieamCodieis
1391 808 1469 869 nostri

207 908 394 990 provinciam
416 907 447 968 in
470 926 504 971 se
526 906 650 987 recepit.

211 1014 216 1027 “
295 1010 426 1072 Graecae
448 1008 596 1071 eeclesiae
617 1008 703 1081 ritue,
726 1007 764 1069 ad
781 1026 858 1088 quos
875 1008 934 1070 hoc
947 1007 1098 1071 volumine
1114 1007 1310 1071 illustrandos
1325 1026 1467 1089 aggressus

209 1129 287 1188 sum,
311 1100 479 1192 quid'rasti
501 1110 638 1184 habeant,
663 1108 735 1191 quid
757 1110 957 1184 tenebrarum,
980 1108 1010 1170 id
1031 1109 1182 1172 neminem
1204 1109 1288 1190 logia,
1313 1111 1365 1191 qui
1385 1129 1467 1174 remu

208 1209 361 1276 sacrarum
388 1212 505 1294 peritus
534 1212 584 1274 sit.
626 1211 718 1273 Multa
747 1212 827 1293 apud
856 1211 1024 1275 Orientalos
1053 1219 1123 1273 sunt
1150 1210 1330 1291 peculiaria,
1367 1213 1464 1274 Latinis

207 1315 308 1379 minus
331 1322 412 1386 nota,
435 1332 511 1393 quae
533 1311 725 1391 diligentiore
747 1311 902 1390 indigeant
923 1312 1130 1393 explicatione,
1160 1331 1195 1374 ex
1218 1312 1362 1375 interiere
1383 1332 1464 1375 remn

208 1416 381 1495 cognitione
409 1414 584 1477 haurienda.
626 1412 823 1495 Nequaquam
848 1413 959 1485 onnia,
987 1412 1042 1477 sed
1070 1421 1185 1476 tantum
1213 1416 1387 1477 necessaria
1411 1433 1463 1496 per·

209 1536 297 1580 cursa
320 1525 399 1588 sunt,
422 1535 458 1578 en
480 1523 581 1578 tamen
604 1512 733 1578 oonsilio
755 1522 790 1576 ut
811 1523 954 1596 quantum
976 1514 1103 1577 maxime
1125 1534 1296 1595 possemus,
1319 1517 1462 1579 lectoribu

207 1619 285 1680 viam
309 1626 624 1681 commonstraremus.
667 1616 706 1678 m
728 1633 907 1696 quamquam
930 1615 1072 1679 nonnulla
1099 1615 1221 1690 leviore,
1254 1629 1286 1679 ut
1309 1618 1349 1681 ite
1374 1620 1461 1691 dicam

208 1719 324 1783 calamo
352 1718 447 1796 attigi,
475 1738 510 1781 ea
538 1728 652 1781 tantum
675 1718 785 1798 opinor
805 1719 917 1780 omissa
939 1727 1018 1792 sunt,
1048 1718 1157 1798 quibus
1180 1718 1247 1799 quis
1269 1717 1360 1783 facile
1381 1739 1461 1783 cerere

206 1838 244 1883 se
265 1839 357 1901 posse
380 1820 539 1893 existimet,
574 1839 609 1882 ea
630 1828 762 1901 recepta,
792 1838 868 1900 quae
890 1819 1018 1882 maxime
1040 1818 1148 1882 idonea
1171 1829 1242 1882 sunt
1270 1822 1308 1882 ad
1332 1822 1460 1902 ingenium

206 1922 363 1986 orientalis
386 1922 535 1986 eeclesiae
555 1930 637 1985 reete
658 1920 877 1985 aestimandum
899 1930 931 1983 et
951 1921 1207 2000 cognoscendum.

293 2025 373 2094 Sane
394 2042 465 2086 vero
488 2042 537 2088 me
560 2022 683 2086 Graecis
704 2021 813 2086 ritibus
836 2021 964 2103 opellam
988 2023 1226 2105 qualemcunque
1246 2041 1283 2086 ea
1307 2033 1402 2087 aetate
1419 2025 1458 2085 iu·

205 2125 353 2208 pendisse
379 2124 484 2200 laetor,
514 2144 573 2206 qua
596 2142 702 2188 omues
723 2123 934 2188 attentissimis
956 2124 1066 2186 animis
1089 2142 1157 2186 cum
1177 2142 1228 2187 res
1250 2125 1410 2188 orientales
1426 2127 1458 2186 in·

205 2235 356 2302 tueantur,
380 2235 442 2290 tum
463 2236 637 2291 scrutentur
658 2227 839 2289 Graecorum
861 2226 963 2288 oneras
986 2225 1194 2299 coerimonias,
1217 2226 1398 2290 meditentur
1407 2244 1460 2308 pro·

205 2327 304 2412 priam
326 2327 474 2392 eeclesiae
495 2329 653 2393 orientalis
671 2328 811 2391 virtutem
833 2335 924 2408 etque
943 2326 1086 2391 indolem.
1128 2327 1167 2389 Et
1191 2327 1237 2391 eie
1258 2328 1350 2392 tinem
1371 2330 1463 2392 lanient

206 2430 294 2511 operi
315 2418 384 2492 vota
406 2448 462 2511 pro
485 2430 614 2493 ecclesia
636 2429 687 2492 illa
708 2447 786 2504 mox¹
799 2429 960 2510 pristinum
981 2429 1073 2492 decue
1095 2439 1269 2511 receptura:
1292 2440 1327 2494 ut
1347 2432 1384 2494 ab
1398 2425 1463 2509 torpi

207 2533 352 2594 servitute
378 2531 544 2607 vindicata,
574 2550 670 2612 aeque
697 2530 839 2594 immunis
868 2548 885 2593 a
908 2530 1113 2611 cuiuscunque
1135 2532 1299 2595 saecularis
1321 2529 1466 2614 potestatis

205 2633 364 2711 illegitimo
388 2632 515 2713 imperio
538 2633 628 2712 longe
651 2631 839 2725 splendidior
864 2632 896 2731 ie
918 2643 1073 2712 posterum
1096 2634 1276 2697 efflorescat.

293 2801 470 2867 Scribeham
492 2803 576 2866 llalis
598 2802 702 2867 lllllll.
716 2801 815 2865 llartii
837 2801 1037 2865 undeettv.

860 3222 975 3307 llerm.
1001 3223 1211 3309 ldellettus
1237 3225 1373 3309 liauiel.
