3044 4912
670 240 745 316 473

151 426 317 499 Sacerdos
338 435 544 524 prostratas,
572 427 651 500 darn
676 452 713 501 se
734 437 955 524 prosternunt
981 452 1103 516 omncs,
1130 432 1189 528 pai
1209 433 1351 550 adsunt,

68 537 150 602 crat
175 538 324 625 secreto:

149 629 271 702 Sancte
297 628 454 726 SpirituS,
482 640 597 702 auctor
622 641 657 703 et
682 630 758 704 inus
784 631 881 724 vites,
917 631 1011 705 detor
1035 633 1260 730 perfectorum
1287 635 1346 708 dn·

69 755 205 824 norum,
237 732 428 817 miserearis
462 731 541 804 buic
565 733 686 830 pepuio
715 744 782 826 tuo,
818 734 874 829 qui
901 744 1087 830 prostratus
1113 747 1203 809 tunm
1230 737 1347 810 adoret

67 835 289 907 divinitatem.
342 833 507 906 Conservn
540 858 599 906 eos
620 858 645 936 ‘n
670 846 805 932 peccnto
832 836 1000 909 immunes
1026 838 1247 934 imprimendo
1274 840 1347 911 anis

68 937 137 1009 mis
163 937 312 1031 ipsorum
339 935 478 1009 eandem
504 936 695 1030 imaginem,
721 960 821 1035 quem
848 941 1014 1034 recipiunt
1040 939 1073 1010 in
1102 941 1172 1013 suis
1198 943 1345 1037 corpori·

69 1038 150 1130 bus,
183 1047 221 1109 ut
254 1037 338 1132 ipsis
372 1037 543 1109 inhaereat
576 1049 609 1110 et
635 1063 693 1112 eos
718 1039 897 1136 participes
923 1041 1023 1112 saciet
1048 1039 1225 1135 bonorum,
1262 1067 1345 1140 quae

68 1151 210 1211 venture
237 1137 357 1233 sunt.¹)

150 1240 331 1313 Diccooas.
384 1239 538 1331 Domine,
567 1241 718 1315 benedic.

150 1342 317 1415 Sacerdos
343 1342 437 1414 clara
463 1366 560 1414 voce:
587 1343 651 1416 Per
668 1344 837 1417 Christum
856 1342 965 1416 lesum
983 1344 1162 1417 Dominum
1180 1355 1344 1436 nostrum,

68 1469 150 1518 cum
176 1469 242 1541 quo
268 1443 341 1535 tibi,
368 1443 490 1516 Suncte
515 1443 672 1540 Spiritus,
699 1456 732 1517 et
749 1445 837 1518 Petri
856 1446 1082 1543 omnipotenti
1110 1447 1225 1541 glorie,
1252 1457 1345 1543 pote·

69 1560 142 1620 stes
169 1558 203 1617 et
228 1545 336 1617 bonor
362 1569 451 1617 nunc
478 1557 512 1617 et
537 1570 669 1644 semper
695 1549 779 1621 etin
799 1549 931 1620 saecula
949 1549 1168 1622 saeculorum.
1195 1545 1344 1642 Amenss)

149 1648 330 1720 Diacoam.
382 1647 609 1721 Attendamus.

152 1749 318 1822 Sacerdos
345 1749 453 1821 eierat
476 1750 678 1847 sacrificium
695 1750 824 1846 (panem
841 1756 1015 1844 sanctam),
1042 1762 1080 1824 at
1097 1753 1244 1849 conspici
1259 1775 1345 1848 pos-

68 1852 120 1925 sir
146 1851 271 1950 (before
297 1851 350 1922 bis
377 1873 463 1946 eyes.
494 1851 614 1924 Steoir:
641 1851 790 1923 eiciotbar
816 1852 889 1923 dem
921 1852 1032 1946 Velie)
1061 1855 1194 1925 dacos:

150 1954 272 2024 Sancte
299 1954 433 2025 sanctis.

152 2054 292 2127 Chorus.
345 2052 437 2126 Unus
464 2054 617 2146 Sanctus,
646 2077 732 2126 unus
759 2053 902 2127 Sanctus
920 2054 1084 2128 Dominus
1110 2066 1226 2127 noster
1251 2053 1345 2127 lesus

70 2156 227 2228 Christus
262 2157 296 2227 in
331 2155 435 2251 gioria
460 2155 522 2227 Dei
549 2156 656 2228 Petris
690 2157 735 2248 (to
769 2155 825 2228 the
850 2155 958 2229 bonor
984 2157 1024 2228 oi
1046 2155 1118 2228 God
1144 2157 1200 2228 the
1226 2156 1345 2250 fntber)

69 2283 94 2356 p
150 2360 331 2432 Diaconos.
384 2356 538 2448 Domine,
565 2357 716 2431 benedic.

151 2461 330 2534 Sacerdos.
382 2458 584 2531 Benedictus
611 2470 745 2533 sanctus
773 2459 880 2552 Peter,
907 2483 1006 2532 verus
1030 2460 1131 2532 Deus.

153 2562 292 2636 Gboras.
344 2560 461 2632 Amen.

153 2665 332 2736 Diaconos.
367 2663 540 2755 Domine,
567 2661 718 2735 benedic.

154 2764 330 2838 Sacerdos.
384 2764 584 2837 benedictus
611 2775 746 2838 sanctus
772 2763 890 2856 Filius,
915 2787 1013 2837 verus
1039 2763 1141 2836 Deus.

155 2868 294 2940 Cboras.
347 2866 462 2938 Amen.
578 2900 586 2913 ν

153 2970 333 3041 Diaconas.
386 2967 539 3058 Domine,
567 2967 719 3039 benedic.

154 3069 331 3143 Sacerdos.
385 3070 585 3141 benedictus
612 3067 758 3164 Spiritus
785 3065 939 3156 Sanctus,
966 3088 1064 3136 verus
1092 3063 1194 3136 Deus.

155 3171 294 3245 Gboras.
346 3172 464 3242 Amen.

154 3274 334 3345 Diaconus.
387 3271 540 3362 Domine,
568 3269 720 3342 benedic.

155 3375 332 3447 Sacerdos.
386 3373 578 3445 Benedictio
620 3383 654 3443 et
694 3369 799 3464 gioria
832 3367 921 3441 Petri
956 3379 990 3441 et
1020 3367 1104 3440 Filio
1140 3380 1174 3441 et
1208 3368 1347 3464 Spiritui

72 3481 202 3552 Sancto
231 3501 319 3547 nunc
346 3486 379 3546 et
404 3498 536 3570 semper
562 3486 596 3545 et
622 3474 656 3545 in
684 3471 815 3543 saecula
841 3471 1059 3544 saeculorum.

157 3578 296 3652 Cboras.
348 3578 463 3649 Amen.

156 3682 298 3754 Sanctus
325 3678 432 3771 Pater,
461 3678 603 3750 Sanctus
629 3675 745 3766 Filius,
774 3673 916 3745 Sanctus
943 3672 1099 3770 Spiritus.
1147 3671 1348 3744 benedictus

76 3784 177 3857 Peter
203 3793 235 3854 et
252 3781 356 3854 Fiiins
384 3792 416 3853 et
434 3780 577 3877 Spiritus
597 3778 739 3850 Sanctus
764 3799 855 3848 nunc
882 3786 915 3847 et
940 3798 1072 3871 semper
1098 3784 1131 3846 et
1157 3775 1190 3846 in
1218 3774 1351 3847 saecula

78 3885 298 3959 saeculorum.
351 3883 466 3955 Amen.

166 4090 190 4149 i)
207 4089 259 4138 Non
277 4095 342 4137 recte
360 4088 529 4150 interpretetus
547 4098 602 4134 csse
620 4083 711 4132 ridetur
720 4080 830 4132 Stecbias
849 4081 910 4131 bnnc
927 4081 1075 4131 cretionem:
1094 4078 1252 4140 „Deandio
1263 4078 1350 4138 Dueiic

79 4175 124 4224 des
142 4173 236 4223 bebcns
260 4172 308 4221 bist
330 4172 378 4221 und
402 4173 445 4221 dcr
465 4172 588 4233 Ursprzng
605 4168 648 4218 der
666 4167 824 4227 Erbermung,
848 4165 948 4227 beiiiger
967 4167 1041 4224 (beist,
1064 4164 1174 4213 erberme
1192 4164 1250 4213 Dicb
1269 4164 1350 4213 dieser

82 4256 273 4318 Versnmmiung,
298 4256 388 4304 wctcbe
406 4270 447 4304 zur
465 4256 526 4305 Erdc
544 4255 647 4316 gebengt
664 4251 738 4301 Dcine
756 4250 861 4302 Gottbeit
879 4249 981 4299 substet.
1016 4249 1128 4297 Dewnbre
1147 4250 1181 4297 sie
1200 4247 1350 4310 unversebrt‚

81 4343 171 4393 drucio
198 4341 266 4389 ibren
285 4340 370 4390 Seeicn
390 4339 432 4389 dos
451 4338 553 4389 Zsicben
571 4339 615 4388 des
633 4337 718 4387 Leibes
737 4336 784 4396 ein,
809 4335 852 4385 dns
870 4335 982 4385 endentst
999 4332 1045 4383 den
1063 4332 1141 4382 Besite
1159 4332 1207 4382 und
1224 4333 1267 4383 des
1287 4332 1351 4383 Erbc

77 4429 125 4479 der
143 4426 266 4486 kunringen
286 4423 385 4476 Guter.“

165 4511 191 4575 2)
211 4510 335 4561 Stecbins:
354 4498 530 4576 παράλληλον
547 4510 604 4559 iecit
622 4507 754 4561 orationem
774 4505 868 4557 Basilii:
886 4501 1012 4555 Δέσποτα
1030 4493 1115 4570 Κύριε
1133 4519 1157 4569 p.
1171 4501 1229 4557 436.
