3044 4912
818 276 891 350 352

214 461 260 541 Ὁ
294 461 382 547 Θεὸς
418 456 596 558 ἱλάσθητί
632 488 697 556 μοι
725 466 783 557 τῷ
816 456 1049 559 ιὶμαρτωληὶ,
1082 474 1172 563 λέγει
1197 473 1286 564 πρὸς
1310 472 1395 543 τὸν*
1497 486 1514 524 ·.

212 564 374 663 ’Ἑπαρον
399 561 570 638 δέσποτα.
620 575 692 643 Καὶ
720 572 738 644 5
769 572 875 666 ἱερεὺς
902 571 987 667 άρας
1012 576 1070 646 τὸν
1103 574 1202 667 ἀέρα,
1235 573 1410 669 ἐπιτίθησι
1512 588 1514 593 ’

74 754 82 771 ‚
168 748 174 761 ,
221 678 384 769 ἀριστερῷ
405 671 485 769 όίμρ
508 673 610 746 αὐτοῦ
631 677 745 765 λέγων.

296 780 475 882 Ἔπάρατε
501 782 568 866 τάς
588 787 716 880 χεῖρας
739 781 849 879 ἡμῶν
873 787 923 865 εἱς
948 781 995 855 τὸι
1022 781 1123 885 ὸίγια,
1149 781 1213 859 καὶ
1230 783 1409 886 εὐλογεῖτε
1422 782 1470 859 τὸν

221 884 373 983 Κύριον.
418 891 504 966 Εἶτα
524 897 582 966 τὸν
603 895 698 985 ὸίγιον
721 896 832 967 δίσκον
854 898 973 984 λαβὼν,
997 896 1174 984 ἐπιβάλλει
1194 906 1235 990 τῇ
1254 905 1318 969 τοῦ
1340 902 1361 969 δ

220 1003 357 1093 κεφαλῇ,
388 998 474 1085 μετὰ
506 996 618 1088 πάσης
638 1006 802 1088 προςοχῆς
822 999 880 1068 καὶ
901 996 1077 1087 εὐλαβείας
1101 995 1183 1083 ἔχων
1204 997 1277 1086 ἅμα
1298 998 1319 1069 5
1342 992 1482 1095 ‘mm

220 1103 277 1172 καὶ
303 1102 360 1170 τὸν
385 1100 554 1189 θυμιατὸν
582 1096 631 1169 ἱνὶ
652 1107 717 1168 τῶν
739 1098 917 1169 δακτύλων.
959 1097 1076 1180 Αὐτὸς
1098 1100 1136 1169 δέ
1156 1100 1195 1169 τὸ
1216 1098 1314 1191 ἅγιον
1334 1101 1486 1195 ποτήριον·

220 1202 285 1274 dv&
309 1208 422 1291 χεῖρας
447 1202 569 1289 λαβὼν,
596 1201 785 1290 ἐξέρχονται
807 1202 864 1270 διὰ
885 1210 945 1272 τοῦ
965 1200 1100 1293 βορείου
1120 1201 1253 1290 μέρους,
1281 1230 1490 1296 προπορευο-

218 1306 327 1393 μένων
349 1300 457 1373 αὐτῶν
478 1301 674 1390 λαμπάδων.
702 1303 774 1372 Καὶ
794 1304 1026 1394 περιέρχονται
1042 1304 1100 1373 τὸν
1114 1304 1203 1387 ναὸν,
1226 1301 1474 1393 εόγδμενοιιιαδΙ

221 1405 371 1487 ἑαυτοὺς,
391 1405 449 1473 καὶ
469 1404 628 1495 λέγοντες.

305 1508 474 1584 Πάντων
505 1508 614 1606 ἡμῶν
644 1508 832 1605 μνησθείη
857 1505 995 1608 Κύριος
1021 1509 1041 1584 5
1072 1509 1159 1593 Θεὸς
1183 1513 1224 1586 ἐν
1248 1519 1296 1607 τῇ
1321 1510 1477 1611 βασιλείᾳ

223 1612 354 1698 αὐτοῦ,
374 1610 545 1701 πάντοτε,
567 1618 640 1687 νῦν
658 1610 721 1684 καὶ
739 1610 808 1699 όιεὶ,
827 1609 891 1685 καὶ
908 1616 958 1695 εἱς
974 1610 1060 1695 τοὺς
1077 1616 1217 1695 αλῶνας
1232 1621 1313 1687 τῶν
1331 1612 1484 1689 αλυίνων..

221 1725 393 1808 Είςελθιὸν
421 1726 459 1794 δὲ
486 1722 505 1793 5
534 1723 686 1805 διάκονος
714 1724 808 1795 ἔνδον
836 1733 902 1794 τῶν
929 1724 1030 1814 ἁγίων
1057 1733 1180 1813 θυρῶν,
1207 1729 1345 1797 ἵσταται
1366 1728 1401 1797 έν
1420 1734 1487 1809 τοῖς·

223 1830 355 1913 δεξιοῖς.
397 1826 469 1895 Καὶ
492 1826 672 1914 μέλλοντος
695 1833 756 1895 τοῦ
783 1825 898 1917 ἱερέως
926 1826 1099 1911 είςελθεῖν,
1128 1828 1217 1916 λέγει
1243 1829 1332 1918 πρὸς
1353 1824 1474 1899 αότὸνὸ

224 1928 386 2009 διάκονος.

307 2032 510 2130 Μνησθείη
536 2028 673 2131 Κύριος
699 2030 718 2107 5
748 2031 835 2116 Θεὸς
867 2040 930 2129 τῆς
961 2030 1163 2132 ἱερωσύνης
1187 2058 1257 2109 σου
1283 2038 1325 2110 ἐν
1350 2044 1394 2135 τῆ
1416 2036 1488 2135 γλα-

223 2138 338 2233 σιλείηι
365 2137 492 2211 αὐτοῦ.
530 2150 602 2218 Ιίαλ
622 2146 640 2217 5
664 2146 769 2236 ἱερεὺς
789 2148 876 2238 πρὸς
898 2145 1007 2217 αὐτόν.

224 2294 227 2299 ·
306 2252 510 2350 Μνησθείη
535 2250 680 2351 Κύριος·
705 2252 725 2327 5
755 2252 842 2336 Θεὸς
873 2260 937 2349 τῆς
969 2252 1239 2349 ἱεροδιακονίας
1271 2279 1341 2331 σου
1374 2258 1413 2333 ἐν
1437 2260 1471 2351 τῆ

220 2354 392 2456 βασιλείᾳ
425 2356 542 2430 αὐτοῦ
574 2353 746 2445 πάντοτε,
779 2362 852 2431 νῦν
884 2355 947 2430 καὶ
973 2354 1042 2444 ἀεὶ,
1076 2355 1140 2430 καὶ
1165 2361 1215 2440 εἱς
1239 2356 1328 2442 τοὺς
1353 2358 1501 2439 αἰῶνος.

222 2467 301 2534 τῶν
326 2453 487 2532 αἰώνων.

310 2684 368 2744 cap.
386 2680 460 2730 xxw.
479 2679 543 2728 XXV.
579 2679 604 2727 P.
629 2702 661 2713 -
679 2673 878 2743 προςελθόντος
901 2663 950 2728 οὖν
977 2678 1022 2728 τοῦ
1045 2675 1176 2729 διακόνου
1194 2678 1233 2736 εἰς
1250 2673 1280 2729 τὸ
1296 2680 1372 2748 βῆμα
1389 2680 1475 2743 κατέχει

126 2760 128 2765 ’
223 2758 271 2815 τὸν
288 2758 364 2829 ἱερὸν
382 2759 476 2811 δίσκον
495 2758 542 2811 λαὶ
559 2759 604 2820 τῆς
620 2760 741 2827 κεφαλῆς
758 2756 841 2810 αὐτοῦ
859 2757 910 2817 ἕως
927 2745 959 2811 οἱ
977 2753 1029 2831 όρη
1048 2757 1132 2813 αὐτὸν
1151 2756 1279 2830 ὸλερεός’
1299 2766 1430 2815 τεθέντων
1438 2747 1476 2814 οὖν
1511 2782 1514 2793 ·

223 2847 271 2899 καὶ
288 2846 358 2899 μετὰ
376 2847 422 2896 τοῦ
438 2840 518 2910 ἀέρος
535 2846 749 2895 σκεπασθίντων
766 2845 878 2912 θυμιῶν
896 2842 927 2894 τά
946 2844 1021 2913 δῶρα
1032 2841 1046 2897 5
1059 2842 1146 2911 ἱερεὺς
1159 2848 1246 2914 λέγει’
1266 2837 1476 2915 δγάθυνον,1ίυ’·

223 2947 273 3002 ριε,
291 2928 322 2981 έν
339 2933 370 3001 τῆ
387 2928 499 2995 εὐδοκία
517 2943 568 2980 σου
585 2924 634 2993 τῆν
651 2922 735 2977 Σιών.
771 2930 958 2997 ίίροςκυνοῦσι
976 2928 1005 2980 δὲ
1024 2926 1179 2998 ἀμφότεροι
1196 2932 1244 2981 καλ
1261 2925 1476 2988 ἀπυλόσαςὸλε·

223 3010 286 3087 ρεὸς
307 3014 355 3079 τῆν
378 3008 506 3081 ᾳελοίνην
529 3011 623 3080 αὑτοῦ,
647 3012 778 3081 στραηελς
801 3008 871 3080 πρὸς
894 3010 941 3064 τὸν
958 3010 1089 3066 διάκονον
1105 3017 1187 3082 λέγει.
1222 3003 1311 3074 Εόξαι
1328 3011 1396 3083 όαλρ
1414 3010 1476 3082 ίμοὶ,

224 3095 344 3152 διάκονε.
375 3096 406 3149 Ὁ
423 3097 452 3149 δὲ
471 3091 620 3166 εὐχόμενος
636 3098 720 3164 λέγει·
740 3101 849 3165 πνεῦμα
869 3092 950 3165 ιίγιον
966 3101 1023 3150 κτλ.
1058 3093 1254 3167 Καλὸὶερεὸς
1269 3099 1358 3167 λέγει·
1377 3095 1439 3150 αὐτὸ
1454 3090 1478 3149 τὸ
1512 3162 1514 3167 Ι

224 3189 335 3250 πνεῦμα
358 3184 415 3235 κτλ.
438 3184 468 3234 τὸ
491 3177 572 3250 ἅγιον
594 3185 676 3251 μενεῖ
696 3180 758 3250 μεθ’
786 3177 872 3247 ῆμιῦν.
908 3183 965 3232 Ιίαὶ
987 3177 1226 3253 συλλειτουργῆσει
1249 3178 1319 3253 ἡμῖν
1336 3174 1478 3241 αόσαςιός
1512 3172 1514 3183 '

222 3263 327 3336 ἡμέρας
344 3272 387 3330 τῆς
405 3267 470 3330 ζωῆς
486 3261 574 3333 ἡμῶν.
600 3266 657 3314 Καὶ
674 3260 688 3317 5
705 3259 834 3322 διάκονος
849 3266 935 3332 λέγει·
953 3262 1096 3335 μνήσθητί
1110 3286 1166 3337 μου
1182 3265 1242 3336 ἅγιε
1262 3267 1392 3321 δέσποτα.
1412 3261 1440 3319 ’Θ
1453 3261 1477 3316 δλ

223 3352 308 3420 λέγει·
332 3353 468 3419 μνησθείη
487 3364 538 3400 σου
556 3342 658 3419 Κύριος
675 3348 705 3400 ἐν
722 3350 752 3420 τῆ
768 3351 893 3416 βασιλείᾳ
911 3344 1003 3402 αὐτοῦ.
1032 3353 1089 3402 Καὶ
1105 3351 1243 3422 ἐξέρχεται
1261 3351 1346 3411 εὸθὸς
1362 3350 1377 3406 ὸ
1394 3343 1478 3404 διάκο-

223 3452 271 3494 νος
288 3436 375 3504 λέγων
393 3432 425 3484 τά
442 3428 562 3499 συνῆθη·
587 3428 778 3503 πληρώσωμεν
795 3435 850 3485 κτλ.
868 3462 902 3472 -
928 3439 954 3487 C.
972 3426 1040 3485 Εἶτα
1059 3431 1073 3487 ὸ
1092 3430 1220 3494 διάκονος
1236 3438 1328 3507 θυμιᾷ
1344 3435 1392 3503 τῆν
1408 3431 1482 3503 ἆγίαν

224 3516 359 3590 τράπεζαν
376 3519 423 3568 καὶ
445 3514 493 3583 τῆν
516 3512 660 3584 πρόθεσιν.
695 3520 752 3568 Καὶ
769 3523 873 3570 νίατων
892 3516 937 3577 τὸς
950 3523 1048 3587 χεῖρας
1065 3514 1108 3571 ὅτε
1128 3518 1141 3572 5
1160 3517 1249 3589 ἱερεὸς
1266 3523 1313 3572 καὶ
1332 3518 1346 3573 ὸ
1365 3516 1481 3577 διάκονοι

222 3606 308 3672 λέγει·
334 3606 455 3669 νίψομαι
479 3601 510 3653 ἐν
532 3595 636 3660 ἀθώοις
658 3599 705 3661 τὰς
724 3606 821 3673 χεῖρας
842 3620 898 3670 μου
916 3623 940 3671 p.
952 3606 1010 3656 330.
1046 3605 1102 3653 Καὶ
1125 3606 1254 3656 ποιοῦσιν
1277 3600 1480 3677 προςκυνῆματιι

224 3694 293 3753 τρία.
328 3690 412 3755 Λίγει
438 3680 612 3745 ὁδιιὶκυνος·
638 3689 750 3753 βασιλεῦ
768 3682 877 3753 υὸριίνιε
897 3706 921 3754 p.
933 3690 988 3740 286.
1024 3690 1081 3738 Καὶ
1099 3693 1190 3752 τίθησι
1207 3685 1237 3740 τὸ
1255 3688 1389 3758 κάλυμμα
1407 3691 1444 3748 είς
1458 3681 1482 3739 τὸ

225 3768 370 3843 ἀριστερὸν
386 3775 472 3841 μέρος
489 3773 536 3823 τοῦ
552 3764 632 3839 όίμυυ
649 3772 696 3824 τοῦ
712 3767 844 3824 διακόνου
861 3773 964 3840 λέγων·
982 3768 1021 3841 μῆ
1040 3768 1198 3842 ἀποῤῥίψης
1213 3788 1249 3840 με
1269 3768 1328 3824 eme>
1346 3775 1393 3825 τοῦ
1409 3788 1484 3840 προι-

225 3856 303 3910 ιόαου
321 3872 371 3909 σου
389 3851 482 3907 καὶτὸ
501 3856 611 3924 πνεῦμα
630 3853 658 3907 τὸ
676 3852 758 3924 ἅγιον
774 3853 812 3924 μῆ
830 3853 978 3928 ἀντανίλης
995 3852 1040 3906 ἀπ’
1063 3854 1141 3923 ἐμοῦ.
1172 3850 1203 3908 ‘0
1221 3850 1365 3916 διάκονος·
1390 3848 1485 3914 ἆαοδός

224 3960 275 4011 μοι
298 3936 346 4007 τῆν
368 3939 531 4008 άγαλλίασιν
555 3940 602 3992 τοῦ
624 3946 757 4009 σωτηρίου
775 3957 825 3995 σου
842 3941 890 3993 καλ
907 3935 1042 4010 πνεύματι
1061 3938 1177 4008 ῆγίμονι
1195 3936 1324 4011 στῆριξόν
1341 3958 1385 4011 με.
1417 3938 1447 3995 ‘O
1460 3938 1486 3994 δλ

225 4023 314 4094 ίερεός
330 4021 423 4091 λαβών
440 4019 488 4077 τὸν
506 4024 602 4077 δίσκον
621 4029 729 4089 τίθησιν
746 4021 831 4077 αὑτὸν
849 4019 944 4077 ἐπάνω
962 4026 1007 4090 τῆς
1024 4025 1145 4094 κεφαλῆς
1160 4023 1209 4075 τοῦ
1226 4018 1362 4077 διακόνου
1378 4026 1427 4077 καλ
1442 4021 1488 4077 αἱὮ

224 4109 270 4169 τὸς
286 4106 316 4162 τὸ
334 4105 464 4178 ποτήριον
479 4106 616 4178 λαμβάνει
633 4111 680 4160 καλ
696 4111 783 4177 λίγει·
810 4104 897 4178 ἅγιος,
921 4106 1008 4176 άγιος,
1025 4107 1105 4177 ἅγιος
1120 4104 1223 4181 Κόριυς
1240 4104 1254 4162 5
1276 4106 1347 4169 Θεὸς
1362 4107 1489 4179 tamo,

224 4189 331 4261 πλήρης
348 4190 362 4246 ὸ
381 4189 500 4262 οὐρανὸς
515 4194 563 4244 καλ
581 4189 594 4259 ῆ
613 4194 648 4261 γῆ
665 4195 710 4259 τῆς
726 4187 806 4258 δόξης
823 4208 883 4245 σου.
915 4189 1089 4262 Ἐρχομίνων
1107 4192 1136 4245 δὲ
1155 4190 1247 4245 αὐτῶν
1264 4194 1304 4253 εἰς
1321 4192 1355 4246 τά
1366 4188 1491 4267 πρόθυρα

224 4284 364 4347 λέγουσιν·
383 4271 464 4345 άρατε
483 4271 571 4335 πάλας
589 4279 615 4328 οἱ
633 4273 764 4344 ἄρχοντες
781 4273 860 4346 ὑμῶν
877 4277 924 4328 καλ
942 4272 1080 4347 λπάρθηιε
1097 4270 1182 4328 πύλαι
1199 4272 1306 4330 αίιόνιοι
1320 4272 1494 4339 καλελςελεδ-

225 4378 300 4415 σεται
325 4360 339 4415 ὸ
356 4360 484 4430 βασιλεὺς
500 4364 544 4427 τῆς
562 4358 656 4427 δόξης·
681 4360 865 4431 εὐλογημένος
882 4358 896 4414 5
916 4355 1068 4432 ἔρχὸμενυς
1084 4360 1116 4414 ἐν
1133 4360 1172 4428 ug]
1188 4357 1304 4433 ὀνόματι
1323 4364 1373 4416 τοῦ
1388 4366 1495 4431 Κυρίου

225 4449 272 4499 καλ
289 4447 430 4516 ίαίιγανεν
447 4441 523 4516 ὑμῖν.
545 4438 613 4497 Εἶτα
632 4441 762 4498 καλύπτει
780 4443 812 4498 τὸ
829 4441 896 4514 ι’ἱγια
912 4448 1015 4515 λέγων·
1035 4440 1049 4498 ὸ
1066 4439 1168 4517 Κύριος
1184 4445 1373 4517 ἐβασίλευσεν,
1391 4446 1495 4519 εδπρέ-

224 4547 308 4584 πειαν
329 4526 486 4586 ἐνεδύσατο.
519 4531 578 4582 Καὶ
599 4533 699 4603 θυμιᾷ,
721 4531 810 4600 λέγων
827 4534 884 4590 τοῖς
900 4529 930 4585 ἐκ
949 4530 1045 4591 δεξιῶν
1062 4530 1111 4583 καλ
1127 4534 1183 4591 τοῖς
1199 4528 1230 4591 ἐξ
1245 4529 1418 4603 εὐωνύμων·
1442 4548 1500 4603 με·
