<?xml version="1.0" encoding="UTF-8"?>
<!DOCTYPE html PUBLIC "-//W3C//DTD XHTML 1.0 Transitional//EN"
    "http://www.w3.org/TR/xhtml1/DTD/xhtml1-transitional.dtd">
<html xmlns="http://www.w3.org/1999/xhtml" xml:lang="en" lang="en">
 <head>
  <title>
</title>
<meta http-equiv="Content-Type" content="text/html;charset=utf-8" />
  <meta name='ocr-system' content='tesseract 3.04.00' />
  <meta name='ocr-capabilities' content='ocr_page ocr_carea ocr_par ocr_line ocrx_word'/>
</head>
<body>
  <div class='ocr_page' id='page_1' title='image "./codexliturgicus05danigoog_0202.png"; bbox 0 0 3044 4912; ppageno 0'>
   <div class='ocr_carea' id='block_1_1' title="bbox 669 266 849 340">
    <p class='ocr_par' dir='ltr' id='par_1_1' title="bbox 669 266 849 340">
     <span class='ocr_line' id='line_1_1' title="bbox 669 266 849 340; baseline 0.011 -2"><span class='ocrx_word' id='word_1_1' title='bbox 669 266 738 340; x_wconf 81' lang='lat'><strong>191</strong></span> <span class='ocrx_word' id='word_1_2' title='bbox 834 316 849 325; x_wconf 96' lang='lat'>-</span> 
     </span>
    </p>
   </div>
   <div class='ocr_carea' id='block_1_2' title="bbox 54 448 1342 1053">
    <p class='ocr_par' dir='ltr' id='par_1_2' title="bbox 55 448 1342 648">
     <span class='ocr_line' id='line_1_2' title="bbox 135 448 1342 547; baseline 0.004 -25"><span class='ocrx_word' id='word_1_3' title='bbox 135 448 252 522; x_wconf 88' lang='lat' dir='ltr'><strong>Gratia</strong></span> <span class='ocrx_word' id='word_1_4' title='bbox 279 448 412 522; x_wconf 82' lang='lat' dir='ltr'><strong>Domini</strong></span> <span class='ocrx_word' id='word_1_5' title='bbox 448 451 553 524; x_wconf 91' lang='lat' dir='ltr'><strong>nostri</strong></span> <span class='ocrx_word' id='word_1_6' title='bbox 580 451 656 525; x_wconf 89' lang='lat' dir='ltr'><strong>lesu</strong></span> <span class='ocrx_word' id='word_1_7' title='bbox 682 452 825 525; x_wconf 85' lang='lat' dir='ltr'><strong>Christi:</strong></span> <span class='ocrx_word' id='word_1_8' title='bbox 860 465 895 526; x_wconf 91' lang='lat' dir='ltr'><strong>et</strong></span> <span class='ocrx_word' id='word_1_9' title='bbox 919 453 1039 527; x_wconf 86' lang='lat' dir='ltr'><strong>caritas</strong></span> <span class='ocrx_word' id='word_1_10' title='bbox 1065 451 1127 524; x_wconf 91' lang='lat' dir='ltr'><strong>Dei</strong></span> <span class='ocrx_word' id='word_1_11' title='bbox 1153 452 1272 547; x_wconf 87' lang='lat' dir='ltr'><strong>Patris,</strong></span> <span class='ocrx_word' id='word_1_12' title='bbox 1308 468 1342 527; x_wconf 91' lang='lat' dir='ltr'><strong>et</strong></span> 
     </span>
     <span class='ocr_line' id='line_1_3' title="bbox 55 551 1119 648; baseline 0.002 -23"><span class='ocrx_word' id='word_1_13' title='bbox 55 552 319 625; x_wconf 77' lang='lat' dir='ltr'><strong>communicatio</strong></span> <span class='ocrx_word' id='word_1_14' title='bbox 345 551 482 648; x_wconf 86' lang='lat' dir='ltr'><strong>spiritus</strong></span> <span class='ocrx_word' id='word_1_15' title='bbox 510 555 628 645; x_wconf 88' lang='lat' dir='ltr'><strong>sancti,</strong></span> <span class='ocrx_word' id='word_1_16' title='bbox 655 554 701 626; x_wconf 91' lang='lat' dir='ltr'><strong>sit</strong></span> <span class='ocrx_word' id='word_1_17' title='bbox 726 579 802 627; x_wconf 88' lang='lat' dir='ltr'><strong>cum</strong></span> <span class='ocrx_word' id='word_1_18' title='bbox 827 555 982 629; x_wconf 91' lang='lat' dir='ltr'><strong>omnibus</strong></span> <span class='ocrx_word' id='word_1_19' title='bbox 1008 552 1119 627; x_wconf 88' lang='lat' dir='ltr'><strong>nobis.</strong></span> 
     </span>
    </p>

    <p class='ocr_par' dir='ltr' id='par_1_3' title="bbox 54 652 1341 858">
     <span class='ocr_line' id='line_1_4' title="bbox 144 652 1341 753; baseline 0.001 -26"><span class='ocrx_word' id='word_1_20' title='bbox 144 652 314 727; x_wconf 82' lang='lat' dir='ltr'><strong>Sacerdos</strong></span> <span class='ocrx_word' id='word_1_21' title='bbox 340 655 452 748; x_wconf 76' lang='lat' dir='ltr'><strong>sipont</strong></span> <span class='ocrx_word' id='word_1_22' title='bbox 477 678 514 727; x_wconf 86' lang='lat' dir='ltr'><strong>se</strong></span> <span class='ocrx_word' id='word_1_23' title='bbox 538 656 661 752; x_wconf 82' lang='lat' dir='ltr'><strong>ipsum,</strong></span> <span class='ocrx_word' id='word_1_24' title='bbox 688 668 719 729; x_wconf 89' lang='lat' dir='ltr'><strong>et</strong></span> <span class='ocrx_word' id='word_1_25' title='bbox 747 657 852 730; x_wconf 85' lang='lat' dir='ltr'><strong>eleuat</strong></span> <span class='ocrx_word' id='word_1_26' title='bbox 878 682 1013 731; x_wconf 86' lang='lat' dir='ltr'><strong>menum</strong></span> <span class='ocrx_word' id='word_1_27' title='bbox 1037 681 1134 730; x_wconf 81' lang='lat' dir='ltr'><strong>sarnus</strong></span> <span class='ocrx_word' id='word_1_28' title='bbox 1158 679 1262 753; x_wconf 87' lang='lat' dir='ltr'><strong>super</strong></span> <span class='ocrx_word' id='word_1_29' title='bbox 1279 682 1341 729; x_wconf 89' lang='lat' dir='ltr'><strong>co-</strong></span> 
     </span>
     <span class='ocr_line' id='line_1_5' title="bbox 54 756 1334 858; baseline 0.003 -30"><span class='ocrx_word' id='word_1_30' title='bbox 54 766 121 853; x_wconf 85' lang='lat' dir='ltr'><strong>put</strong></span> <span class='ocrx_word' id='word_1_31' title='bbox 150 780 259 842; x_wconf 86' lang='lat' dir='ltr'><strong>suum,</strong></span> <span class='ocrx_word' id='word_1_32' title='bbox 285 766 324 826; x_wconf 89' lang='lat' dir='ltr'><strong>ut</strong></span> <span class='ocrx_word' id='word_1_33' title='bbox 350 756 395 827; x_wconf 86' lang='lat' dir='ltr'><strong>sit</strong></span> <span class='ocrx_word' id='word_1_34' title='bbox 421 756 457 828; x_wconf 86' lang='lat' dir='ltr'><strong>iu</strong></span> <span class='ocrx_word' id='word_1_35' title='bbox 483 767 562 828; x_wconf 79' lang='lat' dir='ltr'><strong>uc‘re</strong></span> <span class='ocrx_word' id='word_1_36' title='bbox 588 767 621 829; x_wconf 89' lang='lat' dir='ltr'><strong>et</strong></span> <span class='ocrx_word' id='word_1_37' title='bbox 643 757 790 856; x_wconf 86' lang='lat' dir='ltr'><strong>populus</strong></span> <span class='ocrx_word' id='word_1_38' title='bbox 813 761 986 858; x_wconf 79' lang='lat' dir='ltr'><strong><em>particeps</em></strong></span> <span class='ocrx_word' id='word_1_39' title='bbox 1012 759 1058 831; x_wconf 81' lang='lat' dir='ltr'><strong>sit</strong></span> <span class='ocrx_word' id='word_1_40' title='bbox 1083 758 1293 853; x_wconf 82' lang='lat' dir='ltr'><strong>cipuotinuie.</strong></span> <span class='ocrx_word' id='word_1_41' title='bbox 1327 813 1334 821; x_wconf 79' lang='lat'>·</span> 
     </span>
    </p>

    <p class='ocr_par' dir='ltr' id='par_1_4' title="bbox 60 855 1340 1053">
     <span class='ocr_line' id='line_1_6' title="bbox 138 855 1340 934; baseline 0.005 -6"><span class='ocrx_word' id='word_1_42' title='bbox 138 856 232 929; x_wconf 78' lang='lat' dir='ltr'><strong>Dicit</strong></span> <span class='ocrx_word' id='word_1_43' title='bbox 256 855 437 930; x_wconf 70' lang='lat' dir='ltr'><strong>Diouem.</strong></span> <span class='ocrx_word' id='word_1_44' title='bbox 473 859 597 932; x_wconf 81' lang='lat' dir='ltr'><strong>Omnes</strong></span> <span class='ocrx_word' id='word_1_45' title='bbox 623 882 686 932; x_wconf 89' lang='lat' dir='ltr'><strong>nos</strong></span> <span class='ocrx_word' id='word_1_46' title='bbox 713 884 788 932; x_wconf 90' lang='lat' dir='ltr'><strong>cum</strong></span> <span class='ocrx_word' id='word_1_47' title='bbox 816 862 953 934; x_wconf 90' lang='lat' dir='ltr'><strong>timore:</strong></span> <span class='ocrx_word' id='word_1_48' title='bbox 981 872 1012 933; x_wconf 92' lang='lat' dir='ltr'><strong>et</strong></span> <span class='ocrx_word' id='word_1_49' title='bbox 1040 860 1085 934; x_wconf 87' lang='lat' dir='ltr'><strong>od</strong></span> <span class='ocrx_word' id='word_1_50' title='bbox 1110 860 1192 933; x_wconf 85' lang='lat' dir='ltr'><strong>boec</strong></span> <span class='ocrx_word' id='word_1_51' title='bbox 1217 862 1340 934; x_wconf 86' lang='lat' dir='ltr'><strong>uerbo:</strong></span> 
     </span>
     <span class='ocr_line' id='line_1_7' title="bbox 60 958 559 1053; baseline 0.006 -23"><span class='ocrx_word' id='word_1_52' title='bbox 60 959 157 1032; x_wconf 82' lang='lat' dir='ltr'><strong>dedit</strong></span> <span class='ocrx_word' id='word_1_53' title='bbox 181 958 280 1031; x_wconf 90' lang='lat' dir='ltr'><strong>nobis</strong></span> <span class='ocrx_word' id='word_1_54' title='bbox 306 958 462 1053; x_wconf 80' lang='lat' dir='ltr'><strong>mysteria</strong></span> <span class='ocrx_word' id='word_1_55' title='bbox 487 985 559 1034; x_wconf 89' lang='lat' dir='ltr'><strong>sua.</strong></span> 
     </span>
    </p>
   </div>
   <div class='ocr_carea' id='block_1_3' title="bbox 61 1075 1397 1377">
    <p class='ocr_par' dir='ltr' id='par_1_5' title="bbox 61 1075 1397 1377">
     <span class='ocr_line' id='line_1_8' title="bbox 137 1075 1340 1176; baseline 0.005 -28"><span class='ocrx_word' id='word_1_56' title='bbox 137 1076 263 1175; x_wconf 76' lang='lat' dir='ltr'><strong>incipit</strong></span> <span class='ocrx_word' id='word_1_57' title='bbox 289 1075 456 1150; x_wconf 84' lang='lat' dir='ltr'><strong>Sacerdos</strong></span> <span class='ocrx_word' id='word_1_58' title='bbox 487 1078 647 1176; x_wconf 73' lang='lat' dir='ltr'><strong>frnnp&#39;ere</strong></span> <span class='ocrx_word' id='word_1_59' title='bbox 679 1103 822 1176; x_wconf 86' lang='lat' dir='ltr'><strong>corpus:</strong></span> <span class='ocrx_word' id='word_1_60' title='bbox 858 1089 890 1152; x_wconf 89' lang='lat' dir='ltr'><strong>et</strong></span> <span class='ocrx_word' id='word_1_61' title='bbox 917 1081 1009 1153; x_wconf 85' lang='lat' dir='ltr'><strong>dicit.</strong></span> <span class='ocrx_word' id='word_1_62' title='bbox 1063 1079 1247 1175; x_wconf 87' lang='lat' dir='ltr'><strong>Propitinre</strong></span> <span class='ocrx_word' id='word_1_63' title='bbox 1273 1081 1340 1154; x_wconf 93' lang='lat' dir='ltr'><strong>Do·</strong></span> 
     </span>
     <span class='ocr_line' id='line_1_9' title="bbox 61 1175 1397 1279; baseline 0.003 -29"><span class='ocrx_word' id='word_1_64' title='bbox 61 1179 154 1251; x_wconf 91' lang='lat' dir='ltr'><strong>mine</strong></span> <span class='ocrx_word' id='word_1_65' title='bbox 179 1202 240 1276; x_wconf 87' lang='lat' dir='ltr'><strong>per</strong></span> <span class='ocrx_word' id='word_1_66' title='bbox 266 1179 476 1252; x_wconf 91' lang='lat' dir='ltr'><strong>clementiam</strong></span> <span class='ocrx_word' id='word_1_67' title='bbox 502 1191 593 1252; x_wconf 90' lang='lat' dir='ltr'><strong>tuam</strong></span> <span class='ocrx_word' id='word_1_68' title='bbox 618 1184 764 1277; x_wconf 89' lang='lat' dir='ltr'><strong>peccatis</strong></span> <span class='ocrx_word' id='word_1_69' title='bbox 790 1192 824 1253; x_wconf 90' lang='lat' dir='ltr'><strong>et</strong></span> <span class='ocrx_word' id='word_1_70' title='bbox 849 1181 1051 1279; x_wconf 88' lang='lat' dir='ltr'><strong>insipientiis</strong></span> <span class='ocrx_word' id='word_1_71' title='bbox 1078 1205 1249 1254; x_wconf 83' lang='lat' dir='ltr'><strong>servornm</strong></span> <span class='ocrx_word' id='word_1_72' title='bbox 1267 1193 1340 1254; x_wconf 89' lang='lat' dir='ltr'><strong>tuo·</strong></span> <span class='ocrx_word' id='word_1_73' title='bbox 1393 1175 1397 1183; x_wconf 71' lang='grc'><strong>’</strong></span> 
     </span>
     <span class='ocr_line' id='line_1_10' title="bbox 62 1279 1340 1377; baseline 0.002 -25"><span class='ocrx_word' id='word_1_74' title='bbox 62 1305 151 1372; x_wconf 85' lang='lat' dir='ltr'><strong>rum,</strong></span> <span class='ocrx_word' id='word_1_75' title='bbox 177 1290 212 1352; x_wconf 87' lang='lat' dir='ltr'><strong>et</strong></span> <span class='ocrx_word' id='word_1_76' title='bbox 236 1280 406 1353; x_wconf 83' lang='lat' dir='ltr'><strong>sanctifica</strong></span> <span class='ocrx_word' id='word_1_77' title='bbox 432 1279 519 1353; x_wconf 89' lang='lat' dir='ltr'><strong>labia</strong></span> <span class='ocrx_word' id='word_1_78' title='bbox 544 1292 659 1355; x_wconf 87' lang='lat' dir='ltr'><strong>nostra</strong></span> <span class='ocrx_word' id='word_1_79' title='bbox 684 1306 745 1377; x_wconf 94' lang='lat' dir='ltr'><strong>per</strong></span> <span class='ocrx_word' id='word_1_80' title='bbox 771 1284 910 1377; x_wconf 79' lang='lat' dir='ltr'><strong>gratiam</strong></span> <span class='ocrx_word' id='word_1_81' title='bbox 931 1297 1031 1376; x_wconf 89' lang='lat' dir='ltr'><strong>tunm,</strong></span> <span class='ocrx_word' id='word_1_82' title='bbox 1059 1294 1097 1355; x_wconf 91' lang='lat' dir='ltr'><strong>ut</strong></span> <span class='ocrx_word' id='word_1_83' title='bbox 1114 1283 1195 1354; x_wconf 90' lang='lat' dir='ltr'><strong>dent</strong></span> <span class='ocrx_word' id='word_1_84' title='bbox 1210 1283 1340 1357; x_wconf 80' lang='lat' dir='ltr'><strong>fructus</strong></span> 
     </span>
    </p>
   </div>
   <div class='ocr_carea' id='block_1_4' title="bbox 63 1382 1338 1580">
    <p class='ocr_par' dir='ltr' id='par_1_6' title="bbox 63 1382 1338 1580">
     <span class='ocr_line' id='line_1_11' title="bbox 63 1382 1338 1476; baseline 0.003 -23"><span class='ocrx_word' id='word_1_85' title='bbox 63 1383 189 1475; x_wconf 81' lang='lat' dir='ltr'><strong>gloriae</strong></span> <span class='ocrx_word' id='word_1_86' title='bbox 227 1391 261 1453; x_wconf 91' lang='lat' dir='ltr'><strong>et</strong></span> <span class='ocrx_word' id='word_1_87' title='bbox 292 1383 400 1456; x_wconf 88' lang='lat' dir='ltr'><strong>laudis</strong></span> <span class='ocrx_word' id='word_1_88' title='bbox 435 1382 597 1455; x_wconf 81' lang='lat' dir='ltr'><strong>divinitati</strong></span> <span class='ocrx_word' id='word_1_89' title='bbox 636 1394 724 1476; x_wconf 87' lang='lat' dir='ltr'><strong>tuae,</strong></span> <span class='ocrx_word' id='word_1_90' title='bbox 759 1407 835 1457; x_wconf 89' lang='lat' dir='ltr'><strong>cum</strong></span> <span class='ocrx_word' id='word_1_91' title='bbox 869 1386 1025 1459; x_wconf 91' lang='lat' dir='ltr'><strong>omnibus</strong></span> <span class='ocrx_word' id='word_1_92' title='bbox 1058 1385 1182 1458; x_wconf 89' lang='lat' dir='ltr'><strong>sanctis</strong></span> <span class='ocrx_word' id='word_1_93' title='bbox 1210 1384 1276 1457; x_wconf 90' lang='lat' dir='ltr'><strong>tuis</strong></span> <span class='ocrx_word' id='word_1_94' title='bbox 1303 1385 1338 1457; x_wconf 92' lang='lat' dir='ltr'><strong>in</strong></span> 
     </span>
     <span class='ocr_line' id='line_1_12' title="bbox 63 1494 266 1580; baseline 0.005 -27"><span class='ocrx_word' id='word_1_95' title='bbox 63 1507 167 1580; x_wconf 86' lang='lat' dir='ltr'><strong>regno</strong></span> <span class='ocrx_word' id='word_1_96' title='bbox 198 1494 266 1555; x_wconf 91' lang='lat' dir='ltr'><strong>tuo.</strong></span> 
     </span>
    </p>
   </div>
   <div class='ocr_carea' id='block_1_5' title="bbox 65 1600 1341 1904">
    <p class='ocr_par' dir='ltr' id='par_1_7' title="bbox 65 1600 1341 1904">
     <span class='ocr_line' id='line_1_13' title="bbox 140 1600 1341 1700; baseline 0.002 -27"><span class='ocrx_word' id='word_1_97' title='bbox 140 1600 186 1674; x_wconf 80' lang='lat' dir='ltr'><strong>Et</strong></span> <span class='ocrx_word' id='word_1_98' title='bbox 223 1601 357 1673; x_wconf 84' lang='lat' dir='ltr'><strong>elevans</strong></span> <span class='ocrx_word' id='word_1_99' title='bbox 383 1625 495 1674; x_wconf 87' lang='lat' dir='ltr'><strong>recem</strong></span> <span class='ocrx_word' id='word_1_100' title='bbox 521 1603 614 1674; x_wconf 83' lang='lat' dir='ltr'><strong>dicit.</strong></span> <span class='ocrx_word' id='word_1_101' title='bbox 667 1602 711 1675; x_wconf 87' lang='lat' dir='ltr'><strong>Et</strong></span> <span class='ocrx_word' id='word_1_102' title='bbox 741 1603 794 1676; x_wconf 87' lang='lat' dir='ltr'><strong>lec</strong></span> <span class='ocrx_word' id='word_1_103' title='bbox 826 1628 889 1677; x_wconf 91' lang='lat' dir='ltr'><strong>nos</strong></span> <span class='ocrx_word' id='word_1_104' title='bbox 922 1606 1042 1700; x_wconf 81' lang='lat' dir='ltr'><strong>dignos</strong></span> <span class='ocrx_word' id='word_1_105' title='bbox 1075 1605 1216 1678; x_wconf 92' lang='lat' dir='ltr'><strong>Domine</strong></span> <span class='ocrx_word' id='word_1_106' title='bbox 1249 1604 1341 1677; x_wconf 87' lang='lat' dir='ltr'><strong>Deus</strong></span> 
     </span>
     <span class='ocr_line' id='line_1_14' title="bbox 67 1704 1340 1801; baseline 0.003 -27"><span class='ocrx_word' id='word_1_107' title='bbox 67 1714 192 1795; x_wconf 87' lang='lat' dir='ltr'><strong>noster,</strong></span> <span class='ocrx_word' id='word_1_108' title='bbox 228 1714 265 1775; x_wconf 92' lang='lat' dir='ltr'><strong>ut</strong></span> <span class='ocrx_word' id='word_1_109' title='bbox 297 1715 457 1800; x_wconf 91' lang='lat' dir='ltr'><strong>perpetuo</strong></span> <span class='ocrx_word' id='word_1_110' title='bbox 491 1704 615 1801; x_wconf 87' lang='lat' dir='ltr'><strong>absque</strong></span> <span class='ocrx_word' id='word_1_111' title='bbox 642 1705 781 1797; x_wconf 90' lang='lat' dir='ltr'><strong>macula,</strong></span> <span class='ocrx_word' id='word_1_112' title='bbox 817 1728 927 1779; x_wconf 88' lang='lat' dir='ltr'><strong>coram</strong></span> <span class='ocrx_word' id='word_1_113' title='bbox 955 1719 988 1779; x_wconf 91' lang='lat' dir='ltr'><strong>te</strong></span> <span class='ocrx_word' id='word_1_114' title='bbox 1015 1709 1237 1780; x_wconf 78' lang='lat' dir='ltr'><strong>consistamus</strong></span> <span class='ocrx_word' id='word_1_115' title='bbox 1264 1730 1340 1779; x_wconf 92' lang='lat' dir='ltr'><strong>cum</strong></span> 
     </span>
     <span class='ocr_line' id='line_1_15' title="bbox 65 1804 1340 1904; baseline 0.003 -28"><span class='ocrx_word' id='word_1_116' title='bbox 65 1805 164 1877; x_wconf 86' lang='lat' dir='ltr'><strong>corde</strong></span> <span class='ocrx_word' id='word_1_117' title='bbox 199 1828 295 1902; x_wconf 89' lang='lat' dir='ltr'><strong>puro,</strong></span> <span class='ocrx_word' id='word_1_118' title='bbox 330 1804 415 1877; x_wconf 83' lang='lat' dir='ltr'><strong>facie</strong></span> <span class='ocrx_word' id='word_1_119' title='bbox 449 1816 561 1902; x_wconf 90' lang='lat' dir='ltr'><strong>aperta</strong></span> <span class='ocrx_word' id='word_1_120' title='bbox 588 1816 723 1879; x_wconf 91' lang='lat' dir='ltr'><strong>etcum</strong></span> <span class='ocrx_word' id='word_1_121' title='bbox 750 1807 870 1880; x_wconf 85' lang='lat' dir='ltr'><strong>fidncia</strong></span> <span class='ocrx_word' id='word_1_122' title='bbox 897 1832 980 1904; x_wconf 90' lang='lat' dir='ltr'><strong>quae</strong></span> <span class='ocrx_word' id='word_1_123' title='bbox 1007 1833 1026 1880; x_wconf 95' lang='lat' dir='ltr'><strong>a</strong></span> <span class='ocrx_word' id='word_1_124' title='bbox 1053 1820 1086 1880; x_wconf 91' lang='lat' dir='ltr'><strong>te</strong></span> <span class='ocrx_word' id='word_1_125' title='bbox 1112 1818 1174 1900; x_wconf 88' lang='lat' dir='ltr'><strong>est,</strong></span> <span class='ocrx_word' id='word_1_126' title='bbox 1210 1807 1340 1881; x_wconf 91' lang='lat' dir='ltr'><strong>miseri·</strong></span> 
     </span>
    </p>
   </div>
   <div class='ocr_carea' id='block_1_6' title="bbox 10 1906 1339 2081">
    <p class='ocr_par' dir='ltr' id='par_1_8' title="bbox 10 1906 1339 2081">
     <span class='ocr_line' id='line_1_16' title="bbox 10 1906 1339 2007; baseline 0.005 -31"><span class='ocrx_word' id='word_1_127' title='bbox 10 1970 12 2007; x_wconf 44' lang='grc' dir='ltr'>ἰ</span> <span class='ocrx_word' id='word_1_128' title='bbox 66 1906 209 1979; x_wconf 87' lang='lat' dir='ltr'><strong>corditer</strong></span> <span class='ocrx_word' id='word_1_129' title='bbox 235 1906 333 1979; x_wconf 90' lang='lat' dir='ltr'><strong>nobis</strong></span> <span class='ocrx_word' id='word_1_130' title='bbox 360 1907 451 1979; x_wconf 91' lang='lat' dir='ltr'><strong>data:</strong></span> <span class='ocrx_word' id='word_1_131' title='bbox 486 1919 520 1980; x_wconf 90' lang='lat' dir='ltr'><strong>et</strong></span> <span class='ocrx_word' id='word_1_132' title='bbox 545 1931 662 1981; x_wconf 91' lang='lat' dir='ltr'><strong>omnes</strong></span> <span class='ocrx_word' id='word_1_133' title='bbox 687 1909 812 2003; x_wconf 84' lang='lat' dir='ltr'><strong>pariter</strong></span> <span class='ocrx_word' id='word_1_134' title='bbox 838 1911 1029 1982; x_wconf 86' lang='lat' dir='ltr'><strong>invocemus</strong></span> <span class='ocrx_word' id='word_1_135' title='bbox 1056 1921 1087 1982; x_wconf 90' lang='lat' dir='ltr'><strong>te</strong></span> <span class='ocrx_word' id='word_1_136' title='bbox 1116 1921 1150 1981; x_wconf 93' lang='lat' dir='ltr'><strong>et</strong></span> <span class='ocrx_word' id='word_1_137' title='bbox 1174 1911 1224 1982; x_wconf 89' lang='lat' dir='ltr'><strong>sic</strong></span> <span class='ocrx_word' id='word_1_138' title='bbox 1250 1910 1339 1983; x_wconf 91' lang='lat' dir='ltr'><strong>dica·</strong></span> 
     </span>
     <span class='ocr_line' id='line_1_17' title="bbox 65 2006 740 2081; baseline 0.004 -3"><span class='ocrx_word' id='word_1_139' title='bbox 65 2032 148 2079; x_wconf 91' lang='lat' dir='ltr'><strong>mus.</strong></span> <span class='ocrx_word' id='word_1_140' title='bbox 201 2006 299 2078; x_wconf 87' lang='lat' dir='ltr'><strong>Pater</strong></span> <span class='ocrx_word' id='word_1_141' title='bbox 324 2021 440 2080; x_wconf 89' lang='lat' dir='ltr'><strong>noster</strong></span> <span class='ocrx_word' id='word_1_142' title='bbox 466 2020 530 2081; x_wconf 92' lang='lat' dir='ltr'><strong>etc.</strong></span> <span class='ocrx_word' id='word_1_143' title='bbox 734 2018 740 2031; x_wconf 86' lang='lat'><em>&#39;</em></span> 
     </span>
    </p>
   </div>
   <div class='ocr_carea' id='block_1_7' title="bbox 137 2108 709 2206">
    <p class='ocr_par' dir='ltr' id='par_1_9' title="bbox 137 2108 709 2206">
     <span class='ocr_line' id='line_1_18' title="bbox 137 2108 709 2206; baseline -0.002 -25"><span class='ocrx_word' id='word_1_144' title='bbox 137 2108 289 2206; x_wconf 84' lang='lat' dir='ltr'><strong>Populus</strong></span> <span class='ocrx_word' id='word_1_145' title='bbox 316 2109 408 2181; x_wconf 84' lang='lat' dir='ltr'><strong>dicit.</strong></span> <span class='ocrx_word' id='word_1_146' title='bbox 461 2109 559 2182; x_wconf 87' lang='lat' dir='ltr'><strong>Pater</strong></span> <span class='ocrx_word' id='word_1_147' title='bbox 584 2120 709 2182; x_wconf 86' lang='lat' dir='ltr'><strong>noster.</strong></span> 
     </span>
    </p>
   </div>
   <div class='ocr_carea' id='block_1_8' title="bbox 68 2225 1339 2527">
    <p class='ocr_par' dir='ltr' id='par_1_10' title="bbox 68 2225 1339 2527">
     <span class='ocr_line' id='line_1_19' title="bbox 140 2225 1338 2324; baseline 0.003 -25"><span class='ocrx_word' id='word_1_148' title='bbox 140 2225 319 2300; x_wconf 80' lang='lat' dir='ltr'><strong>Sacerdos.</strong></span> <span class='ocrx_word' id='word_1_149' title='bbox 373 2228 514 2302; x_wconf 90' lang='lat' dir='ltr'><strong>Domine</strong></span> <span class='ocrx_word' id='word_1_150' title='bbox 551 2229 642 2302; x_wconf 87' lang='lat' dir='ltr'><strong>Deus</strong></span> <span class='ocrx_word' id='word_1_151' title='bbox 677 2237 813 2324; x_wconf 88' lang='lat' dir='ltr'><strong>potens,</strong></span> <span class='ocrx_word' id='word_1_152' title='bbox 851 2226 993 2299; x_wconf 91' lang='lat' dir='ltr'><strong>Domine</strong></span> <span class='ocrx_word' id='word_1_153' title='bbox 1028 2240 1062 2301; x_wconf 90' lang='lat' dir='ltr'><strong>et</strong></span> <span class='ocrx_word' id='word_1_154' title='bbox 1097 2229 1187 2303; x_wconf 93' lang='lat' dir='ltr'><strong>Deus</strong></span> <span class='ocrx_word' id='word_1_155' title='bbox 1222 2241 1338 2302; x_wconf 92' lang='lat' dir='ltr'><strong>noster</strong></span> 
     </span>
     <span class='ocr_line' id='line_1_20' title="bbox 68 2327 1337 2426; baseline 0.001 -25"><span class='ocrx_word' id='word_1_156' title='bbox 68 2327 162 2421; x_wconf 88' lang='lat' dir='ltr'><strong>bone,</strong></span> <span class='ocrx_word' id='word_1_157' title='bbox 191 2332 247 2426; x_wconf 84' lang='lat' dir='ltr'><strong>qui</strong></span> <span class='ocrx_word' id='word_1_158' title='bbox 276 2353 313 2402; x_wconf 89' lang='lat' dir='ltr'><strong>es</strong></span> <span class='ocrx_word' id='word_1_159' title='bbox 339 2330 459 2426; x_wconf 92' lang='lat' dir='ltr'><strong>plenus</strong></span> <span class='ocrx_word' id='word_1_160' title='bbox 484 2330 727 2421; x_wconf 84' lang='lat' dir='ltr'><strong>misericordia,</strong></span> <span class='ocrx_word' id='word_1_161' title='bbox 756 2351 912 2423; x_wconf 80' lang='lat' dir='ltr'><strong>rogamus</strong></span> <span class='ocrx_word' id='word_1_162' title='bbox 939 2339 972 2401; x_wconf 90' lang='lat' dir='ltr'><strong>te</strong></span> <span class='ocrx_word' id='word_1_163' title='bbox 998 2329 1139 2403; x_wconf 92' lang='lat' dir='ltr'><strong>Domine</strong></span> <span class='ocrx_word' id='word_1_164' title='bbox 1160 2331 1251 2404; x_wconf 89' lang='lat' dir='ltr'><strong>Dens</strong></span> <span class='ocrx_word' id='word_1_165' title='bbox 1278 2356 1337 2403; x_wconf 89' lang='lat' dir='ltr'><strong>no·</strong></span> 
     </span>
     <span class='ocr_line' id='line_1_21' title="bbox 68 2429 1339 2527; baseline 0.006 -26"><span class='ocrx_word' id='word_1_166' title='bbox 68 2442 133 2502; x_wconf 89' lang='lat' dir='ltr'><strong>ster</strong></span> <span class='ocrx_word' id='word_1_167' title='bbox 165 2442 200 2502; x_wconf 88' lang='lat' dir='ltr'><strong>et</strong></span> <span class='ocrx_word' id='word_1_168' title='bbox 233 2430 451 2527; x_wconf 80' lang='lat' dir='ltr'><strong>deprecamur</strong></span> <span class='ocrx_word' id='word_1_169' title='bbox 485 2433 693 2505; x_wconf 88' lang='lat' dir='ltr'><strong>clementiam</strong></span> <span class='ocrx_word' id='word_1_170' title='bbox 726 2429 886 2502; x_wconf 88' lang='lat' dir='ltr'><strong>bonitatis</strong></span> <span class='ocrx_word' id='word_1_171' title='bbox 913 2442 1006 2503; x_wconf 89' lang='lat' dir='ltr'><strong>tuae:</strong></span> <span class='ocrx_word' id='word_1_172' title='bbox 1034 2456 1083 2511; x_wconf 67' lang='lat' dir='ltr'><strong>,ne</strong></span> <span class='ocrx_word' id='word_1_173' title='bbox 1110 2458 1172 2506; x_wconf 92' lang='lat' dir='ltr'><strong>nos</strong></span> <span class='ocrx_word' id='word_1_174' title='bbox 1198 2433 1339 2508; x_wconf 87' lang='lat' dir='ltr'><strong>inducas</strong></span> 
     </span>
    </p>
   </div>
   <div class='ocr_carea' id='block_1_9' title="bbox 69 2531 1339 2834">
    <p class='ocr_par' dir='ltr' id='par_1_11' title="bbox 69 2531 1339 2834">
     <span class='ocr_line' id='line_1_22' title="bbox 69 2531 1339 2628; baseline 0.005 -26"><span class='ocrx_word' id='word_1_175' title='bbox 69 2531 204 2604; x_wconf 91' lang='lat' dir='ltr'><strong>Domine</strong></span> <span class='ocrx_word' id='word_1_176' title='bbox 239 2532 273 2603; x_wconf 91' lang='lat' dir='ltr'><strong>in</strong></span> <span class='ocrx_word' id='word_1_177' title='bbox 308 2535 536 2627; x_wconf 73' lang='lat' dir='ltr'><strong>tentationem,</strong></span> <span class='ocrx_word' id='word_1_178' title='bbox 570 2534 627 2606; x_wconf 92' lang='lat' dir='ltr'><strong>sed</strong></span> <span class='ocrx_word' id='word_1_179' title='bbox 661 2534 767 2605; x_wconf 86' lang='lat' dir='ltr'><strong>libera</strong></span> <span class='ocrx_word' id='word_1_180' title='bbox 799 2543 833 2605; x_wconf 90' lang='lat' dir='ltr'><strong>et</strong></span> <span class='ocrx_word' id='word_1_181' title='bbox 858 2533 946 2605; x_wconf 84' lang='lat' dir='ltr'><strong>salva</strong></span> <span class='ocrx_word' id='word_1_182' title='bbox 973 2557 1034 2606; x_wconf 91' lang='lat' dir='ltr'><strong>nos</strong></span> <span class='ocrx_word' id='word_1_183' title='bbox 1061 2559 1080 2605; x_wconf 91' lang='lat' dir='ltr'><strong>a</strong></span> <span class='ocrx_word' id='word_1_184' title='bbox 1106 2536 1203 2628; x_wconf 88' lang='lat' dir='ltr'><strong>malo,</strong></span> <span class='ocrx_word' id='word_1_185' title='bbox 1238 2547 1272 2608; x_wconf 89' lang='lat' dir='ltr'><strong>et</strong></span> <span class='ocrx_word' id='word_1_186' title='bbox 1296 2536 1339 2609; x_wconf 89' lang='lat' dir='ltr'><strong>ab</strong></span> 
     </span>
     <span class='ocr_line' id='line_1_23' title="bbox 71 2632 1337 2733; baseline 0.004 -28"><span class='ocrx_word' id='word_1_187' title='bbox 71 2632 264 2706; x_wconf 79' lang='lat' dir='ltr'><strong>exercitibus</strong></span> <span class='ocrx_word' id='word_1_188' title='bbox 291 2636 374 2727; x_wconf 83' lang='lat' dir='ltr'><strong>eius,</strong></span> <span class='ocrx_word' id='word_1_189' title='bbox 402 2637 478 2733; x_wconf 88' lang='lat' dir='ltr'><strong>quia</strong></span> <span class='ocrx_word' id='word_1_190' title='bbox 506 2647 599 2709; x_wconf 90' lang='lat' dir='ltr'><strong>tuum</strong></span> <span class='ocrx_word' id='word_1_191' title='bbox 626 2646 678 2707; x_wconf 90' lang='lat' dir='ltr'><strong>est</strong></span> <span class='ocrx_word' id='word_1_192' title='bbox 703 2658 856 2730; x_wconf 83' lang='lat' dir='ltr'><strong>regnum,</strong></span> <span class='ocrx_word' id='word_1_193' title='bbox 889 2636 1006 2728; x_wconf 86' lang='lat' dir='ltr'><strong>virtus,</strong></span> <span class='ocrx_word' id='word_1_194' title='bbox 1035 2636 1148 2730; x_wconf 88' lang='lat' dir='ltr'><strong>robur,</strong></span> <span class='ocrx_word' id='word_1_195' title='bbox 1176 2638 1337 2711; x_wconf 80' lang='lat' dir='ltr'><strong>fortitudo</strong></span> 
     </span>
     <span class='ocr_line' id='line_1_24' title="bbox 71 2735 1074 2834; baseline 0.008 -30"><span class='ocrx_word' id='word_1_196' title='bbox 71 2746 100 2807; x_wconf 89' lang='lat' dir='ltr'><strong>et</strong></span> <span class='ocrx_word' id='word_1_197' title='bbox 122 2735 300 2832; x_wconf 91' lang='lat' dir='ltr'><strong>imperium</strong></span> <span class='ocrx_word' id='word_1_198' title='bbox 326 2738 361 2807; x_wconf 90' lang='lat' dir='ltr'><strong>in</strong></span> <span class='ocrx_word' id='word_1_199' title='bbox 389 2738 481 2808; x_wconf 90' lang='lat' dir='ltr'><strong>coelo</strong></span> <span class='ocrx_word' id='word_1_200' title='bbox 509 2739 602 2809; x_wconf 89' lang='lat' dir='ltr'><strong>etin</strong></span> <span class='ocrx_word' id='word_1_201' title='bbox 630 2749 729 2828; x_wconf 89' lang='lat' dir='ltr'><strong>terra,</strong></span> <span class='ocrx_word' id='word_1_202' title='bbox 757 2760 847 2809; x_wconf 93' lang='lat' dir='ltr'><strong>nunc</strong></span> <span class='ocrx_word' id='word_1_203' title='bbox 873 2747 907 2807; x_wconf 93' lang='lat' dir='ltr'><strong>et</strong></span> <span class='ocrx_word' id='word_1_204' title='bbox 933 2761 1074 2834; x_wconf 88' lang='lat' dir='ltr'><strong>semper.</strong></span> 
     </span>
    </p>
   </div>
   <div class='ocr_carea' id='block_1_10' title="bbox 139 2838 943 2937">
    <p class='ocr_par' dir='ltr' id='par_1_12' title="bbox 139 2838 943 2937">
     <span class='ocr_line' id='line_1_25' title="bbox 139 2838 943 2937; baseline -0.001 -26"><span class='ocrx_word' id='word_1_205' title='bbox 139 2838 259 2932; x_wconf 63' lang='lat' dir='ltr'><strong>sepner</strong></span> <span class='ocrx_word' id='word_1_206' title='bbox 286 2863 322 2911; x_wconf 88' lang='lat' dir='ltr'><strong>se</strong></span> <span class='ocrx_word' id='word_1_207' title='bbox 348 2839 479 2935; x_wconf 82' lang='lat' dir='ltr'><strong>ipsum:</strong></span> <span class='ocrx_word' id='word_1_208' title='bbox 507 2850 540 2911; x_wconf 89' lang='lat' dir='ltr'><strong>et</strong></span> <span class='ocrx_word' id='word_1_209' title='bbox 566 2839 776 2937; x_wconf 81' lang='lat' dir='ltr'><strong>respondent.</strong></span> <span class='ocrx_word' id='word_1_210' title='bbox 827 2839 943 2910; x_wconf 77' lang='lat' dir='ltr'><strong>Amen.</strong></span> 
     </span>
    </p>
   </div>
   <div class='ocr_carea' id='block_1_11' title="bbox 75 3023 1338 3732">
    <p class='ocr_par' dir='ltr' id='par_1_13' title="bbox 139 3023 954 3121">
     <span class='ocr_line' id='line_1_26' title="bbox 139 3023 954 3121; baseline 0.002 -26"><span class='ocrx_word' id='word_1_211' title='bbox 139 3023 224 3095; x_wconf 81' lang='lat' dir='ltr'><strong>xlx.</strong></span> <span class='ocrx_word' id='word_1_212' title='bbox 266 3023 312 3095; x_wconf 74' lang='lat' dir='ltr'><strong>Et</strong></span> <span class='ocrx_word' id='word_1_213' title='bbox 333 3025 563 3121; x_wconf 76' lang='lat' dir='ltr'><strong>prosequitur.</strong></span> <span class='ocrx_word' id='word_1_214' title='bbox 617 3024 699 3097; x_wconf 81' lang='lat' dir='ltr'><strong>Pax</strong></span> <span class='ocrx_word' id='word_1_215' title='bbox 724 3025 954 3098; x_wconf 87' lang='lat' dir='ltr'><strong>vobiscum.</strong></span> 
     </span>
    </p>

    <p class='ocr_par' dir='ltr' id='par_1_14' title="bbox 138 3125 1048 3233">
     <span class='ocr_line' id='line_1_27' title="bbox 138 3125 1048 3233; baseline -0.001 -37"><span class='ocrx_word' id='word_1_216' title='bbox 138 3125 361 3221; x_wconf 80' lang='lat' dir='ltr'><strong>Respondent.</strong></span> <span class='ocrx_word' id='word_1_217' title='bbox 414 3125 565 3198; x_wconf 86' lang='lat' dir='ltr'><strong>Tecum</strong></span> <span class='ocrx_word' id='word_1_218' title='bbox 584 3139 637 3198; x_wconf 76' lang='lat' dir='ltr'><strong>=et</strong></span> <span class='ocrx_word' id='word_1_219' title='bbox 661 3151 752 3200; x_wconf 90' lang='lat' dir='ltr'><strong>cum</strong></span> <span class='ocrx_word' id='word_1_220' title='bbox 778 3127 940 3233; x_wconf 87' lang='lat' dir='ltr'><strong>spiritu</strong></span> <span class='ocrx_word' id='word_1_221' title='bbox 967 3136 1048 3196; x_wconf 90' lang='lat' dir='ltr'><strong>tuo.</strong></span> 
     </span>
    </p>

    <p class='ocr_par' dir='ltr' id='par_1_15' title="bbox 139 3225 1309 3323">
     <span class='ocr_line' id='line_1_28' title="bbox 139 3225 1309 3323; baseline 0.002 -25"><span class='ocrx_word' id='word_1_222' title='bbox 139 3226 372 3323; x_wconf 79' lang='lat' dir='ltr'><strong>Prosequitur.</strong></span> <span class='ocrx_word' id='word_1_223' title='bbox 426 3229 583 3300; x_wconf 89' lang='lat' dir='ltr'><strong>Sancta</strong></span> <span class='ocrx_word' id='word_1_224' title='bbox 610 3232 777 3301; x_wconf 88' lang='lat' dir='ltr'><strong>sanctis</strong></span> <span class='ocrx_word' id='word_1_225' title='bbox 806 3228 930 3301; x_wconf 90' lang='lat' dir='ltr'><strong>decet</strong></span> <span class='ocrx_word' id='word_1_226' title='bbox 955 3228 996 3298; x_wconf 90' lang='lat' dir='ltr'><strong>in</strong></span> <span class='ocrx_word' id='word_1_227' title='bbox 1024 3225 1309 3323; x_wconf 74' lang='lat' dir='ltr'><strong>perfectione.</strong></span> 
     </span>
    </p>

    <p class='ocr_par' dir='ltr' id='par_1_16' title="bbox 75 3326 1338 3626">
     <span class='ocr_line' id='line_1_29' title="bbox 138 3326 1338 3403; baseline 0.003 -5"><span class='ocrx_word' id='word_1_228' title='bbox 138 3326 183 3398; x_wconf 83' lang='lat' dir='ltr'><strong>Et</strong></span> <span class='ocrx_word' id='word_1_229' title='bbox 210 3328 336 3400; x_wconf 84' lang='lat' dir='ltr'><strong>dicunt.</strong></span> <span class='ocrx_word' id='word_1_230' title='bbox 389 3327 502 3402; x_wconf 89' lang='lat' dir='ltr'><strong>Unus</strong></span> <span class='ocrx_word' id='word_1_231' title='bbox 537 3329 662 3403; x_wconf 86' lang='lat' dir='ltr'><strong>Pater</strong></span> <span class='ocrx_word' id='word_1_232' title='bbox 697 3341 891 3402; x_wconf 91' lang='lat' dir='ltr'><strong>sanctus:</strong></span> <span class='ocrx_word' id='word_1_233' title='bbox 930 3353 1037 3403; x_wconf 91' lang='lat' dir='ltr'><strong>unns</strong></span> <span class='ocrx_word' id='word_1_234' title='bbox 1063 3327 1205 3401; x_wconf 88' lang='lat' dir='ltr'><strong>Filius</strong></span> <span class='ocrx_word' id='word_1_235' title='bbox 1240 3353 1338 3401; x_wconf 89' lang='lat' dir='ltr'><strong>san·</strong></span> 
     </span>
     <span class='ocr_line' id='line_1_30' title="bbox 75 3429 1337 3526; baseline 0.004 -29"><span class='ocrx_word' id='word_1_236' title='bbox 75 3438 176 3501; x_wconf 86' lang='lat' dir='ltr'><strong>etus:</strong></span> <span class='ocrx_word' id='word_1_237' title='bbox 204 3453 314 3503; x_wconf 90' lang='lat' dir='ltr'><strong>unus</strong></span> <span class='ocrx_word' id='word_1_238' title='bbox 340 3429 535 3526; x_wconf 87' lang='lat' dir='ltr'><strong>Spiritus</strong></span> <span class='ocrx_word' id='word_1_239' title='bbox 563 3443 751 3505; x_wconf 88' lang='lat' dir='ltr'><strong>sanctus.</strong></span> <span class='ocrx_word' id='word_1_240' title='bbox 803 3430 948 3504; x_wconf 78' lang='lat' dir='ltr'><strong>Gloria</strong></span> <span class='ocrx_word' id='word_1_241' title='bbox 976 3431 1113 3524; x_wconf 86' lang='lat' dir='ltr'><strong>Patri,</strong></span> <span class='ocrx_word' id='word_1_242' title='bbox 1140 3442 1181 3502; x_wconf 93' lang='lat' dir='ltr'><strong>et</strong></span> <span class='ocrx_word' id='word_1_243' title='bbox 1205 3430 1337 3522; x_wconf 86' lang='lat' dir='ltr'><strong>Filio,</strong></span> 
     </span>
     <span class='ocr_line' id='line_1_31' title="bbox 76 3529 1264 3626; baseline 0.004 -29"><span class='ocrx_word' id='word_1_244' title='bbox 76 3539 109 3599; x_wconf 91' lang='lat' dir='ltr'><strong>et</strong></span> <span class='ocrx_word' id='word_1_245' title='bbox 131 3529 318 3626; x_wconf 86' lang='lat' dir='ltr'><strong>Spiritui</strong></span> <span class='ocrx_word' id='word_1_246' title='bbox 346 3544 495 3605; x_wconf 88' lang='lat' dir='ltr'><strong>sancto</strong></span> <span class='ocrx_word' id='word_1_247' title='bbox 524 3533 566 3604; x_wconf 93' lang='lat' dir='ltr'><strong>in</strong></span> <span class='ocrx_word' id='word_1_248' title='bbox 593 3534 766 3607; x_wconf 85' lang='lat' dir='ltr'><strong>saecula</strong></span> <span class='ocrx_word' id='word_1_249' title='bbox 793 3533 1075 3606; x_wconf 88' lang='lat' dir='ltr'><strong>saeculorum.</strong></span> <span class='ocrx_word' id='word_1_250' title='bbox 1127 3535 1264 3604; x_wconf 82' lang='lat' dir='ltr'><strong>Amen.</strong></span> 
     </span>
    </p>

    <p class='ocr_par' dir='ltr' id='par_1_17' title="bbox 139 3630 1063 3732">
     <span class='ocr_line' id='line_1_32' title="bbox 139 3630 1063 3732; baseline 0.001 -29"><span class='ocrx_word' id='word_1_251' title='bbox 139 3630 321 3706; x_wconf 81' lang='lat' dir='ltr'><strong>Diaconos.</strong></span> <span class='ocrx_word' id='word_1_252' title='bbox 374 3634 530 3707; x_wconf 84' lang='lat' dir='ltr'><strong>Laudate.</strong></span> <span class='ocrx_word' id='word_1_253' title='bbox 583 3634 628 3707; x_wconf 84' lang='lat' dir='ltr'><strong>Et</strong></span> <span class='ocrx_word' id='word_1_254' title='bbox 654 3636 770 3708; x_wconf 77' lang='lat' dir='ltr'><strong>dicum</strong></span> <span class='ocrx_word' id='word_1_255' title='bbox 794 3634 1063 3732; x_wconf 84' lang='lat' dir='ltr'><strong>Responsorium.</strong></span> 
     </span>
    </p>
   </div>
   <div class='ocr_carea' id='block_1_12' title="bbox 78 3936 1341 4425">
    <p class='ocr_par' dir='ltr' id='par_1_18' title="bbox 78 3936 1341 4425">
     <span class='ocr_line' id='line_1_33' title="bbox 149 3936 1339 4002; baseline -0.002 -15"><span class='ocrx_word' id='word_1_256' title='bbox 149 3936 209 4002; x_wconf 78' lang='lat' dir='ltr'><strong>Cep.</strong></span> <span class='ocrx_word' id='word_1_257' title='bbox 225 3936 285 3987; x_wconf 81' lang='lat' dir='ltr'><strong>xlx.</strong></span> <span class='ocrx_word' id='word_1_258' title='bbox 321 3938 512 3989; x_wconf 81' lang='lat' dir='ltr'><strong>Theodorus</strong></span> <span class='ocrx_word' id='word_1_259' title='bbox 536 3946 560 3987; x_wconf 86' lang='lat' dir='ltr'><strong>et</strong></span> <span class='ocrx_word' id='word_1_260' title='bbox 584 3939 756 3989; x_wconf 88' lang='lat' dir='ltr'><strong>Nestorius</strong></span> <span class='ocrx_word' id='word_1_261' title='bbox 782 3940 804 3988; x_wconf 87' lang='lat' dir='ltr'><strong>in</strong></span> <span class='ocrx_word' id='word_1_262' title='bbox 829 3938 1001 3988; x_wconf 71' lang='lat' dir='ltr'><strong>distributione</strong></span> <span class='ocrx_word' id='word_1_263' title='bbox 1026 3948 1049 3986; x_wconf 82' lang='lat' dir='ltr'><strong>et</strong></span> <span class='ocrx_word' id='word_1_264' title='bbox 1072 3937 1102 3986; x_wconf 83' lang='lat' dir='ltr'><strong>iis</strong></span> <span class='ocrx_word' id='word_1_265' title='bbox 1125 3950 1187 4000; x_wconf 80' lang='lat' dir='ltr'><strong>quse</strong></span> <span class='ocrx_word' id='word_1_266' title='bbox 1204 3941 1339 3998; x_wconf 84' lang='lat' dir='ltr'><strong>sequuntur</strong></span> 
     </span>
     <span class='ocr_line' id='line_1_34' title="bbox 78 4018 1338 4086; baseline -0.002 -17"><span class='ocrx_word' id='word_1_267' title='bbox 78 4023 199 4071; x_wconf 79' lang='lat' dir='ltr'><strong>uecordes</strong></span> <span class='ocrx_word' id='word_1_268' title='bbox 217 4030 274 4072; x_wconf 83' lang='lat' dir='ltr'><strong>sunt</strong></span> <span class='ocrx_word' id='word_1_269' title='bbox 291 4038 345 4072; x_wconf 91' lang='lat' dir='ltr'><strong>cnm</strong></span> <span class='ocrx_word' id='word_1_270' title='bbox 364 4024 469 4085; x_wconf 73' lang='lat' dir='ltr'><strong>liturgia</strong></span> <span class='ocrx_word' id='word_1_271' title='bbox 489 4022 667 4086; x_wconf 77' lang='lat' dir='ltr'><strong>Apostolorum.</strong></span> <span class='ocrx_word' id='word_1_272' title='bbox 702 4023 832 4072; x_wconf 80' lang='lat' dir='ltr'><strong>Adlicimus</strong></span> <span class='ocrx_word' id='word_1_273' title='bbox 857 4024 991 4072; x_wconf 86' lang='lat' dir='ltr'><strong>orationem</strong></span> <span class='ocrx_word' id='word_1_274' title='bbox 1010 4021 1113 4071; x_wconf 83' lang='lat' dir='ltr'><strong>Nestorii</strong></span> <span class='ocrx_word' id='word_1_275' title='bbox 1127 4029 1183 4084; x_wconf 88' lang='lat' dir='ltr'><strong>post</strong></span> <span class='ocrx_word' id='word_1_276' title='bbox 1200 4018 1338 4082; x_wconf 82' lang='lat' dir='ltr'><strong>susceptio·</strong></span> 
     </span>
     <span class='ocr_line' id='line_1_35' title="bbox 78 4103 1340 4171; baseline -0.003 -16"><span class='ocrx_word' id='word_1_277' title='bbox 78 4114 121 4154; x_wconf 73' lang='lat' dir='ltr'><strong>teu</strong></span> <span class='ocrx_word' id='word_1_278' title='bbox 137 4105 319 4169; x_wconf 71' lang='lat' dir='ltr'><strong>Upstsmorum:</strong></span> <span class='ocrx_word' id='word_1_279' title='bbox 343 4108 404 4166; x_wconf 78' lang='lat' dir='ltr'><strong>Quia</strong></span> <span class='ocrx_word' id='word_1_280' title='bbox 427 4108 566 4171; x_wconf 81' lang='lat' dir='ltr'><strong>accepimus</strong></span> <span class='ocrx_word' id='word_1_281' title='bbox 589 4120 679 4170; x_wconf 86' lang='lat' dir='ltr'><strong>corpus</strong></span> <span class='ocrx_word' id='word_1_282' title='bbox 702 4115 769 4157; x_wconf 88' lang='lat' dir='ltr'><strong>tunm</strong></span> <span class='ocrx_word' id='word_1_283' title='bbox 793 4107 928 4168; x_wconf 75' lang='lat' dir='ltr'><strong>manifeste,</strong></span> <span class='ocrx_word' id='word_1_284' title='bbox 951 4106 1041 4156; x_wconf 78' lang='lat' dir='ltr'><strong>habitet</strong></span> <span class='ocrx_word' id='word_1_285' title='bbox 1065 4107 1088 4155; x_wconf 91' lang='lat' dir='ltr'><strong>in</strong></span> <span class='ocrx_word' id='word_1_286' title='bbox 1113 4103 1184 4154; x_wconf 83' lang='lat' dir='ltr'><strong>nobis</strong></span> <span class='ocrx_word' id='word_1_287' title='bbox 1207 4104 1280 4153; x_wconf 83' lang='lat' dir='ltr'><strong>virtus</strong></span> <span class='ocrx_word' id='word_1_288' title='bbox 1298 4111 1340 4152; x_wconf 79' lang='lat' dir='ltr'><strong>tna</strong></span> 
     </span>
     <span class='ocr_line' id='line_1_36' title="bbox 78 4187 1338 4256; baseline -0.002 -17"><span class='ocrx_word' id='word_1_289' title='bbox 78 4197 168 4251; x_wconf 68' lang='lat' dir='ltr'><strong>uncto,</strong></span> <span class='ocrx_word' id='word_1_290' title='bbox 184 4199 213 4241; x_wconf 77' lang='lat' dir='ltr'><strong>ut</strong></span> <span class='ocrx_word' id='word_1_291' title='bbox 229 4205 342 4241; x_wconf 78' lang='lat' dir='ltr'><strong>exeamus</strong></span> <span class='ocrx_word' id='word_1_292' title='bbox 359 4192 383 4241; x_wconf 91' lang='lat' dir='ltr'><strong>iu</strong></span> <span class='ocrx_word' id='word_1_293' title='bbox 402 4205 530 4243; x_wconf 85' lang='lat' dir='ltr'><strong>accursum</strong></span> <span class='ocrx_word' id='word_1_294' title='bbox 550 4198 615 4241; x_wconf 88' lang='lat' dir='ltr'><strong>tuum</strong></span> <span class='ocrx_word' id='word_1_295' title='bbox 634 4191 760 4252; x_wconf 73' lang='lat' dir='ltr'><strong>laetanter,</strong></span> <span class='ocrx_word' id='word_1_296' title='bbox 779 4200 863 4256; x_wconf 88' lang='lat' dir='ltr'><strong>terque</strong></span> <span class='ocrx_word' id='word_1_297' title='bbox 881 4192 923 4242; x_wconf 87' lang='lat' dir='ltr'><strong>tibi</strong></span> <span class='ocrx_word' id='word_1_298' title='bbox 942 4205 1055 4241; x_wconf 85' lang='lat' dir='ltr'><strong>conamus</strong></span> <span class='ocrx_word' id='word_1_299' title='bbox 1073 4190 1185 4252; x_wconf 70' lang='lat' dir='ltr'><strong>gloriam,</strong></span> <span class='ocrx_word' id='word_1_300' title='bbox 1205 4203 1258 4239; x_wconf 89' lang='lat' dir='ltr'><strong>cum</strong></span> <span class='ocrx_word' id='word_1_301' title='bbox 1276 4187 1338 4236; x_wconf 81' lang='lat' dir='ltr'><strong>reris</strong></span> 
     </span>
     <span class='ocr_line' id='line_1_37' title="bbox 78 4270 1339 4340; baseline 0 -20"><span class='ocrx_word' id='word_1_302' title='bbox 78 4270 122 4323; x_wconf 84' lang='lat' dir='ltr'><strong>lliis</strong></span> <span class='ocrx_word' id='word_1_303' title='bbox 144 4275 312 4340; x_wconf 64' lang='lat' dir='ltr'><strong>mysteriorum</strong></span> <span class='ocrx_word' id='word_1_304' title='bbox 338 4284 443 4337; x_wconf 87' lang='lat' dir='ltr'><strong>tuorum,</strong></span> <span class='ocrx_word' id='word_1_305' title='bbox 468 4275 569 4326; x_wconf 85' lang='lat' dir='ltr'><strong>Domine</strong></span> <span class='ocrx_word' id='word_1_306' title='bbox 586 4275 701 4326; x_wconf 85' lang='lat' dir='ltr'><strong>omnium.</strong></span> <span class='ocrx_word' id='word_1_307' title='bbox 738 4277 832 4340; x_wconf 85' lang='lat' dir='ltr'><strong>Corpus</strong></span> <span class='ocrx_word' id='word_1_308' title='bbox 850 4284 917 4326; x_wconf 89' lang='lat' dir='ltr'><strong>tunm</strong></span> <span class='ocrx_word' id='word_1_309' title='bbox 935 4276 1036 4325; x_wconf 90' lang='lat' dir='ltr'><strong>Domine</strong></span> <span class='ocrx_word' id='word_1_310' title='bbox 1054 4275 1128 4324; x_wconf 82' lang='lat' dir='ltr'><strong>sirum</strong></span> <span class='ocrx_word' id='word_1_311' title='bbox 1148 4273 1213 4339; x_wconf 88' lang='lat' dir='ltr'><strong>qnod</strong></span> <span class='ocrx_word' id='word_1_312' title='bbox 1231 4270 1339 4322; x_wconf 88' lang='lat' dir='ltr'><strong>comedi-</strong></span> 
     </span>
     <span class='ocr_line' id='line_1_38' title="bbox 78 4350 1341 4425; baseline 0 -20"><span class='ocrx_word' id='word_1_313' title='bbox 78 4365 128 4416; x_wconf 77' lang='lat' dir='ltr'><strong>tur,</strong></span> <span class='ocrx_word' id='word_1_314' title='bbox 150 4366 173 4408; x_wconf 83' lang='lat' dir='ltr'><strong>et</strong></span> <span class='ocrx_word' id='word_1_315' title='bbox 195 4359 295 4422; x_wconf 74' lang='lat' dir='ltr'><strong>sanguis</strong></span> <span class='ocrx_word' id='word_1_316' title='bbox 320 4366 375 4410; x_wconf 85' lang='lat' dir='ltr'><strong>tuns</strong></span> <span class='ocrx_word' id='word_1_317' title='bbox 397 4375 474 4424; x_wconf 85' lang='lat' dir='ltr'><strong>purus</strong></span> <span class='ocrx_word' id='word_1_318' title='bbox 497 4375 569 4425; x_wconf 86' lang='lat' dir='ltr'><strong>quem</strong></span> <span class='ocrx_word' id='word_1_319' title='bbox 592 4360 705 4424; x_wconf 83' lang='lat' dir='ltr'><strong>bibimus,</strong></span> <span class='ocrx_word' id='word_1_320' title='bbox 731 4377 760 4410; x_wconf 89' lang='lat' dir='ltr'><strong>ne</strong></span> <span class='ocrx_word' id='word_1_321' title='bbox 784 4362 815 4410; x_wconf 89' lang='lat' dir='ltr'><strong>sit</strong></span> <span class='ocrx_word' id='word_1_322' title='bbox 839 4361 908 4410; x_wconf 84' lang='lat' dir='ltr'><strong>nobis</strong></span> <span class='ocrx_word' id='word_1_323' title='bbox 932 4360 1033 4409; x_wconf 89' lang='lat' dir='ltr'><strong>Domine</strong></span> <span class='ocrx_word' id='word_1_324' title='bbox 1057 4360 1081 4409; x_wconf 93' lang='lat' dir='ltr'><strong>in</strong></span> <span class='ocrx_word' id='word_1_325' title='bbox 1106 4350 1275 4409; x_wconf 82' lang='lat' dir='ltr'><strong>nocumentum</strong></span> <span class='ocrx_word' id='word_1_326' title='bbox 1299 4361 1341 4406; x_wconf 82' lang='lat' dir='ltr'><strong>eut</strong></span> 
     </span>
    </p>
   </div>
   <div class='ocr_carea' id='block_1_13' title="bbox 31 4434 1340 4564">
    <p class='ocr_par' dir='ltr' id='par_1_19' title="bbox 31 4434 1340 4564">
     <span class='ocr_line' id='line_1_39' title="bbox 31 4434 1340 4510; baseline -0.002 -17"><span class='ocrx_word' id='word_1_327' title='bbox 31 4480 38 4493; x_wconf 89' lang='lat'><strong>.</strong></span> <span class='ocrx_word' id='word_1_328' title='bbox 78 4434 240 4506; x_wconf 80' lang='lat' dir='ltr'><strong>intruttuem,</strong></span> <span class='ocrx_word' id='word_1_329' title='bbox 269 4443 313 4495; x_wconf 80' lang='lat' dir='ltr'><strong>aad</strong></span> <span class='ocrx_word' id='word_1_330' title='bbox 337 4445 367 4495; x_wconf 81' lang='lat' dir='ltr'><strong>ed</strong></span> <span class='ocrx_word' id='word_1_331' title='bbox 391 4445 551 4510; x_wconf 80' lang='lat' dir='ltr'><strong>expiationem</strong></span> <span class='ocrx_word' id='word_1_332' title='bbox 575 4444 718 4495; x_wconf 86' lang='lat' dir='ltr'><strong>delictorum</strong></span> <span class='ocrx_word' id='word_1_333' title='bbox 743 4453 766 4495; x_wconf 87' lang='lat' dir='ltr'><strong>et</strong></span> <span class='ocrx_word' id='word_1_334' title='bbox 790 4446 958 4496; x_wconf 84' lang='lat' dir='ltr'><strong>remissionem</strong></span> <span class='ocrx_word' id='word_1_335' title='bbox 982 4452 1137 4509; x_wconf 83' lang='lat' dir='ltr'><strong>peecatorum</strong></span> <span class='ocrx_word' id='word_1_336' title='bbox 1160 4443 1261 4493; x_wconf 85' lang='lat' dir='ltr'><strong>Domine</strong></span> <span class='ocrx_word' id='word_1_337' title='bbox 1285 4455 1340 4491; x_wconf 92' lang='lat' dir='ltr'><strong>nm·</strong></span> 
     </span>
     <span class='ocr_line' id='line_1_40' title="bbox 77 4532 139 4564; baseline -0.016 0"><span class='ocrx_word' id='word_1_338' title='bbox 77 4532 139 4564; x_wconf 19' lang='lat' dir='ltr'><strong>num*</strong></span> 
     </span>
    </p>
   </div>
   <div class='ocr_carea' id='block_1_14' title="bbox 0 0 1550 4912">
    <p class='ocr_par' dir='ltr' id='par_1_20' title="bbox 0 0 1550 4912">
     <span class='ocr_line' id='line_1_41' title="bbox 0 0 1550 4912; baseline 0 0"><span class='ocrx_word' id='word_1_339' title='bbox 0 0 1550 4912; x_wconf 95' lang='lat' dir='ltr'><strong> </strong></span> 
     </span>
    </p>
   </div>
  </div>
 </body>
</html>
