3044 4912
559 294 561 301 ’
673 345 746 420 aaa

105 534 289 607 :mbranam
316 532 398 595 notis
425 530 621 595 musicalibus
651 533 799 613 insignem
823 531 884 595 snb
912 531 972 596 boe
994 533 1097 598 titulo:
1125 528 1350 622 Hippoldytov

105 639 124 703 ii
146 630 235 702 ὅλου
257 631 411 700 ἐνιαυτοῦ
430 629 548 709 καθὼς
569 627 738 715 dediderat
758 627 807 710 εἷς
827 629 866 697 ad
888 627 983 717 ἅγιον
997 623 1085 718 ὅρος,
1107 627 1347 728 ἔκαλλωπίσθη

130 732 257 822 μικρὸν
284 730 380 819 παρὰ
405 737 466 800 τοῦ
494 732 529 801 ἒν
558 728 786 821 ἱερομυνᾶχοις
813 728 966 812 amatote
989 727 1157 824 Ἰὥσαφατ
1182 743 1244 806 τοῦ
1271 736 1348 808 νέου

105 833 298 925 Μαουζήλη.
327 838 361 900 Ιιι
384 836 473 899 editis
487 837 683 918 llirmoloqiis
706 838 856 902 adduntur
876 837 1019 902 nonnulla
1041 838 1100 902 alia
1122 858 1158 902 ex
1178 842 1247 905 aliia
1261 829 1348 908 libris

105 940 291 1007 destasrtcis
306 941 461 1020 decerpta:
485 924 638 1002 inter'alia
657 939 801 1002 inseritur
812 939 958 1003 Exaltatio
971 940 1130 1021 Panagiaa,
1154 944 1239 1006 ouius
1255 962 1346 1026 supra

105 1043 187 1109 entio
200 1043 312 1105 inieota
328 1043 497 1121 estp.313.
518 1040 623 1121 Neque
638 1060 699 1104 are
709 1041 828 1104 videtur
838 1042 1010 1122 loquentem
1022 1042 1272 1108 lanerailllatium
1284 1047 1348 1109 sin-

105 1146 186 1209 rlaris
198 1143 406 1206 observantiae
418 1143 628 1223 interpretem:
649 1142 816 1223 Antequam
832 1140 971 1205 monabbi
982 1142 1013 1204 in
1024 1161 1158 1207 mensam
1170 1147 1347 1226 procedunt,

105 1245 336 1310 ebdomadarius
352 1242 481 1305 indisso
494 1243 556 1305 sire
571 1243 697 1306 seutella
709 1236 955 1328 (mnvuytdptov)
965 1257 1120 1325 acceptum
1132 1264 1240 1328 panem
1253 1249 1290 1311 ad
1302 1250 1348 1311 in-

105 1367 137 1412 ar
158 1346 259 1410 erneis
275 1347 305 1407 in
320 1356 447 1427 quatmr
460 1345 566 1407 dividit
577 1353 679 1426 partes
694 1345 845 1426 aequales,
866 1365 904 1409 ex
917 1347 1025 1426 angulo
1040 1347 1177 1411 interiori
1192 1350 1280 1431 panis
1296 1349 1348 1412 ab

105 1449 190 1512 :indit
204 1449 331 1510 frustum
349 1447 443 1509 cultro
458 1447 647 1521 circumiens,
670 1448 745 1512 adeo
760 1455 794 1533 nt
811 1466 846 1510 er
862 1466 921 1510 una
939 1459 1025 1529 parte
1041 1449 1143 1529 anguli
1162 1452 1349 1515 acuminatus

105 1560 183 1626 μοι
205 1549 298 1611 altero
314 1548 453 1610 circulari
468 1550 571 1627 ligura,
593 1549 729 1629 trigonus
745 1549 940 1631 imperfectus
956 1560 1099 1631 appareat
1113 1552 1202 1615 etsie
1217 1553 1349 1617 excisum

105 1673 131 1714 ιο
153 1652 233 1726 loco,
256 1668 316 1712 una
338 1668 405 1712 oum
426 1649 544 1730 reliquo
566 1669 644 1731 pane
665 1651 753 1713 simul
774 1650 858 1713 unito
874 1651 1026 1733 relinquit,
1047 1671 1157 1734 panem
1171 1653 1217 1716 sie
1232 1672 1349 1717 aenom-

107 1755 230 1817 odatum
252 1753 309 1815 alia
330 1762 415 1833 parte
437 1750 514 1814 disoi
537 1753 681 1832 cooperit.
711 1753 754 1814 lta
777 1752 857 1813 euim
880 1753 982 1815 disens
1005 1753 1056 1817 illa
1078 1762 1269 1836 comparatus
1284 1774 1349 1818 oar·

105 1875 146 1918 ,ne
170 1875 206 1918 ex
228 1874 287 1916 una
308 1864 393 1935 parte
416 1872 483 1915 oum
505 1854 671 1934 superioris
686 1853 781 1935 partis
797 1854 885 1916 oculo
901 1854 1067 1934 colligatus,
1090 1865 1122 1917 ut
1137 1857 1227 1918 modo
1243 1874 1348 1938 capsa·

105 1976 141 2019 tm
164 1955 343 2029 includatur,
367 1956 414 2017 sin
437 1955 536 2018 minus
559 1955 624 2017 uelo
648 1956 745 2018 etsie
766 1955 927 2037 apponitur
948 1956 981 2017 in
1003 1975 1117 2031 mensa,
1140 1957 1171 2018 in
1194 1976 1251 2037 qua
1265 1957 1349 2019 solus

105 2059 175 2121 bbas
205 2058 290 2120 sedet
323 2057 369 2119 vel
397 2057 448 2137 qui
479 2057 544 2119 eius
571 2057 653 2120 vices
682 2057 767 2136 gerit.
811 2056 911 2119 Finito
939 2056 1067 2138 prandio
1095 2065 1125 2120 et
1153 2057 1240 2137 signo
1269 2059 1347 2132 dato,

105 2178 182 2223 mnes
205 2169 365 2238 assurgunt
386 2166 417 2221 et
438 2159 593 2239 conceptis
615 2159 766 2239 precibus,
788 2157 904 2221 diaeum
926 2158 1009 2221 illum
1032 2176 1100 2221 oum
1113 2177 1203 2240 pane,
1226 2157 1278 2239 qui
1292 2159 1348 2221 Pa-

105 2262 164 2341 aqia
186 2270 242 2336 est,
265 2260 522 2323 Hebdomadarius
544 2260 686 2323 sustollit.
728 2260 934 2333 Postmodum,
963 2268 1096 2323 reserato
1119 2260 1296 2340 Panagiario
1319 2269 1350 2323 et

105 2373 172 2425 usto
201 2362 253 2424 illo
282 2381 318 2424 ex
346 2381 424 2444 pane
447 2362 547 2425 exeiso
570 2380 726 2436 converso,
753 2371 788 2425 nt
814 2363 892 2425 mioa
921 2362 1001 2425 nuda
1023 2363 1162 2443 superior
1182 2362 1231 2437 sit,
1260 2380 1348 2444 prae-

105 2464 304 2538 entatlbbati,
333 2464 383 2545 qui
407 2463 547 2527 extremis
569 2463 672 2544 digitis
692 2464 831 2527 mionlam
854 2463 961 2545 arripit
982 2473 1012 2527 et
1033 2463 1079 2525 ori
1101 2464 1272 2545 impositam
1295 2462 1348 2526 ab·

105 2567 183 2628 unit:
207 2566 316 2628 deinde
337 2565 405 2627 aliis
428 2565 594 2639 monachis,
617 2573 735 2629 servato
757 2566 863 2630 ordine
885 2567 1019 2643 otientur,
1043 2565 1094 2647 qni
1123 2565 1230 2629 eodem
1257 2565 1348 2628 modo

105 2667 215 2730 ticolam
245 2687 280 2729 ex
302 2667 478 2746 Panagiario
497 2668 635 2730 aulerunt
656 2676 687 2730 et
707 2669 877 2732 eomednnt.
920 2669 996 2732 Tum
1018 2667 1118 2732 lbbas
1140 2668 1241 2731 vinum
1262 2666 1349 2730 oaliei

105 2770 207 2831 elusum
236 2769 322 2842 bibit,
354 2786 443 2849 quem
472 2787 577 2832 omnes
606 2778 773 2851 sequuntur
800 2777 831 2833 et
858 2771 961 2850 gratiis
983 2771 1046 2833 Deo
1074 2770 1150 2833 notis
1178 2768 1347 2833 discedunt.

105 2869 121 2932 :t
143 2872 192 2932 bio
221 2879 267 2934 est
296 2870 403 2933 modus
432 2870 580 2933 exaltandi
602 2870 772 2951 l‘anagiam,
802 2873 936 2951 quamvis
959 2871 1010 2934 alii
1032 2871 1093 2934 alio
1116 2869 1348 2952 quoquomodo

105 2981 266 3054 raeparent.
303 2972 416 3034 liorem
438 2972 518 3035 hune
540 2972 629 3034 etiam
651 2972 848 3054 imperatores
870 2974 901 3034 in
923 2990 976 3033 sna
991 2991 1096 3034 mensa
1111 2990 1247 3034 servasse
1262 2971 1350 3034 testis

105 3083 128 3134 st
146 3060 303 3136 dedimus:
333 3074 423 3135 immo
446 3073 478 3135 in
500 3073 697 3137 saecularium
719 3074 873 3137 hominnm
904 3072 1047 3137 conviviis
1069 3072 1179 3134 similis
1201 3072 1349 3135 caerimo-

105 3173 130 3235 ia
149 3176 242 3238 moris
265 3185 320 3237 est.
365 3175 447 3239 llaec
468 3175 602 3238 allatius.
646 3176 744 3238 Etiam
770 3175 850 3257 apud
872 3174 1059 3238 Christianos
1081 3173 1283 3237 occidentales
1304 3173 1348 3236 ni-

105 3275 164 3361 ebat
191 3285 220 3339 et
247 3277 327 3356 riget
355 3276 541 3340 consuetudo
569 3277 737 3358 reponendi
766 3277 798 3339 in
827 3294 921 3340 coena
950 3277 1076 3340 lrustum
1106 3275 1195 3357 panis
1217 3276 1348 3351 „Baetae

105 3360 251 3458 'triturae

162 3497 264 3559 Xl'lll.
294 3496 517 3577 Synararia,
539 3487 794 3581 Συναξάρια,
818 3498 910 3560 reiert
929 3496 1092 3559 Passiones
1115 3507 1145 3558 et
1168 3495 1248 3557 Vitas
1269 3495 1348 3556 llar-

105 3613 182 3674 prnm,
205 3600 238 3660 in
252 3598 384 3661 blenaeis
407 3598 495 3678 longa
520 3598 725 3661 narrationum
747 3598 827 3663 serie
848 3599 990 3680 prolixas,
1012 3597 1044 3659 in
1067 3595 1279 3677 compendium
1300 3615 1348 3658 re·

105 3695 181 3762 lactas
203 3720 261 3762 una
284 3719 352 3763 eum
374 3701 527 3763 succincta
550 3700 761 3763 sollemnitatis
785 3701 933 3764 currentis
955 3698 1152 3781 expositione.

166 3937 187 3999 l)
206 3939 232 3988 Si
250 3937 322 3988 fldem
340 3925 633 4002 habemosllpsteriorom
645 3938 816 3988 Lutatiensinm
835 3937 956 4001 scriptori,
974 3933 1035 3986 adeo
1053 3935 1226 3986 recentissimis
1239 3942 1349 4000 tempora

106 4017 214 4073 brastica
233 4022 388 4088 simplicitate
405 4025 445 4088 pia
465 4024 506 4074 illa
525 4024 672 4074 consuetudo
692 4024 754 4073 inter
771 4023 855 4075 Gallos
872 4022 1020 4072 observatur.
1055 4021 1106 4071 Lib.
1120 4020 1154 4070 lll.
1174 4020 1236 4071 ob:
1255 4021 1349 4084 „ipris

105 4107 146 4156 uuir
168 4108 201 4158 dit
219 4108 242 4157 le
266 4107 402 4158 benedicite
425 4110 438 4157 d
462 4109 610 4170 beatoiob,
636 4108 658 4158 le
680 4111 738 4172 pere
757 4107 890 4169 Cbatelain,
914 4107 1007 4156 suivant
1024 4120 1056 4156 nn
1073 4105 1127 4156 riell
1146 4113 1169 4155 et
1186 4105 1249 4155 saint
1266 4119 1348 4165 usage,

106 4199 146 4249 [ιιι
163 4207 208 4242 nne
227 4193 292 4244 eroir
311 4207 353 4243 snr
370 4207 402 4243 nn
421 4193 464 4243 des
482 4193 552 4257 palus
571 4207 627 4243 aree
644 4193 666 4242 la
685 4194 768 4258 points
786 4192 816 4242 de
833 4205 879 4242 son
897 4199 999 4242 contean
1017 4198 1041 4240 at
1058 4204 1214 4255 enconpann
1225 4203 1348 4248 morosae,

105 4279 246 4335 'tprtaentant
271 4278 298 4328 la
326 4285 398 4343 part
423 4277 458 4328 de
482 4278 510 4328 la
528 4277 642 4340 vierge
661 4293 692 4327 on
711 4278 733 4327 la
751 4284 806 4342 part
824 4277 854 4326 dn
873 4290 977 4342 prorre3
1001 4275 1017 4325 il
1036 4290 1103 4326 tersa
1122 4275 1214 4326 ensuite
1232 4288 1263 4323 on
1280 4286 1349 4323 uarro

105 4353 122 4402 lt
137 4361 169 4410 tin
191 4378 250 4413 sous
275 4363 298 4412 la
322 4365 401 4414 metue
425 4363 559 4413 invocation
583 4372 607 4413 et
624 4363 693 4427 plaqa
711 4363 734 4413 le
754 4369 805 4413 tout
822 4376 865 4411 sor
882 4376 930 4411 nna
948 4361 1053 4421 assistis,
1077 4361 1116 4426 qui
1136 4360 1180 4410 init
1197 4359 1348 4420 pieusement

105 4438 166 4498 platee
182 4462 210 4496 aa
229 4447 313 4498 millen
332 4449 362 4498 de
381 4447 403 4496 la
421 4447 511 4497 table.“
538 4448 778 4513 Ceteroqnindraeci
796 4448 867 4497 etiam
886 4453 982 4511 praeter
999 4461 1098 4496 coenam
1117 4444 1148 4495 ud
1164 4443 1230 4493 illam
1245 4443 1349 4492 cerimo-

105 4521 150 4576 aian
170 4532 322 4596 confugiunt:
348 4547 450 4598 quaeras
468 4530 532 4597 apud
543 4533 652 4584 Gnarum
672 4547 696 4596 p.
706 4531 755 4583 865
774 4533 880 4584 oilleium
898 4527 1026 4598 περὶτῆς
1043 4518 1350 4593 ὑψώσεωςτῆςπανᾶ-

105 4614 150 4665 ltts
162 4605 225 4664 brar
241 4614 328 4687 μέλλῃ
345 4610 525 4683 ἀποδημῆσαι
542 4630 581 4672 τις
597 4610 631 4667 ἒν
646 4612 765 4683 ταξιιῐίῳ.

1102 4698 1163 4756 bl*
