3044 4912
722 265 797 340 246

122 458 192 522 dem
208 457 307 539 quoad
323 457 390 520 fieri
403 462 505 538 potest
518 455 652 517 relevant
665 453 703 516 ad
718 451 908 535 subsequens
919 448 1091 516 Sabbatum.
1110 450 1255 514 ieiunant
1269 455 1297 516 l.
1311 451 1376 515 teriia

116 558 240 642 'quartis
255 566 286 623 et
307 557 399 622 sextis
414 573 603 638 perannum,
625 553 760 635 exceptis
775 553 896 615 Octavia
910 551 1108 634 Epiphaniae,
1128 552 1298 626 Pascbatia,
1318 554 1376 617 Pae

123 669 267 735 tecostes‚
281 658 516 740 Assumptionis‚
532 659 564 721 2.
579 664 697 737 septem
711 653 819 718 diebus
834 662 903 717 ante
919 655 1027 717 testam
1036 653 1209 717 Natiuitatis
1224 662 1256 718 et
1266 654 1378 738 Epiple

122 762 201 838 nias,
224 765 255 827 3.
275 759 464 824 bebdomada
473 757 653 820 Araiburion
675 757 713 818 ol.
734 775 765 838 p.
780 758 853 829 213,
875 759 906 820 t.
927 755 1040 819 Diebus
1055 773 1182 836 magnas
1197 755 1380 838 Quadragsai·

116 881 205 938 mae,
227 869 258 928 5.
281 862 377 925 tribus
392 859 500 923 diebus
514 868 584 922 ante
598 859 810 931 Pentecosten,
833 859 865 922 6.
886 867 1002 938 septem
1018 857 1124 921 diebus
1138 866 1211 922 anto
1225 856 1381 938 l'ramflgn

125 965 282 1036 rationem,
312 967 343 1028 7.
364 971 481 1042 septem
503 960 610 1023 diebus
632 969 701 1022 ante
722 958 977 1039 Assumptionem‚
1008 961 1039 1024 8.
1060 969 1177 1041 septem
1199 959 1309 1023 (liebus
1328 967 1382 1025 ante

125 1065 350 1138 llxaltationem
373 1067 404 1129 9.
425 1072 542 1145 septem
563 1061 671 1125 diebus
692 1069 761 1124 anto
782 1061 909 1142 primam
920 1060 1108 1124 Dominieam
1128 1063 1282 1126 secundae
1290 1061 1382 1127 Pente·

125 1175 236 1228 costes.
279 1167 459 1230 Sanctorum
485 1165 573 1240 festa,
600 1182 677 1245 quae
704 1171 888 1226 concurrunt
914 1180 982 1224 oum
1003 1162 1112 1226 diebus
1131 1161 1251 1238 ieiunii,
1271 1182 1383 1246 prorsus

127 1267 344 1343 omittuntur.¹)
1289 1279 1297 1287 '

211 1368 236 1429 N
244 1369 464 1432 estorianis
497 1385 592 1429 annus
626 1365 850 1428 ecclesiasticus
881 1363 1064 1445 principium
1097 1364 1220 1428 ducite
1243 1365 1385 1429 Dominict

125 1468 370 1531 Annuntiationis
392 1468 528 1549 prima.²l
557 1467 730 1548 Sequuntur
743 1466 885 1540 secunda,
907 1465 1006 1541 tertia,
1028 1475 1145 1546 quarta,
1167 1477 1388 1548 praecurrentes

126 1569 318 1631 Nativitatem
339 1569 469 1632 Domini.
501 1569 585 1632 llaec
606 1587 720 1631 summa
743 1568 889 1631 festivitas
910 1586 1000 1631 unam
1022 1567 1114 1630 babet
1134 1567 1325 1633 Dominicam
1343 1588 1387 1652 pe·

128 1669 300 1749 dissequam
323 1683 414 1752 „post
434 1670 625 1735 Nativitatem
640 1669 790 1737 Domini“.
813 1670 916 1749 plures
937 1687 1048 1732 nomen
1069 1670 1192 1733 trabunt
1213 1671 1251 1734 ab
1267 1672 1389 1754 Epipba·

127 1770 194 1832 niae
205 1771 382 1835 sollemniis.
400 1772 497 1846 Quam
508 1772 613 1835 Graeci
621 1771 800 1855 Tympbagi
809 1779 959 1835 nostrates
969 1770 1225 1853 Quinquageeima
1238 1774 1391 1855 appetunt

125 1873 204 1952 apud
227 1873 424 1936 Nestorianos
452 1884 498 1937 est
520 1872 772 1952 Quadragesimae
800 1873 970 1934 exordium:
993 1873 1146 1936 adduntur
1166 1873 1325 1937 liominica
1350 1892 1392 1937 se·

128 1976 235 2045 cunda,
257 1977 355 2048 tertia,
378 1984 492 2056 quarta,
514 1975 626 2054 quinta,
650 1984 732 2037 sexta
756 1974 1025 2053 Quadragesimae:
1052 1975 1208 2038 [lominica
1230 1975 1393 2039 Palmamm

127 2074 285 2139 Dominioe
306 2077 447 2139 Hosanna
479 2075 599 2137 dicitur.
643 2076 781 2156 Iungitur
806 2077 880 2138 feria
913 2075 1045 2138 secunda
1078 2076 1335 2156 Quadragesimae
1353 2079 1394 2140 ul·

127 2175 209 2249 tima,
233 2178 308 2240 ieria
329 2179 416 2240 tertia
439 2176 552 2251 ultima,
575 2177 649 2240 levia
671 2186 776 2260 quarta
792 2177 906 2249 ultima,
928 2176 1003 2240 teria
1019 2177 1122 2258 quinta
1137 2178 1306 2254 Pambotis,
1328 2180 1396 2243 l‘as·

128 2275 176 2339 sio
198 2285 229 2340 et
248 2278 421 2359 ligatorium
442 2279 611 2354 Pambotis,
638 2279 802 2343 Sabbatum
824 2295 973 2357 magnum.
1016 2279 1080 2340 lam
1100 2280 1188 2343 adeat
1208 2281 1399 2344 Resurrectio

126 2377 248 2440 Domini
276 2381 451 2453 „Dominioa
474 2381 716 2444 Dominicarum“
743 2397 811 2442 cuna
834 2379 943 2442 Octava
972 2398 1036 2454 sua,
1065 2400 1143 2462 quae
1165 2382 1261 2444 efficit
1281 2383 1398 2448 llebdo

128 2480 245 2542 medem
277 2481 515 2546 Hebdomadum.
564 2482 660 2544 Porro
694 2481 856 2561 iunguntur
888 2498 1023 2545 summae
1056 2481 1210 2544 festivitati
1244 2483 1398 2549 [lominica

128 2581 236 2661 prima,
259 2583 399 2654 secunda,
422 2583 519 2654 tertia,
543 2591 658 2661 quarta,
681 2583 782 2661 quinta
795 2593 866 2663 post
878 2582 1004 2656 Pascha,
1026 2582 1172 2644 Ascensio
1188 2584 1321 2659 Domini,
1344 2588 1399 2650 llo-

130 2682 240 2743 minica
262 2690 334 2761 post
354 2684 571 2745 Asoensionem
593 2682 783 2745 Pentecoste.
825 2683 941 2746 Dehinc
973 2703 1025 2746 sex
1046 2696 1243 2747 numerantur
1268 2688 1400 2750 [lomini-

130 2801 183 2843 eae
204 2782 426 2861 Apostolorum,
459 2803 533 2863 quas
555 2783 667 2863 excipit
688 2784 827 2845 Omnium
848 2785 1061 2864 Apostolorum
1084 2787 1271 2849 sollemnitas
1295 2809 1321 2851 s.
1343 2791 1402 2852 llo·

131 2883 241 2945 minica
263 2886 393 2946 Aestatis
416 2885 522 2964 prima.
555 2885 874 2963 PerguntDominioae
896 2888 1025 2948 Aestatis
1047 2888 1084 2949 ad
1107 2888 1267 2966 septimam
1290 2909 1399 2972 usque:

130 2995 246 3064 septem
269 2985 494 3065 subsequuntur
515 2986 590 3048 aliae
606 2986 705 3061 Eliae3
728 2987 781 3048 sed
803 2987 855 3060 ita,
877 2997 911 3049 ut
932 2998 1052 3068 peraeta
1075 2989 1172 3050 crucis
1188 2990 1401 3066 sollemnitate,

130 3086 220 3147 simul
253 3097 462 3167 nuncupentur
494 3087 669 3149 Dominioae
706 3088 902 3150 Inventionis.
946 3090 1116 3151 Prooedunt
1154 3090 1190 3151 ad
1227 3091 1402 3155 Dominioae

130 3187 241 3265 Moysis
264 3188 354 3249 duas:
388 3191 477 3250 sunem
500 3190 614 3250 iaciunt
635 3188 809 3251 Dominioae
831 3190 1037 3253 Dedicationis
1060 3199 1201 3271 quatuor:
1235 3193 1335 3273 prima
1358 3203 1402 3256 est

133 3305 208 3365 quae
230 3287 365 3366 proxima
389 3300 435 3352 est
456 3290 517 3351 diei
532 3290 708 3352 Novembris
731 3291 855 3370 primae.
885 3292 1009 3354 Praeter
1030 3293 1120 3354 ferias
1144 3302 1265 3372 quartas
1288 3302 1321 3356 et
1336 3313 1401 3357 sex-

131 3398 187 3460 tas,
219 3389 327 3468 quibus
350 3410 404 3470 per
425 3392 495 3452 anni
518 3391 661 3454 circulum
683 3393 827 3455 ieiunium
850 3405 981 3468 servant,
1003 3395 1077 3455 baec
1099 3404 1214 3473 septem
1237 3395 1343 3459 colunt
1358 3396 1402 3458 rel

131 3488 270 3553 colebant
297 3492 419 3556 ieiunia.
464 3497 492 3554 l.
522 3493 775 3572 Quadragesimae
803 3513 858 3574 per
885 3497 936 3557 Vll
963 3495 1167 3557 hebdomadas
1195 3498 1402 3571 aDominica‚

133 3612 220 3672 quam
242 3594 400 3671 Ingressus
428 3594 533 3656 ieiunii
562 3596 727 3669 nominant,
756 3614 851 3676 usque
879 3597 915 3658 ad
938 3597 1125 3658 Dominicam
1147 3597 1402 3669 Resurrectionis‚

219 3846 243 3906 1)
262 3849 355 3898 llobilia
374 3849 531 3900 Armonorom
550 3852 611 3899 testo
629 3859 700 3900 sunt:
719 3850 869 3899 Resurrectio
888 3850 977 3909 Lazari,
996 3851 1118 3914 Apparitio
1137 3853 1239 3901 Sanctae
1251 3853 1346 3911 Crucis,
1364 3854 1402 3902 Li·

131 3931 224 3980 beratio
242 3933 266 3980 S.
281 3935 389 3996 Gregorii
408 3935 590 3993 lllunrinatoris,
609 3935 730 3984 Dedicatio
749 3934 865 3983 ecclesiae
883 3935 906 3983 in
924 3934 1109 3993 Etscbmiadzin‚
1129 3936 1235 3984 lnrentio
1254 3936 1280 3984 S.
1294 3937 1401 3999 Gregorii

133 4014 222 4073 illum„
242 4016 347 4068 inventio
366 4019 460 4081 Cinguli
479 4021 564 4070 Bautae
582 4021 691 4081 Virginis.

218 4099 243 4157 2)
271 4104 331 4152 Sunt
348 4103 497 4153 Nestorianis
521 4113 625 4168 quatuor
648 4105 702 4153 anni
726 4099 852 4167 περίοδοι
876 4105 899 4163 ll
919 4104 1011 4152 lliscb
1029 4105 1210 4155 sebennoto
1236 4107 1251 4154 i.
1268 4121 1291 4155 e.
1311 4107 1401 4155 initium

134 4186 189 4234 anni
208 4185 282 4234 civilis
306 4202 390 4237 mense
408 4188 528 4239 Octobris.
565 4189 590 4263 ²i
614 4188 707 4237 lliscb
732 4188 881 4252 pberlvito
906 4190 919 4235 i.
940 4203 960 4237 a.
986 4189 1078 4238 initium
1103 4189 1192 4238 codicis
1216 4205 1237 4238 s.
1263 4192 1338 4240 officii
1363 4205 1402 4240 ee-

133 4270 269 4331 clesiastioi‚
288 4272 384 4321 ineunte
399 4288 460 4321 anno
479 4273 651 4322 eeclesiastico.
686 4271 711 4327 Sl
729 4272 888 4322 Scbnrolo
907 4273 1014 4322 litobs
1033 4275 1047 4325 i.
1067 4289 1087 4322 e.
1106 4274 1251 4337 principium
1271 4274 1401 4324 bibliorum

132 4354 208 4415 prima
228 4355 377 4406 hebdomade
397 4358 605 4418 Quavlvagosimae‚
625 4373 669 4420 qna
688 4358 833 4419 proponitur
843 4358 951 4408 Genesis.
986 4357 1011 4416 t)
1030 4358 1189 4419 Soburojo
1208 4358 1402 4409 bledaborne

132 4437 147 4484 i.
167 4452 188 4484 e.
203 4438 346 4504 principium
366 4443 501 4504 praesidum
521 4458 541 4491 s.
561 4444 755 4504 gubernatorum,
775 4442 923 4492 hebdomade
941 4443 1071 4507 paschatis,
1090 4458 1135 4507 qua
1155 4442 1200 4505 legi
1215 4446 1402 4508 coeperatliber

132 4519 218 4569 iosuae
241 4532 285 4574 etc.
