3044 4912
807 201 879 275 174

198 415 363 491 personae
397 362 560 486 genitoris
594 388 654 479 tui,
689 387 745 483 qni
780 385 944 460 revelatus
970 408 1007 458 es
1033 383 1069 457 in
1097 407 1237 502 corpora
1262 383 1484 459 humanitatis

200 506 346 586 nostrae,
374 503 408 564 et
432 502 527 564 ortus
552 514 589 564 cs
616 488 749 562 nobis
740 512 774 560 ιι
800 487 927 561 lumine
950 486 1215 597 annuntiationis
1233 497 1324 580 tuae,
1352 500 1387 560 te
1407 510 1482 560 onu-

199 599 344 688 litemnr,
372 593 551 667 adoramus
578 602 641 665 etc

277 698 323 772 lit
344 706 423 794 poet
444 693 752 793 proclamationem
803 691 851 763 'le
876 690 1018 763 Domine
1044 690 1136 762 Deus
1168 701 1290 786 potens
1327 691 1518 817 depecta-4

201 824 276 873 mur
302 810 336 871 et
361 820 531 893 rogamus,
566 795 689 891 pertice
714 792 891 866 nobiscum
918 792 1058 889 gratiam
1085 804 1177 865 tuam
1202 805 1238 866 et
1262 793 1399 867 effunde
1419 792 1518 891 perf:

201 926 320 976 manns
347 909 480 972 nostras
507 898 632 970 donum
657 908 765 988 tuum,
790 894 1068 987 misericordiam,
1096 905 1131 966 et
1155 895 1408 968 miserationem
1431 895 1470 967 di·

201 1003 348 1076 vinitatis
382 1012 471 1073 tuae.
523 997 601 1071 Sint
631 998 729 1071 nobis
762 996 804 1069 ad
839 995 1110 1095 propitiationem
1134 996 1344 1071 delictorum
1368 997 1518 1101 populi·

202 1105 263 1198 tui,
297 1116 332 1177 et
364 1103 405 1176 ad
438 1099 675 1175 remissionem
707 1109 919 1198 pcccatorum
951 1099 1055 1172 totius
1084 1099 1196 1193 gregis
1223 1123 1367 1197 pascuae
1393 1109 1469 1195 tuas,

202 1231 261 1305 per
287 1205 427 1301 gratiam
452 1215 544 1275 tuam
571 1214 605 1275 et
629 1201 863 1275 miserationes
882 1212 968 1294 tuas,
994 1200 1082 1274 hone
1100 1212 1134 1273 ct
1149 1214 1278 1275 curator
1296 1201 1469 1295 hominurn,

201 1309 343 1382 Domine
371 1305 532 1379 omnium.
584 1369 585 1373 ,

278 1459 332 1532 vl.
374 1457 518 1530 Dinaeam
544 1455 678 1527 dicuat..
723 1453 883 1526 inclinate
911 1454 1018 1551 capita
1044 1414 1165 1526 restra.

322 1657 489 1733 Sacerdos
516 1657 598 1730 dicit
626 1655 822 1734 cratonem
846 1665 1011 1729 secretam
1034 1656 1121 1729 hono
1145 1656 1183 1728 ιιι
1207 1655 1358 1729 Denaote.

278 1827 421 1900 Domina
449 1826 540 1900 Deus
564 1825 792 1947 omnipotens,
823 1835 879 1899 tna
906 1837 958 1898 est
983 1825 1133 1901 Ecclesia
1160 1835 1275 1898 sancta
1301 1824 1471 1919 Catholici,

205 1928 326 2028 quippe
353 1929 409 2026 qui
432 1927 699 2026 perpessionem
719 1949 873 2022 magnam
894 1927 1018 2001 Christi
1037 1927 1098 2021 tui,
1117 1927 1229 2001 emisti
1246 1951 1327 2002 oves
1343 1949 1471 2029 pascuae

207 2046 295 2125 tuae,
334 2043 368 2104 et
403 2056 443 2103 ex
480 2034 585 2126 gratia
621 2028 767 2128 Spiritus
803 2029 922 2122 sarrcti,
960 2031 1067 2127 ipsius
1104 2029 1160 2128 qui
1197 2054 1285 2103 unus
1322 2044 1375 2106 cst
1409 2052 1473 2103 cuu

205 2135 375 2206 divinitate
403 2143 458 2205 tua
485 2132 630 2227 gloriosa
658 2141 807 2224 naturae,
835 2131 956 2204 dantur
981 2132 1105 2227 gradus
1133 2131 1355 2207 ordinationis
1377 2156 1474 2207 sacer·

206 2237 325 2310 dotalis
351 2259 467 2310 veras:
506 2245 539 2307 et
565 2257 626 2330 per
652 2232 862 2307 clementiam
889 2243 980 2306 tuam
1003 2233 1149 2306 Domine
1176 2233 1334 2329 dignatus
1360 2260 1398 2308 es
1423 2235 1475 2307 im·

204 2338 417 2411 bacillitatem
443 2347 593 2409 nostram
619 2337 730 2408 lacere
756 2335 906 2408 membra
932 2335 1115 2430 spiritualia
1142 2334 1178 2407 in
1205 2359 1346 2432 corpore
1364 2358 1476 2432 magno

203 2440 374 2512 Ecclesiae
401 2449 477 2510 tuae
504 2447 651 2528 sancme,
678 2449 716 2508 ut
740 2436 1007 2510 ministraremus
1034 2436 1192 2510 auxilium
1219 2439 1393 2535 spirituale
1417 2439 1478 2512 ani·

204 2543 322 2614 mabus
358 2539 523 2612 fidelibus.
577 2537 627 2610 Tu
667 2561 758 2610 nunc
790 2537 933 2610 Domine
975 2541 1097 2636 perfice
1131 2539 1307 2613 nobiscum
1345 2542 1480 2637 gratiam

206 2652 307 2735 tuam,
336 2651 370 2712 et
396 2640 528 2711 effunde
555 2661 615 2733 per
641 2662 758 2711 manus
785 2651 917 2712 nostras
946 2641 1070 2714 donum
1097 2653 1209 2714 tuum:
1239 2654 1273 2714 et
1295 2643 1479 2717 misericor·

205 2744 279 2816 diae
307 2752 400 2856 tuae,
422 2750 456 2811 et
482 2740 656 2812 elementia
685 2741 866 2813 divinitatis
894 2753 982 2836 tuae,
1009 2745 1079 2816 sint
1105 2768 1206 2840 super
1231 2768 1305 2837 nos,
1335 2756 1370 2818 et
1387 2768 1481 2843 super

204 2844 363 2941 populum
391 2842 491 2915 istum
518 2865 616 2938 quem
644 2842 774 2936 elegisti
804 2842 874 2915 tihi
976 2854 979 2859 '

281 2945 428 3018 Dleocna
454 2968 575 3016 uocem.
626 2943 671 3015 Et
697 2945 737 3015 da
764 2945 862 3017 nobis
888 2945 1030 3017 Domine
1057 2971 1119 3044 per
1146 2947 1356 3020 clementiam
1384 2960 1483 3039 tuam,

204 3057 242 3119 ut
275 3070 338 3119 nos
372 3070 489 3119 omnes
516 3045 615 3118 simul
642 3056 677 3117 et
701 3046 882 3143 aequaliter
909 3048 1064 3121 omnibus
1094 3049 1211 3121 diebus
1239 3050 1324 3121 vitae
1352 3061 1484 3121 nostrae

204 3149 393 3246 placeamus
422 3147 584 3219 divinitati
609 3156 698 3239 tuae,
727 3149 886 3247 dignique
906 3150 1090 3224 efficiamur
1110 3151 1231 3224 auxilio
1251 3151 1380 3247 gratiae
1400 3163 1499 3244 tuae,

205 3250 246 3321 ad
274 3249 482 3322 offerendum
508 3248 567 3320 tihi
596 3249 739 3341 laudem,
767 3249 942 3345 honorem,
984 3254 1231 3326 confessionem
1260 3264 1294 3326 et
1320 3254 1485 3327 adoratio·

203 3374 294 3443 nem,
322 3350 413 3423 omni
440 3361 587 3448 ternpore
613 3349 768 3423 Domine.

203 3623 279 3672 luisse
303 3623 328 3672 in
351 3622 496 3687 quibusdam
513 3619 629 3672 Eccieaiis
653 3630 708 3673 ante
732 3622 867 3673 oblatarum
886 3624 1029 3685 illationem,
1054 3623 1111 3674 alibi
1130 3624 1277 3685 monuimus,
1302 3637 1358 3673 cunr
1376 3624 1410 3673 ita
1428 3625 1488 3674 ierat

203 3707 327 3757 Ecclesiae
343 3706 517 3757 Alexandrinae
536 3707 695 3768 consuetudo,
714 3708 782 3758 cuius
800 3707 903 3758 similem
914 3708 1071 3758 Dalabaricae
1089 3709 1157 3774 sequi
1176 3716 1317 3773 potnerunt.
1350 3708 1440 3759 Veron
1457 3708 1487 3759 il·

204 3790 319 3841 lationem
338 3793 512 3842 elementorum
532 3792 753 3843 consecrandorum
772 3793 832 3852 Dari,
852 3803 907 3842 ante
924 3792 1048 3856 Epistolae
1067 3802 1090 3842 et
1106 3793 1226 3856 Evangelii
1245 3794 1385 3854 lectionem,
1405 3801 1488 3844 contra

206 3875 354 3926 orientalem
373 3877 526 3941 disciplinam
546 3885 596 3925 est:
622 3876 698 3926 multo
718 3878 793 3938 magis
812 3877 921 3941 expulsio
941 3877 1182 3938 catechumenorum,
1208 3886 1336 3943 antequam
1353 3879 1490 3943 scripturae

204 3958 353 4021 legerentur,
376 3974 430 4010 cum
455 3976 503 4010 non
529 3961 581 4010 nisi-
600 3969 728 4024 antequam
747 3961 809 4010 actio
827 3976 897 4012 saera
915 3963 1070 4026 inciperetur,
1094 3978 1181 4028 nempe
1199 3964 1262 4012 eirca
1281 3963 1393 4014 osculnm
1413 3964 1490 4027 pacis,

204 4043 312 4093 solerent
330 4044 392 4093 eiici.
429 4046 458 4095 Ut
475 4060 502 4094 ae
520 4045 592 4095 habet
611 4046 686 4095 codes
705 4060 776 4109 quem
795 4049 870 4097 secuti
889 4046 1069 4110 interpretando
1089 4062 1182 4109 sumus,
1208 4046 1338 4110 disciplina
1355 4062 1432 4112 qnam
1449 4062 1490 4097 re·

204 4135 352 4193 praesentat,
371 4130 527 4179 confirmatur
544 4130 657 4195 exemplo
675 4129 824 4193 reliquarum
842 4130 1005 4181 Ecclesiarnm
1020 4131 1187 4182 Orientalium.
1223 4132 1293 4183 Plura
1312 4131 1343 4181 de
1361 4146 1491 4182 caeremo-

204 4213 252 4262 niis
270 4212 468 4262 Nestorianorum
495 4215 525 4262 ad
543 4214 604 4264 hane
622 4215 744 4275 liturgiae
763 4224 855 4278 partem
874 4215 954 4266 dicere
972 4231 1020 4265 non
1039 4230 1180 4280 possumus,
1207 4230 1261 4265 enm
1281 4214 1384 4265 Codices
1403 4230 1492 4266 ιιιιιιιι·

204 4298 289 4360 scripti
312 4296 391 4345 nullas
415 4311 493 4362 prope
516 4299 626 4347 rubricas
651 4300 768 4350 habeant:
791 4301 881 4349 rituum
908 4301 1053 4364 interpretes
1079 4301 1158 4350 nullos
1184 4300 1230 4349 hae
1254 4314 1332 4363 nsque
1350 4299 1494 4350 viderimus.

205 4379 295 4429 Tamen
319 4381 454 4443 symbolum
479 4382 603 4431 recitatum
629 4384 705 4433 tuisse
724 4393 778 4447 post
796 4384 949 4446 Euangeliou
968 4400 1016 4434 non
1035 4386 1181 4445 dubitamus,
1206 4385 1313 4448 quamvis
1332 4385 1392 4434 uilril
1412 4386 1443 4435 de
1461 4400 1492 4436 eo

205 4471 326 4527 occurrat,
341 4480 396 4516 eum
413 4465 612 4517 interlliasarnm
630 4468 743 4519 solennia
761 4469 825 4533 apud
843 4469 900 4520 illoa
919 4471 972 4521 cani
990 4471 1074 4521 multis
1092 4479 1203 4521 autorum
1221 4469 1366 4521 testimoniis
1385 4477 1494 4522 constet.
