3044 4912
115 421 157 495 V.
183 432 257 501 Καὶ
276 432 362 518 μετὰ
381 437 481 501 τοῦτο
503 428 521 501 ό
544 431 697 516 διάκονος
713 433 845 525 λεγέτω,
862 423 1060 522 προέλθετε
1078 425 1113 499 οἱ
1129 423 1311 521 κατηχού-

35 550 140 617 perot
170 523 213 596 ἓν
237 518 373 619 εἰρήνῃ.
409 533 481 603 Καὶ
500 535 585 621 μετὰ
599 537 637 604 τὸ
653 533 804 618 ἐξελθεῖν
818 533 949 622 αὐτοὺς,
972 540 1109 629 λεγέτω·
1136 527 1310 611 Εῧξασθδ

37 625 70 698 οἶ
96 618 359 725 ἐνεργούμενα
384 620 457 696 ἀπὸ
482 620 709 719 πνευμάτων
734 622 975 726 ἀκαθάρτων.
1002 632 1155 712 ἐκτενῶς
1164 630 1187 725 ¹)
1214 626 1310 703 ποίν-

38 755 95 810 τες
118 723 215 819 ὑπὲρ
242 724 371 799 αὐτῶν
396 722 608 821 δεηθῶμεν,
644 725 742 810 ὅπως
774 727 795 802 ὃ
830 724 1098 829 φιλάνθρωπος
1126 730 1214 814 Θεὸς
1246 728 1340 816 ἀιά,

40 832 209 925 Χριστοῦ
242 821 435 921 ἐπιτιμήσῃ
467 832 545 910 τοῖς
571 825 802 924 ἀκαθάρτοις
826 831 890 904 καὶ
913 838 1087 928 πονηροῖς
1111 828 1329 928 πνεύμασι,’

42 928 101 1005 καὶ
124 926 284 1025 ρίσηται
307 925 394 1011 τοὺς
419 927 538 1003 αὐτοῦ
561 928 681 1013 ἱκέτας
691 930 715 1026 ²)
742 928 816 1005 ἀπὸ
840 938 905 1028 τῆς
929 939 998 1007 τοῦ
1024 932 1217 1031 ἀλλοτρίου
1243 962 1310 1008 κα-

10 1072 15 1157 *
43 1027 327 1112 ταδυναστείας·
343 1027 364 1103 ὃ
378 1025 593 1126 ἐπιτιμήσας
604 1039 658 1128 τῷ
675 1039 825 1133 λεγεῶνι
838 1041 917 1108 τῶν
930 1030 1125 1129 δαιμόνων
1132 1053 1230 1128 (Marc.
1239 1056 1268 1124 5,
1276 1052 1309 1128 9)

43 1132 100 1207 καλ
123 1139 181 1230 τῷ
208 1125 403 1228 ἀρχεκάκῳ
429 1128 595 1231 διαβόλῳ
620 1131 812 1231 ἐπιτιμήσῃ
830 1133 943 1218 αὐτὸς
958 1134 1022 1209 καὶ
1036 1142 1109 1211 νῦν
1125 1141 1202 1218 τοῖς
1218 1135 1311 1208 ἀπο

44 1230 193 1318 στάταις
217 1240 283 1329 τῆς
306 1231 506 1328 εὐσεβείας,
530 1233 594 1308 καὶ
619 1231 773 1332 ρόσηται
798 1234 846 1309 τά
867 1238 1004 1312 ἑαυτοῦ
1019 1233 1219 1332 πλάσματα
1237 1233 1311 1309 ἀπὸ

44 1344 102 1432 τῆς
125 1332 313 1436 ἐνεργείας
339 1334 469 1423 αὐτοῦ,
494 1334 558 1410 καὶ
582 1336 772 1433 καθαρίσῃ
800 1337 909 1427 αὐτὰ,
936 1338 961 1411 ἀ
986 1337 1081 1432 μετὰ
1097 1345 1230 1433 πολλῆς
1247 1360 1311 1410 σο-
1353 1398 1359 1413 .

16 1442 29 1461 ''
43 1440 129 1538 φίας
164 1436 344 1532 ἐποίησεν.
388 1437 464 1510 Ἔτι
489 1440 644 1520 ἐκτενῶς
667 1437 759 1532 ὑπὲρ
785 1440 914 1515 αὐτῶν
940 1438 1152 1536 ἀεηθῶμεν,
1188 1446 1311 1513 σῶσον

41 1660 116 1763 τοτ’ίτο
134 1708 184 1761 καλ
200 1707 326 1773 ἐκτενῶς,
344 1704 422 1777 φησὶ,
440 1704 596 1775 δεηθῶμεν,
614 1706 660 1759 ἵνα
677 1705 717 1777 μὴ
735 1705 772 1767 ῶς
788 1707 946 1779 ἀλλοτρίους
962 1705 1130 1782 ἀποποιήση,
1156 1711 1203 1762 ἵνα
1220 1705 1259 1780 μὴ
1277 1709 1315 1769 ῶς

40 1794 133 1853 ξένους
159 1787 302 1863 ἀγνοήση·
331 1787 440 1844 οὐδέπω
463 1788 518 1859 γάρ
542 1786 626 1857 εὐχήν
648 1789 741 1860 ἔχουσι
759 1789 807 1858 τήν
824 1796 1029 1862 νενομισμένην
1046 1795 1094 1845 καὶ
1111 1796 1314 1863 ελςενεχῦεΐσαν

40 1872 94 1930 ἀπὸ
118 1879 170 1951 τοῦ
186 1875 321 1942 Χριστοῦ,
339 1871 449 1927 οὐδέπω
467 1873 626 1944 παρρησίαν
642 1878 790 1944 κέκτηνται,
814 1874 870 1928 ἀλλ’
890 1875 992 1945 ἐτέρων
1008 1876 1116 1930 δέονται
1133 1878 1188 1930 τῶν
1204 1892 1314 1949 μυστα-

40 1962 241 2032 γωγηθέντων·
260 1959 313 2020 ἔξω
330 1956 385 2031 γάρ
403 1960 457 2012 τῶν
472 1958 623 2025 βασιλικῶν
639 1957 785 2026 ἑστήκασιν
802 1956 904 2028 αὐλῶν,
920 1957 1014 2030 πόρρω
1032 1977 1088 2013 των
1103 1961 1187 2029 ἱερῶν
1198 1955 1314 2031 περιβό-

39 2047 109 2099 λιιν·
131 2042 184 2112 ,διὰ
211 2045 290 2097 τοῦτο
317 2044 365 2095 καλ
387 2039 590 2095 ἀπελαύνονται.
612 2045 669 2096 τῶν
690 2046 814 2114 φρικτῶν
829 2044 920 2114 εὐχῶν
937 2045 1051 2098 ἐκείνων
1067 2048 1239 2116 γινομένων·
1267 2041 1313 2097 διά

39 2132 118 2185 τοῦτο
146 2132 197 2181 ναί
217 2143 248 2180 σε
267 2127 429 2193 παρακαλεῖ,
448 2125 559 2180 δεῖσθαι
576 2124 647 2196 ὑπὲρ
665 2125 764 2193 αὐτῶν,
782 2130 828 2180 ἵνα
846 2131 915 2199 μέλη
933 2130 1069 2197 γίνωνται
1084 2130 1130 2195 σά,
1155 2131 1201 2181 ἵνα
1218 2127 1258 2199 μή
1275 2127 1315 2181 ἔτι

39 2201 92 2266 οἶσι
119 2215 195 2273 ξένοι
216 2213 265 2263 καλ
284 2210 510 2281 ἠλλοτριωμένου
538 2208 649 2283 τὸγὰρ,
668 2211 824 2281 δεηθῶμεν,
848 2212 881 2265 οὐ
900 2216 957 2271 τοῖς
971 2213 1072 2282 ἱερεῦσι
1089 2215 1196 2282 λίγειαι
1212 2206 1315 2282 μόνον,

38 2292 114 2352 ἀλλά
132 2298 181 2348 καλ
196 2300 248 2356 τοῖς
263 2294 368 2363 είς-τὸν
385 2295 453 2348 λαὸν
469 2298 662 2350 συντελοῦσιν·
680 2292 747 2348 ὅταν
763 2295 817 2365 γὰρ
830 2299 901 2368 εέπῃ,
919 2296 1029 2365 στῶμεν
1041 2298 1139 2362 καλῶς,
1158 2296 1314 2367 δεηθῶμεν,

38 2378 157 2439 πάντας
176 2376 275 2445 εέςτήν
291 2372 376 2447 εὐχήν
393 2383 557 2449 παρακαλεῖ.
591 2374 650 2434 εἶτα
667 2375 824 2451 ἀρχόμενος
840 2381 885 2446 τῆς
902 2377 982 2448 εὐχῆς
998 2385 1099 2451 φησίν·
1126 2383 1173 2432 ἵνα
1199 2378 1215 2433 ό
1238 2398 1315 2434 παν-

38 2460 172 2535 ελεήμων
194 2464 240 2517 καλ
255 2465 404 2532 οέκτίρμων
424 2463 492 2523 Θεὸς
508 2462 647 2537 ἐπακούσῃ
664 2466 720 2518 τῶν
736 2459 858 2531 δεήσεων
875 2464 977 2517 αὐτῶν·
1005 2467 1052 2517 ἵνα
1069 2465 1191 2537 διανοίξῃ
1208 2461 1242 2518 τά
1258 2457 1315 2518 ῶτα

40 2557 97 2604 τῶν
123 2547 259 2618 καρδιῶν·
286 2545 351 2607 ῶςτε
376 2545 494 2600 ἀκοῦσαι
511 2542 528 2600 ἀ
547 2545 695 2619 ὀφθαλμὸς
712 2548 762 2602 οὐκ
779 2541 847 2617 εἶδε,
872 2551 920 2602 καλ
937 2537 983 2608 οὐς
1002 2547 1052 2603 οὐκ
1069 2542 1177 2616 ήκουσε,
1204 2550 1251 2602 καλ
1268 2548 1317 2602 ἐπὶ

40 2634 163 2706 καρδίαν
185 2630 339 2700 ἀνθρώπου
357 2627 406 2685 οὐκ
423 2630 522 2700 ἀνέβη·
546 2634 593 2685 καλ
609 2627 746 2707 κατηχήσῃ
765 2631 864 2694 αὐτοὺς
880 2632 928 2687 τόν
944 2629 1030 2703 λόγον
1046 2636 1092 2699 τῆς
1108 2632 1247 2703 ἀληθείας,
1269 2634 1317 2686 καλ
1366 2670 1381 2695 ,

42 2722 215 2788 κατασπείρῃ
240 2715 290 2769 τὸν
316 2712 407 2786 φόβον
431 2714 515 2769 αὐτοῦ
538 2717 570 2770 ἐν
592 2716 692 2785 αὐτοῖς,
720 2720 767 2771 καλ
782 2715 919 2790 βεβαιώσῃ
936 2715 985 2784 τὴν
1001 2722 1095 2771 πίστιν
1111 2715 1193 2771 αὐτοῦ
1210 2717 1242 2770 ἐν
1258 2722 1318 2777 ταῖς

42 2805 182 2862 διανοίαις
199 2799 299 2866 αὐτῶν,
316 2803 363 2852 ἵνα
380 2797 548 2873 ἀποκαλύψῃ
566 2799 659 2861 αὐτοῖς
675 2799 705 2855 τό
721 2800 883 2871 εὐαγγέλιον
901 2804 945 2868 τῆς
962 2796 1151 2868 δικαιοσύνης·
1168 2803 1215 2855 ἴνα
1224 2801 1317 2862 αὐτοῖς

40 2890 104 2955 δοίη
121 2890 192 2941 νοῦν
207 2886 316 2950 ἔνθεον,
333 2879 468 2954 σώφρονα
485 2883 631 2958 λογισμὸν,
652 2887 701 2938 καλ
719 2880 849 2953 ἐνάρετον
866 2889 1021 2939 πολιτείαν·
1045 2880 1198 2947 διαπαντός
1212 2883 1244 2937 τά
1263 2885 1316 2938 αῦ-

41 2977 91 3028 τοῦ
107 2976 198 3039 νοεῖν,
221 2966 255 3023 τά
272 2967 357 3021 αὐτοῦ
374 2973 501 3039 φρονεῖν,
527 2965 559 3021 τά
575 2968 661 3022 αὐτοῦ
677 2972 811 3040 μελετᾷν·
837 2966 941 3041 ἡμέρας
956 2970 1004 3022 καλ
1021 2965 1118 3029 νυκτός
1135 2969 1167 3022 ἐν
1181 2969 1222 3036 τῶ
1237 2967 1315 3038 νόμω
1381 3000 1406 3009 --

41 3057 129 3112 αὐτοῦ
144 3057 360 3125 καταγίνεσθαι·
378 3052 417 3106 ἐτι
430 3052 617 3122 ἐκτενέστερον
634 3051 703 3122 ὑπὲρ
714 3052 805 3106 αὐτῶν
813 3056 1058 3124 παρακαλέσωμεν,
1077 3055 1123 3103 ἵνα
1134 3051 1317 3118 ἐξίληταιαῦ-
1347 3092 1354 3101 .
1374 3090 1377 3095 -
1410 3050 1417 3061 “

41 3143 105 3205 τούς
123 3136 182 3193 ἀπὸ
199 3138 304 3198 παντὸς
319 3138 445 3208 πονηροῦ
459 3138 507 3190 καλ
524 3135 629 3190 ἀτόπου
647 3133 818 3207 πράγματος,
846 3136 902 3191 ἀπὸ
920 3134 1025 3196 παντὸς
1041 3132 1236 3207 ἁμαρτήματος
1252 3136 1317 3190 δια·
1360 3162 1363 3167 ·
1408 3134 1411 3139 ’

41 3228 166 3293 μελικοῦ,
182 3226 230 3276 καὶ
247 3219 338 3288 πάσης
354 3216 540 3293 περιστάσεως
556 3225 603 3274 τοῦ
620 3219 825 3291 ἀντικειμένου·
840 3224 887 3274 ἵνα
905 3216 1058 3292 καταξιώσῃ
1076 3217 1173 3280 αὐτοὺς
1190 3221 1222 3274 ἐν
1229 3220 1318 3292 καιρῷ

41 3310 148 3377 εὐθέτῳ
166 3309 212 3372 τῆς
224 3309 273 3360 τοῦ
289 3308 406 3376 λουτροῦ
423 3308 644 3375 παλιγγενεσίας,
662 3308 707 3371 τῆς
723 3303 848 3376 ἀφέσεως
865 3310 919 3359 τῶν
937 3303 1088 3376 ἁμαρτιῶν,
1106 3308 1155 3360 τοῦ
1165 3300 1319 3376 ἐνδύματος

41 3398 85 3462 τῆς
101 3391 277 3463 ἀφθαρσίας,
293 3393 339 3443 ἵνα
356 3387 491 3463 εὐλογήση
510 3389 556 3449 τὰς
572 3385 693 3450 είςόδους
709 3387 801 3442 αὐτῶν
817 3391 865 3441 καλ
880 3386 929 3451 τάς
946 3388 1064 3456 ἐξόδους,
1083 3385 1174 3455 πάντα
1191 3388 1239 3443 τὸν
1254 3394 1318 3457 βίον

43 3474 146 3543 αὐτῶν,
163 3472 227 3535 τούς
244 3477 336 3533 οἴκους
353 3473 445 3527 αὐτῶν
461 3477 509 3528 καλ
526 3473 574 3534 τὰς
590 3476 714 3541 οέκετίας,
732 3469 764 3525 τά
782 3476 862 3527 τέκνα
880 3473 972 3528 αὐτῶν
989 3467 1317 3546 λνααύχήσαςεύλογήση,

43 3564 90 3615 nal
107 3560 155 3620 ’ἐές
176 3562 281 3631 μέτρον
302 3555 407 3624 ἡλικίας
423 3555 539 3630 ἀγαγών
555 3563 675 3630 σοιγίση·
700 3559 746 3610 ἵνα
763 3554 918 3631 κατευθόνῃ
935 3557 1027 3618 αὐτοῖς
1043 3554 1134 3611 πόντα
1152 3556 1184 3610 τά
1202 3560 1318 3625 προκεί-

43 3640 208 3716 μεναπρύς
223 3643 254 3696 τό
270 3648 427 3714 συμφέρον.
445 3672 478 3683 -
495 3674 530 3685 -
549 3641 607 3697 Τὸν
623 3638 744 3712 ἀγγελον
761 3644 806 3707 τῆς
822 3638 931 3713 εέρήνης
947 3639 1082 3708 αἰτήσατε,
1100 3641 1128 3693 οἱ
1145 3636 1319 3710 κατηχούμε-
1373 3628 1409 3675 '‘-

44 3748 96 3797 νοτ,
114 3728 241 3796 εέρηνικά
258 3722 326 3797 ὑμῖν
342 3722 434 3780 πάντα
451 3726 485 3780 τά
502 3730 686 3799 προκείμενα·
705 3724 844 3799 εἰρηνικήν
861 3724 909 3793 τήν
926 3733 1073 3798 παροῦσαν
1089 3714 1319 3796 ἡμέρανκαλπά-
1369 3720 1411 3763 ''¹-

45 3830 93 3874 τις
115 3809 169 3874 τάς
191 3807 296 3883 ἡμέρας
311 3812 357 3877 τῆς
374 3813 439 3873 ζωῆς
455 3806 535 3880 ὑμῶν
552 3804 718 3878 αέτήσασδε·
739 3811 884 3881 χριστιανδι
902 3807 983 3881 ὐμῶν
1000 3806 1033 3864 τὰ
1050 3812 1125 3875 τέλη·
1149 3803 1263 3867 ἑαυτοὺς
1279 3808 1320 3875 τη·

48 3900 123 3960 λίνα
144 3898 208 3964 Θεηῖ
224 3897 272 3948 καλ
289 3895 327 3962 τῷ
344 3896 455 3967 Χριστῷ
473 3892 559 3948 αὐτοῦ
574 3898 762 3965 παραθέσθαι.
781 3924 813 3935 -
831 3923 863 3934 -
881 3887 949 3948 Εέτα
965 3897 1057 3948 κλῖναι
1073 3889 1122 3952 τὰς
1136 3889 1260 3963 κεφαλὰς
1275 3907 1318 3946 κε-
1373 3894 1377 3899 “

46 3978 172 4053 λεύομεν,
197 3976 346 4051 τεκμήριον
367 3981 415 4033 τοῦ
436 3977 484 4039 τὰς
500 3977 583 4048 εὐχὰς
600 3977 779 4046 ἀκουσθῆναι,
797 3977 960 4049 ποιοόμενοι
977 3977 1009 4032 τό
1027 3972 1075 4032 τόν
1090 3971 1161 4030 θεὸν
1177 3972 1317 4046 εὐλογεῖν·

49 4064 78 4119 ὀ
97 4065 157 4136 γάρ
182 4060 216 4130 δή
240 4060 390 4132 ἄνθρωπός
406 4064 481 4117 ἐστιν
497 4059 513 4116 ό
531 4059 664 4133 εὐλογῶν,
687 4062 756 4116 ἀλλά
774 4061 820 4116 διά
837 4063 882 4126 τῆς
897 4061 1004 4116 ἐκείνου
1019 4060 1112 4134 χειρός
1127 4062 1175 4114 καλ
1191 4056 1318 4131 γλώττης,

48 4147 117 4218 ιύτηῖ
133 4143 316 4225 προρίγομεν
331 4150 370 4216 τῷ
384 4149 495 4215 βασιλεῖ
507 4144 556 4207 τὰς
571 4145 695 4219 κεφαλὰς
710 4151 765 4202 τῶν
781 4142 975 4223 παρεστώτων,
996 4147 1046 4201 καλ
1061 4144 1212 4215 ἐπιβοῶσιν
1228 4144 1321 4198 ἀπαν-

50 4251 86 4296 τες
101 4231 143 4303 τό,
160 4214 249 4303 ἀμήν.

131 4316 156 4383 λ)
176 4322 207 4375 Ut
224 4329 262 4371 εει
279 4322 303 4372 in
321 4323 392 4373 Μίεει
409 4321 467 4385 λος.
486 4322 556 4372 Maii:
575 4323 673 4379 intentis
690 4321 811 4387 precihus.

128 4407 157 4471 2)
173 4406 250 4458 Recte
264 4408 412 4471 Augusti:
430 4408 490 4469 „Die
500 4409 586 4458 λεεετι
602 4398 792 4464 αὐτοῦίκέτος
808 4406 870 4457 kann
888 4401 1142 4468 τειίλτολδίρῑτετδοο,
1160 4415 1229 4454 πετο
1240 4401 1319 4468 ςλοίεέι

54 4490 218 4585 &JQ
234 4486 572 4607 oldracffleqqueheren
589 4492 648 4543 Sinn
667 4490 757 4556 ςὶῶιιέ·

108 4552 180 4705 k?

889 4536 1125 4621 *³4*
