3044 4912
722 266 793 340 ιιι
843 247 848 253 ’

430 462 469 532 ‘0
491 465 529 534 δὲ
551 460 656 551 ίερεῦς
675 461 866 550 κλινάμενος
886 460 1071 548 ἐπεύχεται.

197 605 272 682 Καὶ
295 599 440 680 τούτων
465 598 620 678 πάντων
643 601 711 688 τὰς
735 600 861 700 ψυχὰς
886 596 1120 690 ἀνάπαυσον,
1145 596 1367 675 δέσποτα’
1324 628 1384 677 777-

123 739 176 807 ριε
209 708 228 783 6
262 704 402 790 θεὸς“
381 712 502 802 ημῶν,
537 707 578 780 67
610 709 692 788 ταῖς
722 713 801 779 τῶν
834 701 954 833 ἁγίων
986 726 1055 777 σου
1081 708 1246 799 σκηναῖς,
1280 705 1322 777 67
1343 709 1383 799 η’]

122 808 291 939 βασιλείᾳ
325 832 393 883 σου
425 802 669 902 χαριζόμενος
708 808 834 890 αὐτοῖς
865 804 913 879 τὰ
947 812 1026 881 τῶν
1061 802 1287 932 εὐαγγελίων
1323 830 1385 879 σου

124 907 268 1039 ἀγαθά,
301 909 326 984 ἀ
359 906 623 1034 ὃφθαλιιδς
583 936 651 982 ουκ
675 905 785 998 εδεν,
794 908 817 1006 ¹)
849 905 913 981 καὶ
945 901 1010 991 οῦς
1034 906 1103 981 οῦκ
1125 906 1299 1035 ἤκουσεν,
1329 905 1386 980 καὶ

123 1017 182 1088 ἐπι
170 1009 367 1139 καρδίαν
392 1005 612 1105 ἀνθρώπων
638 1009 706 1084 οῦκ
731 1008 910 1134 ἀνέβη,
888 1039 912 1083 α
936 1005 1141 1104 ἡτοίμασας
1166 1006 1186 1082 6
1211 1006 1303 1092 θεὸς
1317 1012 1387 1091 τοῖς

123 1116 296 1242 ἀγαπιῦσι
326 1108 369 1187 τὸ
404 1108 524 1206 ῦνομοί
557 1136 626 1186 σου
657 1108 758 1184 τδ”
714 1139 852 1238 αγιον.
903 1113 1044 1185 Αὐτῶν
1075 1137 1145 1204 μεν
1176 1109 1245 1193 τάς
1270 1106 1388 1207 ψυχὰς

124 1213 357 1304 ἀνάπαυσον,
383 1242 446 1288 και
434 1211 726 1338 βασιλείας
686 1220 861 1340 ορρανιῦν
886 1210 1134 1296 ναταξίωσον·
1162 1211 1255 1307 ἡμῖν
1280 1210 1321 1286 δὲ
1345 1209 1387 1299 τὰ

122 1317 204 1414 τέλη
229 1325 293 1414 τῆς
319 1314 413 1412 ζωῆς
435 1312 633 1412 χριστιανά
658 1312 722 1388 καὶ
747 1310 927 1409 εῦοίρεστα
951 1310 1015 1388 καὶ
1048 1310 1294 1410 ἀναμάρτητα
1318 1307 1388 1386 δαί-

124 1445 256 1543 ρησαι·
284 1417 348 1491 καὶ
380 1413 498 1499 δὸς
477 1420 569 1511 ημῖν
592 1413 728 1513 μερίδα
753 1415 816 1489 καὶ
812 1415 1014 1542 κλῆρον’
1001 1419 1097 1510 ε’χειν
1121 1413 1214 1507 μετὰ
1239 1415 1388 1539 πάντων

122 1529 200 1593 τῶν
234 1516 370 1643 ἁγίων
386 1541 466 1643 σρυ.
522 1522 608 1591 Τῶν
639 1512 924 1645 προςφερόντων
955 1515 1023 1600 τάς
1055 1515 1207 1604 θυσίας,
1239 1513 1388 1598 καὶτὰς

124 1615 350 1746 πρρςφοροίς,
381 1616 428 1691 τά
462 1614 721 1747 εῦχαριστηρια
754 1615 998 1717 πρόςδεξαι“
980 1649 1000 1693 ο
1028 1614 1170 1701 θεὸς
1141 1647 1191 1701 εις
1216 1616 1260 1691 τὸ
1287 1617 1388 1744 ἅγιον

123 1719 187 1794 καὶ
211 1715 433 1848 ἐπρυράνιον
458 1717 522 1793 καὶ
546 1717 678 1818 νοερόν
704 1745 772 1795 σου
798 1716 1083 1818 θυσιαστήριον,
1110 1723 1160 1802 είς
1183 1748 1231 1792 τα
1217 1717 1387 1843 μεγέθη

14 1840 18 1847 “
124 1829 203 1896 τῶν
234 1821 421 1949 οὐρανῶν,
456 1819 520 1895 διά
552 1827 617 1917 τῆς
638 1821 912 1950 ἀρχαγγελικῆς
945 1847 1014 1897 σου
1047 1819 1287 1922 λειτουργίας,
1319 1827 1389 1894 τῶν

124 1923 167 1997 τὸ
199 1923 293 1998 πολὺ
317 1920 381 1999 καὶ
406 1920 545 2050 ῦλίγρν,
576 1919 704 2022 κρύφα
728 1924 792 1998 7776
816 1927 911 2020 παῤῥ
912 1923 1022 2049 ησίηι,
1043 1924 1300 2021 βουλομένων,
1332 1918 1388 2048 κριὶ

125 2025 194 2100 οῦκ
218 2022 397 2120 ἐχόντων·
435 2022 498 2099 καὶ
523 2032 601 2099 τῶν
626 2027 667 2099 67
692 2033 736 2120 τῇ
763 2022 924 2152 σήμερον
948 2022 1066 2123 ἡμέρᾳ
1091 2023 1194 2107 τὰς
1184 2021 1389 2149 πρρςφοράς

126 2124 467 2229 προςενεγκοίντων,
507 2123 558 2211 ὥς
596 2125 797 2224 προςεδίξω
829 2127 877 2200 τὰ
910 2125 1016 2225 διῦρα
1047 2133 1115 2200 τοῦ
1148 2123 1296 2201 δικαίου
1328 2151 1388 2199 σου

118 2230 235 2326 '6666
265 2243 347 2326 [Καὶ
367 2239 486 2329 βάλλει
505 2236 703 2355 θυμίαμα(
686 2269 704 2311 ο
727 2268 870 2357 ιερευς
844 2268 900 2311 και
892 2240 1134 2355 λεγει]
1058 2227 1134 2325 Τὴν
1159 2225 1306 2301 θῖίσίαν
1330 2254 1389 2300 777

125 2329 264 2429 πατρὸς
286 2330 396 2427 ἡμῶν
408 2328 595 2428 Ἀβραάμ,
621 2337 814 2457 Ζαχαριου
832 2360 875 2405 το
861 2328 1085 2426 θυμίαμα,
1098 2260 1316 2458 Κρρνελίου
1331 2326 1390 2410 τὰς

125 2429 383 2527 ἐλεημοσύνας,
417 2430 480 2504 καὶ
512 2439 577 2527 τῆς
605 2428 723 2527 χήρας
755 2431 801 2506 τά
835 2428 905 2507 δύο
936 2428 1061 2521 λεπτοί,
1094 2427 1303 2529 πρύςδεξαι,
1334 2427 1391 2505 καὶ

127 2533 254 2607 αὐτῶν
286 2530 333 2604 τὰ
367 2528 640 2659 εῦχριριστήρια,
674 2532 737 2606 καὶ
772 2532 921 2616 ἀντιδὸς
954 2534 1080 2618 αὐτοῖς
1105 2533 1192 2608 ἀντὶ
1216 2541 1297 2607 τῶν
1323 2535 1392 2605 ἐπι-

127 2632 238 2757 γείων
270 2631 317 2703 τὰ
351 2627 521 2757 οῦριίνια,
557 2632 642 2705 6716
674 2643 753 2709 τῶν
778 2634 1032 2764 προςκαίρων
1036 2634 1082 2709 τά
1110 2640 1149 2708 αὶ
1151 2631 1256 2709 αίνια.
1304 2633 1392 2732 [Τὸν

127 2730 336 2856 ἁγιώτατον
361 2731 424 2806 καὶ
450 2731 736 2832 μακαριώτατον
763 2735 905 2811 Πάπαν
931 2734 985 2810 A'.
1013 2737 1057 2813 ‘67
1083 2737 1273 2838 προίγυως
1298 2735 1392 2809 καὶ*

127 2832 435 2960 προχειρίσασθαι
466 2833 534 2929 τὴν
568 2834 680 2964 ἁγίαν
714 2861 782 2911 σου
814 2838 1019 2934 καθολικὴν
1053 2839 1117 2914 καὶ
1136 2836 1396 2966 ἀπρστολικίχν

127 2934 334 3030 ἐκκλησίαν,
370 2933 433 3009 καὶ
464 2935 531 3011 τὸν
565 2935 770 3067 ὁσιώτατον
802 2938 1000 3015 ἐπίσκοπον
1026 2938 1080 3014 76.
1107 2940 1174 3016 τὸν
1207 2940 1396 3036 ἡμέτερον,

128 3046 324 3134 συντηριῦν
357 3033 588 3135 συντήρησον
622 3039 776 3167 αῦτρῦς
783 3042 875 3115 ἔτεσι
901 3047 1059 3171 πρλλοῖς,
1087 3040 1237 3166 χρόνοις
1264 3049 1397 3137 εἰρηνι-

125 3146 216 3227 κοῖς,
241 3143 476 3222 ἐκτελοῦντας
502 3140 638 3224 αὐτοὺς
662 3141 730 3238 τὴν
755 3141 827 3217 6716
846 3152 914 3218 σοῦ
931 3144 1267 3271 ἐμπεπιστευαένην
1287 3143 1397 3244 ἀγιαν

128 3267 196 3321 σου
223 3236 513 3337 ἀρχιερωσύνην,
538 3241 633 3316 κατὰ
659 3243 702 3317 τὸ
729 3243 837 3344 ἅγιον
862 3245 923 3319 καί
945 3242 1132 3342 μακάριόν
1150 3269 1218 3319 σου
1237 3246 1397 3341 θίληαα,

128 3340 496 3466 ἀρθοτομοῦντας
458 3371 526 3418 τον
552 3342 663 3472 λόγον
688 3375 753 3441 της
778 3345 981 3476 ἀληθείας]
1033 3345 1240 3444 Μνήσθηιι
1269 3345 1365 3422 δὲ
1338 3347 1397 3421 7776

127 3451 205 3518 τῶν
230 3442 448 3538 ἁπανταχοῦ
474 3443 738 3540 ὀρθοδόξων
723 3447 944 3537 επισκόπων,
970 3448 1242 3546 πρεσβυτέρων,
1272 3446 1397 3522 διακύ-

128 3574 207 3621 νων
233 3541 584 3643 [ὑποδιανύνων],
565 3558 831 3677 αναγυωστῶν,
858 3558 1014 3646 ηιαλτῦν
1032 3548 1344 3647 [αοναζόυτων,’
1325 3581 1397 3623 αει-

128 3649 360 3744 παρθένων],
383 3655 525 3742 χηριῦν,
553 3656 702 3724 λαϊκιῦν.
729 3648 938 3778 Μνησθηιι
963 3648 1064 3749 κύριε
1090 3660 1154 3747 τῆς
1180 3651 1397 3752 ἀγιαςλρι

129 3758 218 3822 στοῦ
250 3758 318 3823 τοῦ
344 3748 483 3822 θεοῦε
463 3757 572 3844 ημῶν
596 3749 734 3835 πόλεως
757 3752 821 3826 καὶ
846 3761 909 3848 τῆς
932 3751 1227 3881 βασιλευούσης,
1249 3756 1310 3827 καί
1338 3780 1396 3848 της

128 3849 265 3934 πόλεως
296 3849 406 3947 ἡμῶν
431 3848 578 3947 ταύτης,
606 3851 723 3950 πάσης
747 3851 885 3937 πόλεως
909 3855 972 3929 καὶ
994 3853 1133 3955 χώρας,
1166 3855 1335 3930 καὶτῶν
1360 3858 1396 3928 ἐν

130 3949 324 4049 ἀρθοδόξῳ
358 3950 475 4027 πίστει
501 3958 668 4047 Χριστοῦ
695 3953 940 4032 0670677777'
924 3987 965 4033 εν
992 3957 1133 4045 αὐταῖς,
1168 3955 1313 4053 εῖρηνης
1338 3954 1396 4030 7176

129 4052 330 4150 ἀσφαλείας
357 4054 494 4128 αὐτῶν.
535 4053 708 4152 Μνησθι
709 4088 744 4130 τι
698 4056 869 4154 γκύριε
896 4055 1014 4156 παίσης
1039 4067 1161 4156 ψυχῆς
1183 4067 1396 4154 χριστιαυῆς

128 4156 355 4250 θλιβομένης
387 4155 450 4229 καὶ
450 4161 818 4285 καταπονουιιίνης,
852 4162 972 4243 ἐλέους
1004 4164 1098 4235 θεοῦ
1130 4161 1192 4234 καὶ
1218 4160 1397 4288 βοηθείας

128 4256 372 4352 ἐπιδεοιιὲνης,
399 4256 461 4332 καὶ
487 4262 708 4359 ἐπιστροφῆς
734 4270 810 4335 τῶν
836 4264 1069 4360 πεπλανημει
1071 4293 1135 4337 ων
1190 4261 1284 4336 Μνι
1275 4267 1397 4358 σθητι

127 4354 228 4453 κύριε
261 4367 338 4432 τῶν
372 4362 412 4433 67
446 4363 691 4460 αἰχμαλωσιᾳ,
725 4372 802 4438 7167
828 4363 1047 4463 ἀδελφῶι“
1029 4373 1148 4461 ηιιιῦν,
1183 4364 1248 4447 δὸς
1276 4366 1397 4446 αὐτοῖς

216 4529 239 4589 1)
257 4532 342 4576 Fabric.
357 4535 414 4576 male
432 4527 510 4580 οἶδεν.
