<?xml version="1.0" encoding="UTF-8"?>
<!DOCTYPE html PUBLIC "-//W3C//DTD XHTML 1.0 Transitional//EN"
    "http://www.w3.org/TR/xhtml1/DTD/xhtml1-transitional.dtd">
<html xmlns="http://www.w3.org/1999/xhtml" xml:lang="en" lang="en">
 <head>
  <title>
</title>
<meta http-equiv="Content-Type" content="text/html;charset=utf-8" />
  <meta name='ocr-system' content='tesseract 3.04.00' />
  <meta name='ocr-capabilities' content='ocr_page ocr_carea ocr_par ocr_line ocrx_word'/>
</head>
<body>
  <div class='ocr_page' id='page_1' title='image "./codexliturgicus05danigoog_0461.png"; bbox 0 0 3044 4912; ppageno 0'>
   <div class='ocr_carea' id='block_1_1' title="bbox 541 260 726 335">
    <p class='ocr_par' dir='ltr' id='par_1_1' title="bbox 541 260 726 335">
     <span class='ocr_line' id='line_1_1' title="bbox 541 260 726 335; baseline 0.049 -8"><span class='ocrx_word' id='word_1_1' title='bbox 541 322 545 327; x_wconf 91' lang='lat'>.</span> <span class='ocrx_word' id='word_1_2' title='bbox 651 260 726 335; x_wconf 74' lang='lat'><strong><em>425</em></strong></span> 
     </span>
    </p>
   </div>
   <div class='ocr_carea' id='block_1_2' title="bbox 130 437 1032 747">
    <p class='ocr_par' dir='ltr' id='par_1_2' title="bbox 130 437 1032 747">
     <span class='ocr_line' id='line_1_2' title="bbox 130 437 1032 572; baseline 0.004 -56.027"><span class='ocrx_word' id='word_1_3' title='bbox 130 437 405 572; x_wconf 81' lang='grc' dir='ltr'><strong><em>Πληραίσωμεν</em></strong></span> <span class='ocrx_word' id='word_1_4' title='bbox 431 440 499 538; x_wconf 89' lang='grc' dir='ltr'><strong><em>τήν</em></strong></span> <span class='ocrx_word' id='word_1_5' title='bbox 527 441 699 540; x_wconf 61' lang='grc' dir='ltr'><strong><em>ιίεήσινε</em></strong></span> <span class='ocrx_word' id='word_1_6' title='bbox 676 450 787 572; x_wconf 77' lang='grc' dir='ltr'><strong><em>ημῶν</em></strong></span> <span class='ocrx_word' id='word_1_7' title='bbox 811 453 865 544; x_wconf 75' lang='grc' dir='ltr'><strong><em>τῷ</em></strong></span> <span class='ocrx_word' id='word_1_8' title='bbox 890 441 1032 544; x_wconf 77' lang='grc' dir='ltr'><strong><em>Κυρίῳ.</em></strong></span> 
     </span>
     <span class='ocr_line' id='line_1_3' title="bbox 130 542 795 672; baseline 0.009 -55.131"><span class='ocrx_word' id='word_1_9' title='bbox 130 542 236 672; x_wconf 79' lang='grc' dir='ltr'><strong><em>Ὑπὲρ</em></strong></span> <span class='ocrx_word' id='word_1_10' title='bbox 262 551 341 618; x_wconf 83' lang='grc' dir='ltr'><strong><em>τῶν</em></strong></span> <span class='ocrx_word' id='word_1_11' title='bbox 365 543 626 642; x_wconf 76' lang='grc' dir='ltr'><strong><em>προτεθέντων</em></strong></span> <span class='ocrx_word' id='word_1_12' title='bbox 649 544 795 641; x_wconf 86' lang='grc' dir='ltr'><strong><em>τιμίων</em></strong></span> 
     </span>
     <span class='ocr_line' id='line_1_4' title="bbox 130 636 766 747; baseline 0.011 -29.161"><span class='ocrx_word' id='word_1_13' title='bbox 130 636 236 740; x_wconf 77' lang='grc' dir='ltr'><strong><em>Ὑπίρ</em></strong></span> <span class='ocrx_word' id='word_1_14' title='bbox 261 653 330 720; x_wconf 86' lang='grc' dir='ltr'><strong><em>τοῦ</em></strong></span> <span class='ocrx_word' id='word_1_15' title='bbox 354 645 465 747; x_wconf 83' lang='grc' dir='ltr'><strong><em>ἁγίου</em></strong></span> <span class='ocrx_word' id='word_1_16' title='bbox 492 650 596 723; x_wconf 73' lang='grc' dir='ltr'><strong><em>οἴκου</em></strong></span> <span class='ocrx_word' id='word_1_17' title='bbox 618 644 766 725; x_wconf 87' lang='grc' dir='ltr'><strong><em>τούτου.</em></strong></span> 
     </span>
    </p>
   </div>
   <div class='ocr_carea' id='block_1_3' title="bbox 91 745 1345 1211">
    <p class='ocr_par' dir='ltr' id='par_1_3' title="bbox 91 745 1345 1191">
     <span class='ocr_line' id='line_1_5' title="bbox 131 745 679 846; baseline 0.004 -26.057"><span class='ocrx_word' id='word_1_18' title='bbox 131 745 237 845; x_wconf 78' lang='grc' dir='ltr'><strong><em>Υπὲρ</em></strong></span> <span class='ocrx_word' id='word_1_19' title='bbox 265 754 333 821; x_wconf 83' lang='grc' dir='ltr'><strong><em>τοῦ</em></strong></span> <span class='ocrx_word' id='word_1_20' title='bbox 357 748 592 844; x_wconf 71' lang='grc' dir='ltr'><strong><em>ῥυσθῆναι</em></strong></span> <span class='ocrx_word' id='word_1_21' title='bbox 571 756 679 846; x_wconf 85' lang='grc' dir='ltr'><strong><em>ημᾶς.</em></strong></span> 
     </span>
     <span class='ocr_line' id='line_1_6' title="bbox 91 875 1325 973; baseline 0.003 -26"><span class='ocrx_word' id='word_1_22' title='bbox 91 875 155 968; x_wconf 80' lang='grc' dir='ltr'><strong><em>ίχή</em></strong></span> <span class='ocrx_word' id='word_1_23' title='bbox 168 881 396 968; x_wconf 73' lang='grc' dir='ltr'><strong><em>προςιιομιύής</em></strong></span> <span class='ocrx_word' id='word_1_24' title='bbox 420 879 505 965; x_wconf 84' lang='grc' dir='ltr'><strong><em>μετὰ</em></strong></span> <span class='ocrx_word' id='word_1_25' title='bbox 525 878 585 963; x_wconf 81' lang='grc' dir='ltr'><strong><em>τὴν</em></strong></span> <span class='ocrx_word' id='word_1_26' title='bbox 611 879 647 949; x_wconf 74' lang='grc' dir='ltr'><strong><em>ἐν</em></strong></span> <span class='ocrx_word' id='word_1_27' title='bbox 666 886 707 971; x_wconf 83' lang='grc' dir='ltr'><strong><em>τῇ</em></strong></span> <span class='ocrx_word' id='word_1_28' title='bbox 729 876 809 972; x_wconf 75' lang='grc' dir='ltr'><strong><em>ἆγίᾳ</em></strong></span> <span class='ocrx_word' id='word_1_29' title='bbox 828 880 975 973; x_wconf 77' lang='grc' dir='ltr'><strong><em>τραπέζῃ</em></strong></span> <span class='ocrx_word' id='word_1_30' title='bbox 996 887 1062 949; x_wconf 81' lang='grc' dir='ltr'><strong><em>τῶν</em></strong></span> <span class='ocrx_word' id='word_1_31' title='bbox 1081 879 1189 951; x_wconf 80' lang='grc' dir='ltr'><strong><em>θείων</em></strong></span> <span class='ocrx_word' id='word_1_32' title='bbox 1209 879 1325 970; x_wconf 81' lang='grc' dir='ltr'><strong><em>διύριιν</em></strong></span> 
     </span>
     <span class='ocr_line' id='line_1_7' title="bbox 330 974 1043 1113; baseline 0.006 -65"><span class='ocrx_word' id='word_1_33' title='bbox 330 977 544 1063; x_wconf 77' lang='grc' dir='ltr'><strong><em>ἀπόθεσιν,</em></strong></span> <span class='ocrx_word' id='word_1_34' title='bbox 531 974 572 1071; x_wconf 89' lang='grc' dir='ltr'><strong><em>ήν</em></strong></span> <span class='ocrx_word' id='word_1_35' title='bbox 593 978 611 1049; x_wconf 89' lang='lat'>6</span> <span class='ocrx_word' id='word_1_36' title='bbox 634 978 740 1111; x_wconf 74' lang='grc' dir='ltr'><strong><em>ἱερεὺς</em></strong></span> <span class='ocrx_word' id='word_1_37' title='bbox 760 982 849 1071; x_wconf 72' lang='grc' dir='ltr'><strong><em>λέγει</em></strong></span> <span class='ocrx_word' id='word_1_38' title='bbox 868 989 1043 1113; x_wconf 60' lang='grc' dir='ltr'><strong><em>μυπωιής.</em></strong></span> 
     </span>
     <span class='ocr_line' id='line_1_8' title="bbox 118 1080 1345 1211; baseline 0.004 -54.074"><span class='ocrx_word' id='word_1_39' title='bbox 118 1080 294 1211; x_wconf 61' lang='grc' dir='ltr'><strong><em>Ιζύριεε</em></strong></span> <span class='ocrx_word' id='word_1_40' title='bbox 276 1113 297 1158; x_wconf 92' lang='grc' dir='ltr'><strong><em>ο</em></strong></span> <span class='ocrx_word' id='word_1_41' title='bbox 326 1084 455 1169; x_wconf 71' lang='grc' dir='ltr'><strong><em>Θεὸς“</em></strong></span> <span class='ocrx_word' id='word_1_42' title='bbox 436 1091 545 1181; x_wconf 86' lang='grc' dir='ltr'><strong><em>ηιιῶν</em></strong></span> <span class='ocrx_word' id='word_1_43' title='bbox 571 1083 591 1159; x_wconf 87' lang='lat'>6</span> <span class='ocrx_word' id='word_1_44' title='bbox 617 1085 745 1170; x_wconf 79' lang='grc' dir='ltr'><strong><em>κτίσας</em></strong></span> <span class='ocrx_word' id='word_1_45' title='bbox 767 1084 877 1183; x_wconf 84' lang='grc' dir='ltr'><strong><em>ἡμᾶς,</em></strong></span> <span class='ocrx_word' id='word_1_46' title='bbox 910 1085 974 1162; x_wconf 76' lang='grc' dir='ltr'><strong><em>καί</em></strong></span> <span class='ocrx_word' id='word_1_47' title='bbox 999 1084 1156 1191; x_wconf 78' lang='grc' dir='ltr'><strong><em>ἀγαγών</em></strong></span> <span class='ocrx_word' id='word_1_48' title='bbox 1181 1092 1231 1172; x_wconf 83' lang='grc' dir='ltr'><strong><em>ελς</em></strong></span> <span class='ocrx_word' id='word_1_49' title='bbox 1255 1087 1345 1193; x_wconf 68' lang='grc' dir='ltr'><strong><em>τήν</em></strong></span> 
     </span>
    </p>
   </div>
   <div class='ocr_carea' id='block_1_4' title="bbox 91 1181 310 1286">
    <p class='ocr_par' dir='ltr' id='par_1_4' title="bbox 91 1181 310 1286">
     <span class='ocr_line' id='line_1_9' title="bbox 91 1181 310 1286; baseline 0.01 -26"><span class='ocrx_word' id='word_1_50' title='bbox 91 1181 310 1286; x_wconf 61' lang='grc' dir='ltr'><strong><em>ομριοε</em></strong></span> 
     </span>
    </p>
   </div>
   <div class='ocr_carea' id='block_1_5' title="bbox 126 1314 1173 2235">
    <p class='ocr_par' dir='ltr' id='par_1_5' title="bbox 131 1314 1173 2235">
     <span class='ocr_line' id='line_1_10' title="bbox 202 1314 1173 1421; baseline 0.005 -36.058"><span class='ocrx_word' id='word_1_51' title='bbox 202 1314 241 1385; x_wconf 93' lang='grc'>0</span> <span class='ocrx_word' id='word_1_52' title='bbox 263 1315 426 1400; x_wconf 78' lang='grc' dir='ltr'><strong><em>διάκονος,</em></strong></span> <span class='ocrx_word' id='word_1_53' title='bbox 448 1314 495 1421; x_wconf 80' lang='grc' dir='ltr'><strong><em>τίς</em></strong></span> <span class='ocrx_word' id='word_1_54' title='bbox 514 1316 551 1389; x_wconf 65' lang='lat' dir='ltr'><strong><em>ir</em></strong></span> <span class='ocrx_word' id='word_1_55' title='bbox 570 1324 612 1409; x_wconf 82' lang='grc' dir='ltr'><strong><em>τῇ</em></strong></span> <span class='ocrx_word' id='word_1_56' title='bbox 630 1324 691 1387; x_wconf 81' lang='grc' dir='ltr'><strong><em>τού</em></strong></span> <span class='ocrx_word' id='word_1_57' title='bbox 711 1316 953 1409; x_wconf 85' lang='grc' dir='ltr'><strong><em>Χρυσσστύμου</em></strong></span> <span class='ocrx_word' id='word_1_58' title='bbox 974 1319 1173 1416; x_wconf 73' lang='grc' dir='ltr'><strong><em>λειτουργίᾳ.</em></strong></span> 
     </span>
     <span class='ocr_line' id='line_1_11' title="bbox 126 1422 712 1551; baseline 0.003 -55.017"><span class='ocrx_word' id='word_1_59' title='bbox 126 1422 364 1518; x_wconf 75' lang='grc' dir='ltr'><strong><em>Ἀντιλαβοῦ,</em></strong></span> <span class='ocrx_word' id='word_1_60' title='bbox 391 1429 528 1513; x_wconf 83' lang='grc' dir='ltr'><strong><em>σῶσον,</em></strong></span> <span class='ocrx_word' id='word_1_61' title='bbox 554 1422 712 1551; x_wconf 75' lang='grc' dir='ltr'><strong><em>ἐλέηραν.</em></strong></span> 
     </span>
     <span class='ocr_line' id='line_1_12' title="bbox 141 1522 865 1629; baseline 0.006 -33"><span class='ocrx_word' id='word_1_62' title='bbox 141 1523 262 1618; x_wconf 72' lang='grc' dir='ltr'><strong><em>Τὴν“</em></strong></span> <span class='ocrx_word' id='word_1_63' title='bbox 241 1524 385 1621; x_wconf 83' lang='grc' dir='ltr'><strong><em>ημέραν</em></strong></span> <span class='ocrx_word' id='word_1_64' title='bbox 409 1532 537 1600; x_wconf 85' lang='grc' dir='ltr'><strong><em>πᾶσαν</em></strong></span> <span class='ocrx_word' id='word_1_65' title='bbox 561 1522 765 1613; x_wconf 86' lang='grc' dir='ltr'><strong><em>τελείαν,</em></strong></span> <span class='ocrx_word' id='word_1_66' title='bbox 742 1525 865 1629; x_wconf 88' lang='grc' dir='ltr'><strong><em>ιιγίαν.</em></strong></span> 
     </span>
     <span class='ocr_line' id='line_1_13' title="bbox 129 1623 817 1753; baseline 0.009 -55.027"><span class='ocrx_word' id='word_1_67' title='bbox 129 1626 305 1753; x_wconf 73' lang='grc' dir='ltr'><strong><em>’Ἄγγελον</em></strong></span> <span class='ocrx_word' id='word_1_68' title='bbox 327 1623 483 1723; x_wconf 88' lang='grc' dir='ltr'><strong><em>ελρήνης,</em></strong></span> <span class='ocrx_word' id='word_1_69' title='bbox 509 1626 641 1701; x_wconf 80' lang='grc' dir='ltr'><strong><em>πιστὸν</em></strong></span> <span class='ocrx_word' id='word_1_70' title='bbox 665 1624 817 1753; x_wconf 74' lang='grc' dir='ltr'><strong><em>ὃδηγύν.</em></strong></span> 
     </span>
     <span class='ocr_line' id='line_1_14' title="bbox 138 1724 979 1855; baseline 0.006 -56"><span class='ocrx_word' id='word_1_71' title='bbox 138 1724 416 1855; x_wconf 84' lang='grc' dir='ltr'><strong><em>Συγγνώμην,</em></strong></span> <span class='ocrx_word' id='word_1_72' title='bbox 420 1728 483 1802; x_wconf 82' lang='grc' dir='ltr'><strong><em>καὶ</em></strong></span> <span class='ocrx_word' id='word_1_73' title='bbox 508 1729 644 1827; x_wconf 83' lang='grc' dir='ltr'><strong><em>ἄφεσιν</em></strong></span> <span class='ocrx_word' id='word_1_74' title='bbox 669 1735 747 1802; x_wconf 83' lang='grc' dir='ltr'><strong><em>τῶν</em></strong></span> <span class='ocrx_word' id='word_1_75' title='bbox 773 1728 979 1824; x_wconf 81' lang='grc' dir='ltr'><strong><em>ἁμαρτιῶν.</em></strong></span> 
     </span>
     <span class='ocr_line' id='line_1_15' title="bbox 142 1827 966 1959; baseline 0.005 -59"><span class='ocrx_word' id='word_1_76' title='bbox 142 1827 196 1901; x_wconf 85' lang='grc' dir='ltr'><strong><em>Τὰ</em></strong></span> <span class='ocrx_word' id='word_1_77' title='bbox 221 1830 330 1919; x_wconf 81' lang='grc' dir='ltr'><strong><em>καλὰ,</em></strong></span> <span class='ocrx_word' id='word_1_78' title='bbox 355 1829 419 1903; x_wconf 80' lang='grc' dir='ltr'><strong><em>καὶ</em></strong></span> <span class='ocrx_word' id='word_1_79' title='bbox 444 1830 684 1959; x_wconf 75' lang='grc' dir='ltr'><strong><em>συμιγίροντιι</em></strong></span> <span class='ocrx_word' id='word_1_80' title='bbox 708 1858 790 1914; x_wconf 89' lang='grc' dir='ltr'><strong><em>ταις</em></strong></span> <span class='ocrx_word' id='word_1_81' title='bbox 818 1837 966 1926; x_wconf 78' lang='grc' dir='ltr'><em>ψυχαῖς.</em></span> 
     </span>
     <span class='ocr_line' id='line_1_16' title="bbox 141 1927 824 2028; baseline 0.003 -25"><span class='ocrx_word' id='word_1_82' title='bbox 141 1928 217 2003; x_wconf 86' lang='grc' dir='ltr'><strong><em>Τὸν</em></strong></span> <span class='ocrx_word' id='word_1_83' title='bbox 241 1927 444 2005; x_wconf 78' lang='grc' dir='ltr'><strong><em>ὑπόλοιπον</em></strong></span> <span class='ocrx_word' id='word_1_84' title='bbox 465 1929 606 2028; x_wconf 87' lang='grc' dir='ltr'><strong><em>χρόνον</em></strong></span> <span class='ocrx_word' id='word_1_85' title='bbox 630 1939 695 2026; x_wconf 78' lang='grc' dir='ltr'><strong><em>τῆς</em></strong></span> <span class='ocrx_word' id='word_1_86' title='bbox 721 1929 824 2028; x_wconf 83' lang='grc' dir='ltr'><strong><em>ζωῆς.</em></strong></span> 
     </span>
     <span class='ocr_line' id='line_1_17' title="bbox 136 2032 880 2131; baseline 0.004 -27"><span class='ocrx_word' id='word_1_87' title='bbox 136 2032 347 2126; x_wconf 74' lang='grc' dir='ltr'><strong><em>Χριστιανοὶ</em></strong></span> <span class='ocrx_word' id='word_1_88' title='bbox 373 2032 420 2105; x_wconf 84' lang='grc' dir='ltr'><strong><em>τὰ</em></strong></span> <span class='ocrx_word' id='word_1_89' title='bbox 445 2033 527 2129; x_wconf 77' lang='grc' dir='ltr'><strong><em>τέλη</em></strong></span> <span class='ocrx_word' id='word_1_90' title='bbox 552 2041 616 2129; x_wconf 80' lang='grc' dir='ltr'><strong><em>τῆς</em></strong></span> <span class='ocrx_word' id='word_1_91' title='bbox 641 2032 736 2131; x_wconf 80' lang='grc' dir='ltr'><strong><em>ζωῆς</em></strong></span> <span class='ocrx_word' id='word_1_92' title='bbox 759 2032 880 2130; x_wconf 81' lang='grc' dir='ltr'><strong><em>ἡμῶν.</em></strong></span> 
     </span>
     <span class='ocr_line' id='line_1_18' title="bbox 141 2131 651 2235; baseline 0.006 -29"><span class='ocrx_word' id='word_1_93' title='bbox 141 2139 214 2230; x_wconf 82' lang='grc' dir='ltr'><strong><em>Τῆς</em></strong></span> <span class='ocrx_word' id='word_1_94' title='bbox 238 2132 423 2235; x_wconf 84' lang='grc' dir='ltr'><strong><em>παναγίας</em></strong></span> <span class='ocrx_word' id='word_1_95' title='bbox 450 2131 651 2232; x_wconf 80' lang='grc' dir='ltr'><strong><em>ιἰχριίντου.</em></strong></span> 
     </span>
    </p>
   </div>
   <div class='ocr_carea' id='block_1_6' title="bbox 138 2262 1327 2500">
    <p class='ocr_par' dir='ltr' id='par_1_6' title="bbox 138 2262 1326 2473">
     <span class='ocr_line' id='line_1_19' title="bbox 514 2262 867 2357; baseline 0.006 -23"><span class='ocrx_word' id='word_1_96' title='bbox 514 2262 688 2357; x_wconf 78' lang='grc' dir='ltr'><strong><em>Ἔκφιύνως</em></strong></span> <span class='ocrx_word' id='word_1_97' title='bbox 708 2264 761 2335; x_wconf 88' lang='lat'><strong><em>6‘</em></strong></span> <span class='ocrx_word' id='word_1_98' title='bbox 750 2266 867 2355; x_wconf 74' lang='grc' dir='ltr'><strong><em>ιερεύς.</em></strong></span> 
     </span>
     <span class='ocr_line' id='line_1_20' title="bbox 138 2362 1327 2500; baseline 0.003 -59"><span class='ocrx_word' id='word_1_99' title='bbox 138 2367 213 2442; x_wconf 84' lang='grc' dir='ltr'><strong><em>Διὰ</em></strong></span> <span class='ocrx_word' id='word_1_100' title='bbox 245 2377 324 2444; x_wconf 81' lang='grc' dir='ltr'><strong><em>τῶν</em></strong></span> <span class='ocrx_word' id='word_1_101' title='bbox 359 2374 561 2466; x_wconf 78' lang='grc' dir='ltr'><strong><em>οἰκτιρμῶν</em></strong></span> <span class='ocrx_word' id='word_1_102' title='bbox 586 2379 654 2446; x_wconf 87' lang='grc' dir='ltr'><strong><em>τοῦ</em></strong></span> <span class='ocrx_word' id='word_1_103' title='bbox 650 2378 907 2500; x_wconf 73' lang='grc' dir='ltr'><strong><em>μονογενοῦς</em></strong></span> <span class='ocrx_word' id='word_1_104' title='bbox 933 2396 1001 2446; x_wconf 85' lang='grc' dir='ltr'><strong><em>σου</em></strong></span> <span class='ocrx_word' id='word_1_105' title='bbox 1027 2370 1126 2460; x_wconf 84' lang='grc' dir='ltr'><strong><em>υἱοῦ,</em></strong></span> <span class='ocrx_word' id='word_1_106' title='bbox 1160 2370 1249 2460; x_wconf 80' lang='grc' dir='ltr'><strong><em>μεθ’</em></strong></span> <span class='ocrx_word' id='word_1_107' title='bbox 1280 2362 1327 2445; x_wconf 84' lang='grc' dir='ltr'><strong><em>οὗ</em></strong></span> 
     </span>
    </p>
   </div>
   <div class='ocr_carea' id='block_1_7' title="bbox 91 2467 1327 2663">
    <p class='ocr_par' dir='ltr' id='par_1_7' title="bbox 91 2467 1327 2663">
     <span class='ocr_line' id='line_1_21' title="bbox 91 2467 1327 2601; baseline 0.002 -58.007"><span class='ocrx_word' id='word_1_108' title='bbox 91 2467 306 2599; x_wconf 81' lang='grc' dir='ltr'><strong><em>λογηιὸςῖ</em></strong></span> <span class='ocrx_word' id='word_1_109' title='bbox 275 2500 318 2559; x_wconf 84' lang='grc' dir='ltr'><strong><em>ε,</em></strong></span> <span class='ocrx_word' id='word_1_110' title='bbox 345 2470 417 2547; x_wconf 81' lang='grc' dir='ltr'><strong><em>σύν</em></strong></span> <span class='ocrx_word' id='word_1_111' title='bbox 442 2500 496 2569; x_wconf 85' lang='grc' dir='ltr'><strong><em>τῳ</em></strong></span> <span class='ocrx_word' id='word_1_112' title='bbox 511 2470 689 2601; x_wconf 85' lang='grc' dir='ltr'><strong><em>παναγίῳ</em></strong></span> <span class='ocrx_word' id='word_1_113' title='bbox 714 2471 778 2547; x_wconf 83' lang='grc' dir='ltr'><strong><em>καὶ</em></strong></span> <span class='ocrx_word' id='word_1_114' title='bbox 777 2472 945 2600; x_wconf 79' lang='grc' dir='ltr'><strong><em>ἀγαθῷ</em></strong></span> <span class='ocrx_word' id='word_1_115' title='bbox 970 2500 1034 2546; x_wconf 85' lang='grc' dir='ltr'><strong><em>και</em></strong></span> <span class='ocrx_word' id='word_1_116' title='bbox 1021 2468 1226 2569; x_wconf 82' lang='grc' dir='ltr'><strong><em>ζωοποιῶ</em></strong></span> <span class='ocrx_word' id='word_1_117' title='bbox 1256 2497 1327 2548; x_wconf 91' lang='grc' dir='ltr'><strong><em>σου</em></strong></span> 
     </span>
     <span class='ocr_line' id='line_1_22' title="bbox 91 2571 1267 2663; baseline 0.002 -15"><span class='ocrx_word' id='word_1_118' title='bbox 91 2571 252 2663; x_wconf 68' lang='grc' dir='ltr'><strong><em>νεύματι,</em></strong></span> <span class='ocrx_word' id='word_1_119' title='bbox 278 2581 351 2647; x_wconf 86' lang='grc' dir='ltr'><strong><em>νῦν</em></strong></span> <span class='ocrx_word' id='word_1_120' title='bbox 376 2602 438 2646; x_wconf 86' lang='grc' dir='ltr'><strong><em>και</em></strong></span> <span class='ocrx_word' id='word_1_121' title='bbox 465 2575 534 2663; x_wconf 81' lang='grc' dir='ltr'><strong><em>ἀεὶ,</em></strong></span> <span class='ocrx_word' id='word_1_122' title='bbox 560 2574 624 2649; x_wconf 86' lang='grc' dir='ltr'><strong><em>καὶ</em></strong></span> <span class='ocrx_word' id='word_1_123' title='bbox 649 2579 700 2658; x_wconf 77' lang='grc' dir='ltr'><strong><em>είς</em></strong></span> <span class='ocrx_word' id='word_1_124' title='bbox 724 2573 812 2659; x_wconf 85' lang='grc' dir='ltr'><strong><em>τοὺς</em></strong></span> <span class='ocrx_word' id='word_1_125' title='bbox 836 2579 977 2658; x_wconf 80' lang='grc' dir='ltr'><strong><em>ιιίῶνας</em></strong></span> <span class='ocrx_word' id='word_1_126' title='bbox 1001 2580 1080 2649; x_wconf 84' lang='grc' dir='ltr'><strong><em>τῶν</em></strong></span> <span class='ocrx_word' id='word_1_127' title='bbox 1105 2571 1267 2650; x_wconf 76' lang='grc' dir='ltr'><strong><em>αἰώνων.</em></strong></span> 
     </span>
    </p>
   </div>
   <div class='ocr_carea' id='block_1_8' title="bbox 136 2671 478 2777">
    <p class='ocr_par' dir='ltr' id='par_1_8' title="bbox 136 2671 478 2777">
     <span class='ocr_line' id='line_1_23' title="bbox 136 2671 478 2777; baseline 0.003 -6.031"><span class='ocrx_word' id='word_1_128' title='bbox 136 2684 309 2777; x_wconf 62' lang='lat'><strong><em>‘.020269</em></strong></span> <span class='ocrx_word' id='word_1_129' title='bbox 351 2671 478 2772; x_wconf 74' lang='grc' dir='ltr'><strong><em>Ἀμήν</em></strong></span> 
     </span>
    </p>
   </div>
   <div class='ocr_carea' id='block_1_9' title="bbox 91 2787 1328 3514">
    <p class='ocr_par' dir='ltr' id='par_1_9' title="bbox 91 2787 1328 3514">
     <span class='ocr_line' id='line_1_24' title="bbox 602 2787 780 2878; baseline -0.024 -14.711"><span class='ocrx_word' id='word_1_130' title='bbox 602 2787 780 2878; x_wconf 86' lang='grc' dir='ltr'><strong><em>Ὁίερεύς.</em></strong></span> 
     </span>
     <span class='ocr_line' id='line_1_25' title="bbox 136 2874 427 2973; baseline 0 -23"><span class='ocrx_word' id='word_1_131' title='bbox 136 2874 276 2973; x_wconf 69' lang='grc' dir='ltr'><strong><em>Εἰρήνη</em></strong></span> <span class='ocrx_word' id='word_1_132' title='bbox 302 2885 427 2952; x_wconf 85' lang='grc' dir='ltr'><strong><em>πᾶσιν.</em></strong></span> 
     </span>
     <span class='ocr_line' id='line_1_26' title="bbox 579 2972 806 3056; baseline 0.004 -13"><span class='ocrx_word' id='word_1_133' title='bbox 579 2973 617 3043; x_wconf 89' lang='lat' dir='ltr'><strong><em>‘O</em></strong></span> <span class='ocrx_word' id='word_1_134' title='bbox 640 2972 806 3056; x_wconf 76' lang='grc' dir='ltr'><strong><em>διάκονος.</em></strong></span> 
     </span>
     <span class='ocr_line' id='line_1_27' title="bbox 126 3074 1273 3184; baseline 0.002 -30"><span class='ocrx_word' id='word_1_135' title='bbox 126 3078 397 3180; x_wconf 78' lang='grc' dir='ltr'><strong><em>Ἀγατιήσωμεν</em></strong></span> <span class='ocrx_word' id='word_1_136' title='bbox 423 3074 612 3175; x_wconf 82' lang='grc' dir='ltr'><strong><em>ἀλλήλους,</em></strong></span> <span class='ocrx_word' id='word_1_137' title='bbox 636 3083 700 3154; x_wconf 77' lang='grc' dir='ltr'><strong><em>ἵνα</em></strong></span> <span class='ocrx_word' id='word_1_138' title='bbox 727 3084 769 3157; x_wconf 77' lang='grc' dir='ltr'><strong><em>ἐν</em></strong></span> <span class='ocrx_word' id='word_1_139' title='bbox 794 3078 951 3178; x_wconf 78' lang='grc' dir='ltr'><strong><em>ὁμονοίᾳ</em></strong></span> <span class='ocrx_word' id='word_1_140' title='bbox 977 3078 1273 3184; x_wconf 84' lang='grc' dir='ltr'><strong><em>ὁμολογήσαιμεν.</em></strong></span> 
     </span>
     <span class='ocr_line' id='line_1_28' title="bbox 605 3208 778 3301; baseline 0.019 -23.175"><span class='ocrx_word' id='word_1_141' title='bbox 605 3208 642 3278; x_wconf 91' lang='grc' dir='ltr'><strong><em>Ὁ</em></strong></span> <span class='ocrx_word' id='word_1_142' title='bbox 668 3210 778 3301; x_wconf 88' lang='grc' dir='ltr'><strong><em>χορύς.</em></strong></span> 
     </span>
     <span class='ocr_line' id='line_1_29' title="bbox 139 3311 1328 3416; baseline 0.003 -26"><span class='ocrx_word' id='word_1_143' title='bbox 139 3315 307 3410; x_wconf 76' lang='grc' dir='ltr'><strong><em>Πατέρα,</em></strong></span> <span class='ocrx_word' id='word_1_144' title='bbox 343 3315 427 3391; x_wconf 88' lang='grc' dir='ltr'><strong><em>υίὸν</em></strong></span> <span class='ocrx_word' id='word_1_145' title='bbox 458 3315 522 3390; x_wconf 83' lang='grc' dir='ltr'><strong><em>καὶ</em></strong></span> <span class='ocrx_word' id='word_1_146' title='bbox 547 3315 656 3416; x_wconf 82' lang='grc' dir='ltr'><strong><em>ἅγιον</em></strong></span> <span class='ocrx_word' id='word_1_147' title='bbox 681 3325 841 3412; x_wconf 87' lang='grc' dir='ltr'><strong><em>πνεῦμα,</em></strong></span> <span class='ocrx_word' id='word_1_148' title='bbox 877 3311 1057 3414; x_wconf 66' lang='grc' dir='ltr'><strong><em>τριιίιία“</em></strong></span> <span class='ocrx_word' id='word_1_149' title='bbox 1039 3315 1240 3413; x_wconf 87' lang='grc' dir='ltr'><strong><em>υμοούσιον</em></strong></span> <span class='ocrx_word' id='word_1_150' title='bbox 1264 3320 1328 3396; x_wconf 78' lang='grc' dir='ltr'><strong><em>καὶ</em></strong></span> 
     </span>
     <span class='ocr_line' id='line_1_30' title="bbox 91 3412 276 3514; baseline -0.006 -21"><span class='ocrx_word' id='word_1_151' title='bbox 91 3412 276 3514; x_wconf 73' lang='grc' dir='ltr'><strong><em>ςιύριστον.</em></strong></span> 
     </span>
    </p>
   </div>
   <div class='ocr_carea' id='block_1_10' title="bbox 103 3547 1327 3782">
    <p class='ocr_par' dir='ltr' id='par_1_10' title="bbox 139 3547 1327 3756">
     <span class='ocr_line' id='line_1_31' title="bbox 302 3547 1075 3682; baseline 0.001 -65.013"><span class='ocrx_word' id='word_1_152' title='bbox 302 3547 374 3617; x_wconf 88' lang='lat'><strong><em>‘0</em></strong></span> <span class='ocrx_word' id='word_1_153' title='bbox 363 3548 469 3637; x_wconf 84' lang='grc' dir='ltr'><strong><em>ιερεύς</em></strong></span> <span class='ocrx_word' id='word_1_154' title='bbox 489 3554 666 3636; x_wconf 85' lang='grc' dir='ltr'><strong><em>πρσςκυνεῖ</em></strong></span> <span class='ocrx_word' id='word_1_155' title='bbox 684 3549 757 3682; x_wconf 81' lang='grc' dir='ltr'><strong><em>τρίς</em></strong></span> <span class='ocrx_word' id='word_1_156' title='bbox 777 3548 881 3637; x_wconf 78' lang='grc' dir='ltr'><strong><em>λέγων</em></strong></span> <span class='ocrx_word' id='word_1_157' title='bbox 901 3556 1075 3635; x_wconf 81' lang='grc' dir='ltr'><strong><em>μυστικῶς.</em></strong></span> 
     </span>
     <span class='ocr_line' id='line_1_32' title="bbox 103 3650 1327 3782; baseline 0.002 -53.061"><span class='ocrx_word' id='word_1_158' title='bbox 103 3650 342 3782; x_wconf 79' lang='grc' dir='ltr'><strong><em>Αγαπήσω</em></strong></span> <span class='ocrx_word' id='word_1_159' title='bbox 355 3653 408 3743; x_wconf 91' lang='grc' dir='ltr'><strong><em>σε,</em></strong></span> <span class='ocrx_word' id='word_1_160' title='bbox 435 3651 607 3750; x_wconf 69' lang='grc' dir='ltr'><strong><em>Κύριε,“</em></strong></span> <span class='ocrx_word' id='word_1_161' title='bbox 586 3684 609 3751; x_wconf 91' lang='grc' dir='ltr'><strong><em>η</em></strong></span> <span class='ocrx_word' id='word_1_162' title='bbox 636 3652 741 3750; x_wconf 74' lang='grc' dir='ltr'><strong><em>ἰσχύς</em></strong></span> <span class='ocrx_word' id='word_1_163' title='bbox 765 3682 854 3750; x_wconf 86' lang='grc' dir='ltr'><strong><em>μου,</em></strong></span> <span class='ocrx_word' id='word_1_164' title='bbox 885 3651 999 3749; x_wconf 83' lang='grc' dir='ltr'><strong><em>Κύριε</em></strong></span> <span class='ocrx_word' id='word_1_165' title='bbox 1025 3653 1213 3753; x_wconf 88' lang='grc' dir='ltr'><strong><em>στερεωμιί</em></strong></span> <span class='ocrx_word' id='word_1_166' title='bbox 1238 3684 1327 3752; x_wconf 66' lang='grc' dir='ltr'><strong><em>μου»</em></strong></span> 
     </span>
    </p>
   </div>
   <div class='ocr_carea' id='block_1_11' title="bbox 91 3752 1332 3963">
    <p class='ocr_par' dir='ltr' id='par_1_11' title="bbox 91 3752 1332 3963">
     <span class='ocr_line' id='line_1_33' title="bbox 91 3752 599 3858; baseline 0.014 -29"><span class='ocrx_word' id='word_1_167' title='bbox 91 3753 118 3829; x_wconf 77' lang='grc' dir='ltr'><strong><em>ιὶ</em></strong></span> <span class='ocrx_word' id='word_1_168' title='bbox 142 3752 342 3857; x_wconf 83' lang='grc' dir='ltr'><strong><em>καταφυγή</em></strong></span> <span class='ocrx_word' id='word_1_169' title='bbox 368 3784 454 3849; x_wconf 87' lang='grc' dir='ltr'><strong><em>μου.</em></strong></span> <span class='ocrx_word' id='word_1_170' title='bbox 508 3765 599 3858; x_wconf 86' lang='grc' dir='ltr'><strong><em>Τρίς.</em></strong></span> 
     </span>
     <span class='ocr_line' id='line_1_34' title="bbox 140 3866 1332 3963; baseline 0.006 -26"><span class='ocrx_word' id='word_1_171' title='bbox 140 3869 257 3939; x_wconf 72' lang='grc' dir='ltr'><strong><em>Καὶ“</em></strong></span> <span class='ocrx_word' id='word_1_172' title='bbox 239 3898 258 3940; x_wconf 94' lang='grc' dir='ltr'><strong><em>ο</em></strong></span> <span class='ocrx_word' id='word_1_173' title='bbox 281 3869 435 3953; x_wconf 81' lang='grc' dir='ltr'><strong><em>διάκονος</em></strong></span> <span class='ocrx_word' id='word_1_174' title='bbox 455 3868 721 3959; x_wconf 78' lang='grc' dir='ltr'><strong><em>περιπτύσσεται</em></strong></span> <span class='ocrx_word' id='word_1_175' title='bbox 740 3870 779 3938; x_wconf 84' lang='grc' dir='ltr'><strong><em>τὸ</em></strong></span> <span class='ocrx_word' id='word_1_176' title='bbox 802 3867 946 3960; x_wconf 78' lang='grc' dir='ltr'><strong><em>ὦρύριοι</em></strong></span> <span class='ocrx_word' id='word_1_177' title='bbox 968 3866 1079 3954; x_wconf 77' lang='grc' dir='ltr'><strong><em>αὐτοῦ,</em></strong></span> <span class='ocrx_word' id='word_1_178' title='bbox 1111 3872 1167 3941; x_wconf 81' lang='grc' dir='ltr'><strong><em>καί</em></strong></span> <span class='ocrx_word' id='word_1_179' title='bbox 1187 3898 1332 3963; x_wconf 79' lang='grc' dir='ltr'><strong><em>προςνυ-</em></strong></span> 
     </span>
    </p>
   </div>
   <div class='ocr_carea' id='block_1_12' title="bbox 91 3969 1330 4601">
    <p class='ocr_par' dir='ltr' id='par_1_12' title="bbox 92 3969 718 4064">
     <span class='ocr_line' id='line_1_35' title="bbox 92 3969 718 4064; baseline 0 -24"><span class='ocrx_word' id='word_1_180' title='bbox 92 3999 105 4040; x_wconf 91' lang='grc' dir='ltr'><strong><em>ι</em></strong></span> <span class='ocrx_word' id='word_1_181' title='bbox 124 3972 208 4059; x_wconf 76' lang='grc' dir='ltr'><strong><em>ιρις,</em></strong></span> <span class='ocrx_word' id='word_1_182' title='bbox 229 3997 288 4042; x_wconf 89' lang='grc' dir='ltr'><strong><em>και</em></strong></span> <span class='ocrx_word' id='word_1_183' title='bbox 278 3971 532 4042; x_wconf 76' lang='grc' dir='ltr'><strong><em>λπισυνιίπτει</em></strong></span> <span class='ocrx_word' id='word_1_184' title='bbox 552 3969 718 4064; x_wconf 79' lang='grc' dir='ltr'><strong><em>λιιφιύνως.</em></strong></span> 
     </span>
    </p>

    <p class='ocr_par' dir='ltr' id='par_1_13' title="bbox 143 4072 1126 4176">
     <span class='ocr_line' id='line_1_36' title="bbox 143 4072 1126 4176; baseline 0.003 -26"><span class='ocrx_word' id='word_1_185' title='bbox 143 4075 219 4160; x_wconf 80' lang='grc' dir='ltr'><strong><em>Τὰς</em></strong></span> <span class='ocrx_word' id='word_1_186' title='bbox 243 4074 380 4174; x_wconf 85' lang='grc' dir='ltr'><strong><em>θύρας,</em></strong></span> <span class='ocrx_word' id='word_1_187' title='bbox 405 4076 473 4160; x_wconf 84' lang='grc' dir='ltr'><strong><em>τὰς</em></strong></span> <span class='ocrx_word' id='word_1_188' title='bbox 497 4072 633 4174; x_wconf 80' lang='grc' dir='ltr'><strong><em>θύρας.</em></strong></span> <span class='ocrx_word' id='word_1_189' title='bbox 662 4077 726 4152; x_wconf 82' lang='grc' dir='ltr'><strong><em>Ἕν</em></strong></span> <span class='ocrx_word' id='word_1_190' title='bbox 753 4076 867 4176; x_wconf 78' lang='grc' dir='ltr'><strong><em>σοφίᾳ</em></strong></span> <span class='ocrx_word' id='word_1_191' title='bbox 893 4074 1126 4174; x_wconf 83' lang='grc' dir='ltr'><strong><em>πρόσχωμεν.</em></strong></span> 
     </span>
    </p>

    <p class='ocr_par' dir='ltr' id='par_1_14' title="bbox 91 4189 1329 4385">
     <span class='ocr_line' id='line_1_37' title="bbox 137 4189 1329 4284; baseline 0.003 -24"><span class='ocrx_word' id='word_1_192' title='bbox 137 4189 177 4260; x_wconf 89' lang='lat'><strong><em>‘0</em></strong></span> <span class='ocrx_word' id='word_1_193' title='bbox 207 4192 306 4281; x_wconf 81' lang='grc' dir='ltr'><strong><em>χορὸς</em></strong></span> <span class='ocrx_word' id='word_1_194' title='bbox 331 4192 369 4261; x_wconf 87' lang='grc' dir='ltr'><strong><em>τὸ</em></strong></span> <span class='ocrx_word' id='word_1_195' title='bbox 398 4190 571 4276; x_wconf 82' lang='grc' dir='ltr'><strong><em>Πιστεύω,</em></strong></span> <span class='ocrx_word' id='word_1_196' title='bbox 598 4192 655 4261; x_wconf 82' lang='grc' dir='ltr'><strong><em>καὶ</em></strong></span> <span class='ocrx_word' id='word_1_197' title='bbox 680 4193 766 4278; x_wconf 81' lang='grc' dir='ltr'><strong><em>μετὰ</em></strong></span> <span class='ocrx_word' id='word_1_198' title='bbox 796 4193 856 4282; x_wconf 86' lang='grc' dir='ltr'><strong><em>τήν</em></strong></span> <span class='ocrx_word' id='word_1_199' title='bbox 882 4190 1120 4284; x_wconf 77' lang='grc' dir='ltr'><strong><em>συμπλήρωσιν</em></strong></span> <span class='ocrx_word' id='word_1_200' title='bbox 1145 4201 1205 4262; x_wconf 84' lang='grc' dir='ltr'><strong><em>τοῦ</em></strong></span> <span class='ocrx_word' id='word_1_201' title='bbox 1233 4191 1329 4282; x_wconf 80' lang='grc' dir='ltr'><strong><em>ἁγίου</em></strong></span> 
     </span>
     <span class='ocr_line' id='line_1_38' title="bbox 91 4290 751 4385; baseline 0.003 -26"><span class='ocrx_word' id='word_1_202' title='bbox 91 4290 235 4378; x_wconf 76' lang='grc' dir='ltr'><strong><em>ιμβύλου,</em></strong></span> <span class='ocrx_word' id='word_1_203' title='bbox 257 4296 347 4382; x_wconf 80' lang='grc' dir='ltr'><strong><em>λέγει</em></strong></span> <span class='ocrx_word' id='word_1_204' title='bbox 367 4291 386 4364; x_wconf 88' lang='lat'>6</span> <span class='ocrx_word' id='word_1_205' title='bbox 409 4293 564 4376; x_wconf 80' lang='grc' dir='ltr'><strong><em>διάκονος</em></strong></span> <span class='ocrx_word' id='word_1_206' title='bbox 585 4291 751 4385; x_wconf 79' lang='grc' dir='ltr'><strong><em>ἕκφιύνως.</em></strong></span> 
     </span>
    </p>

    <p class='ocr_par' dir='ltr' id='par_1_15' title="bbox 91 4396 1330 4601">
     <span class='ocr_line' id='line_1_39' title="bbox 142 4396 1330 4501; baseline 0.008 -32"><span class='ocrx_word' id='word_1_207' title='bbox 142 4405 305 4492; x_wconf 85' lang='grc' dir='ltr'><strong><em>Στῶμεν</em></strong></span> <span class='ocrx_word' id='word_1_208' title='bbox 337 4407 477 4488; x_wconf 83' lang='grc' dir='ltr'><strong><em>καλοις,</em></strong></span> <span class='ocrx_word' id='word_1_209' title='bbox 519 4406 666 4495; x_wconf 83' lang='grc' dir='ltr'><strong><em>στῶμεν</em></strong></span> <span class='ocrx_word' id='word_1_210' title='bbox 697 4397 792 4494; x_wconf 76' lang='grc' dir='ltr'><strong><em>μετὰ</em></strong></span> <span class='ocrx_word' id='word_1_211' title='bbox 826 4396 970 4499; x_wconf 79' lang='grc' dir='ltr'><strong><em>φόβου,</em></strong></span> <span class='ocrx_word' id='word_1_212' title='bbox 1009 4397 1300 4501; x_wconf 81' lang='grc' dir='ltr'><strong><em>πρόσχωσιν</em></strong></span> <span class='ocrx_word' id='word_1_213' title='bbox 1261 4429 1330 4499; x_wconf 88' lang='grc' dir='ltr'><strong><em>την</em></strong></span> 
     </span>
     <span class='ocr_line' id='line_1_40' title="bbox 91 4496 868 4601; baseline -0.003 -22"><span class='ocrx_word' id='word_1_214' title='bbox 91 4496 174 4591; x_wconf 65' lang='grc' dir='ltr'><strong><em>μίαν</em></strong></span> <span class='ocrx_word' id='word_1_215' title='bbox 200 4500 442 4601; x_wconf 68' lang='grc' dir='ltr'><strong><em>ἀναφορὰν</em></strong></span> <span class='ocrx_word' id='word_1_216' title='bbox 426 4528 467 4591; x_wconf 80' lang='grc' dir='ltr'><strong><em>ιν</em></strong></span> <span class='ocrx_word' id='word_1_217' title='bbox 462 4497 622 4601; x_wconf 71' lang='grc' dir='ltr'><strong><em>εἰρήνη</em></strong></span> <span class='ocrx_word' id='word_1_218' title='bbox 642 4500 868 4601; x_wconf 80' lang='grc' dir='ltr'><strong><em>προςφίρειι.</em></strong></span> 
     </span>
    </p>
   </div>
   <div class='ocr_carea' id='block_1_13' title="bbox 0 0 1529 4912">
    <p class='ocr_par' dir='ltr' id='par_1_16' title="bbox 0 0 1529 4912">
     <span class='ocr_line' id='line_1_41' title="bbox 0 0 1529 4912; baseline 0 0"><span class='ocrx_word' id='word_1_219' title='bbox 0 0 1529 4912; x_wconf 95' lang='lat' dir='ltr'><strong><em> </em></strong></span> 
     </span>
    </p>
   </div>
  </div>
 </body>
</html>
