3044 4912
598 1030 1008 1225 utrorv
1022 1242 1025 1249 ,

122 1336 183 1405 ltlt
214 1332 523 1402 steatitudro
557 1334 667 1400 utut
693 1334 747 1400 AG
779 1334 836 1401 ue
868 1334 986 1400 cunt
1017 1316 1335 1401 lttrlattol'tttl.
1335 1314 1389 1403 fl

430 1434 722 1501 montuosum
748 1428 796 1501 itt
816 1434 1093 1503 uuiversum.
1307 1432 1310 1443 '
1376 1446 1381 1451 '

128 1730 132 1739 ·
210 1692 240 1755 l·
275 1666 423 1763 Ecclesia
443 1697 625 1774 Christiana,
653 1674 839 1791 moclissimi
861 1688 979 1782 iorpor'i
1010 1714 1046 1761 ec
1066 1696 1278 1780 redemptoris
1297 1714 1390 1783 m

122 1798 201 1877 nice,
227 1807 276 1863 est
301 1808 332 1863 et
358 1799 418 1863 erit
442 1818 512 1864 cum
538 1799 719 1867 miserorum
741 1800 875 1865 omnium
897 1807 961 1865 turn
982 1796 1172 1863 intirmorum
1193 1800 1297 1865 mater·
1314 1808 1391 1881 etp

34 1924 37 1929 ·
122 1909 261 1983 pomona.
302 1900 406 1983 Neque
428 1901 592 1981 exceptori
612 1912 715 1985 potest
734 1900 917 1967 christianes
938 1899 1094 1965 cuiusdam
1109 1900 1273 1965 societatis
1286 1900 1390 1975 riuelt.

85 2080 88 2087 Ι
123 2002 204 2084 qnod
219 2019 280 2067 oon
295 2002 469 2068 consuleret
482 2004 626 2082 aegrotis,
643 2022 756 2086 angore
770 2013 803 2067 et
815 2002 983 2067 tentatione
997 2019 1033 2066 ac
1043 2020 1136 2083 saepe
1151 2000 1391 2067 solitudinem·

124 2103 223 2169 lectis.
251 2102 340 2180 Quod
352 2103 388 2167 ed
402 2104 546 2177 Graecos,
567 2102 778 2185 distinguenda
789 2114 839 2170 est
849 2104 956 2187 populi
968 2112 998 2168 et
1011 2102 1234 2185 simpliciorum
1247 2102 1392 2169 homini
1432 2134 1435 2199 g

122 2214 208 2271 retus
237 2204 424 2269 consuetudo
451 2214 483 2270 et
508 2205 657 2289 pristinos
684 2225 761 2281 mos,
788 2207 903 2288 inquo
926 2204 1054 2269 ecclesia
1076 2205 1221 2269 connivet
1242 2204 1391 2277 interdu.

123 2304 162 2371 ab
188 2306 299 2371 ritibus
325 2306 542 2372 ecciesiasticis
570 2308 695 2371 arctiori
716 2326 819 2377 sensu
862 2306 1007 2383 Sanitotis
1029 2306 1159 2371 tuendae
1180 2306 1266 2371 enim
1286 2306 1333 2373 rel
1350 2324 1391 2371 rs·

122 2407 277 2490 parandae
304 2426 374 2472 cum
402 2408 620 2473 studiosissimi
641 2411 703 2473 sint
722 2409 840 2485 Gracci,
867 2408 982 2471 nullum
1003 2424 1098 2489 mnus
1118 2407 1277 2473 unctionis
1298 2424 1391 2471 uerte

124 2508 172 2572 rel
192 2509 389 2591 reliquiorum
410 2528 547 2573 rerumve
570 2511 704 2585 alierum,
726 2511 817 2573 modo
840 2518 960 2572 sanctae
983 2509 1053 2581 sint,
1076 2515 1250 2571 contactum
1272 2528 1327 2572 seu
1346 2526 1391 2588 tp

125 2611 327 2690 positionem,
356 2630 410 2672 seu
439 2612 544 2674 efficax
573 2605 725 2693 ἐπίθεμα
753 2613 904 2674 omittunt.
948 2611 1025 2672 llinc
1053 2628 1205 2672 ramorum
1235 2611 1391 2690 florumque

126 2712 162 2772 ab
186 2710 367 2789 imaginibus
397 2712 493 2773 sacris
515 2713 553 2773 ad
577 2711 712 2773 morbida
736 2711 801 2774 loca
825 2721 961 2781 attactus.
991 2731 1078 2791 quem
1102 2703 1197 2793 ἅγιον
1220 2704 1335 2775 ἔλαιον
1353 2709 1391 2772 rel

126 2805 221 2893 ἅγιον
243 2804 336 2886 ἔλεος
364 2813 477 2874 dicunt.
521 2812 599 2875 Hinc
622 2813 684 2874 oris
707 2813 812 2893 aperti,
842 2814 1052 2875 communione
1076 2821 1199 2893 accepta
1226 2813 1256 2874 in
1279 2813 1391 2875 verbum

125 2913 273 2974 exhalatio
296 2905 457 2991 (ἆθνίζειν
480 2934 505 2977 S.
529 2907 704 2996 ἆτμίζειν);
731 2915 803 2976 hinc
825 2934 919 2995 aquae
942 2915 972 2976 in
996 2915 1119 2976 calicem
1142 2932 1263 2975 sacrum
1287 2914 1391 2976 immis-

124 3035 176 3077 sae
199 3015 254 3077 sub
277 3015 397 3076 nomine
421 3007 515 3098 ἁγίου
538 3010 797 3098 ἕπιμυροίματος
819 3018 961 3097 epotatio.
1008 3018 1082 3077 ilinc
1106 3017 1296 3077 consuetudo
1320 3016 1391 3076 dele-

124 3117 210 3177 rendi
235 3125 372 3194 aegrotos
396 3117 426 3177 in
450 3117 618 3190 ecclesiam,
643 3118 692 3179 ubi
716 3137 929 3198 nonnunquam
953 3119 1067 3179 diorum
1091 3117 1188 3196 spatio
1207 3117 1238 3176 in
1256 3118 1392 3178 Cateclru·

124 3220 258 3277 menaeis
288 3218 395 3291 iacent,
425 3220 516 3278 immo
544 3228 730 3298 pernoctant.
773 3219 897 3281 Accedit
919 3220 955 3281 ad
978 3221 1034 3279 hos
1058 3219 1220 3298 populares
1245 3230 1275 3279 et
1298 3219 1392 3280 uiriles

124 3335 197 3378 usus
226 3317 371 3379 ecclesiae
400 3319 592 3380 caerimonia.
636 3319 789 3397 Leguntur
816 3321 846 3381 in
870 3320 1055 3398 euchologiis
1083 3320 1221 3379 diversae
1249 3322 1394 3381 orationes

125 3418 271 3480 dicendae
299 3438 390 3499 super
418 3421 582 3483 infirmum:
614 3430 709 3481 exstat
737 3413 925 3485 ἀκολουθία
947 3415 996 3495 εἷς
1017 3413 1227 3505 παράκλησιν
1249 3412 1396 3484 ἀσθενῶν

122 3508 368 3601 χοιμαζομένωο
389 3513 457 3586 ὑπὸ
479 3513 676 3601 πνευμάτων
698 3513 898 3605 ἀκαθάρτων
919 3518 976 3585 καί
997 3515 1259 3607 ἐπηρεαζόντων.
1295 3523 1395 3583 Preces

125 3622 253 3683 effundit
267 3623 416 3684 Sacerdos
439 3641 555 3684 summo
571 3624 642 3696 ileo,
665 3632 698 3684 ut
720 3625 770 3702 qui
787 3624 931 3685 Ezechiae
955 3624 1105 3703 qnondam
1128 3632 1195 3685 vota
1217 3621 1419 3703 adimplevit„

124 3723 175 3801 qui
197 3723 281 3785 Pauli
304 3732 334 3785 et
356 3724 435 3786 Silae
457 3743 564 3804 preces
591 3725 717 3804 excepit,
747 3744 807 3785 non
830 3735 942 3786 avertat
965 3724 1071 3784 sociem
1096 3744 1111 3784 a
1137 3722 1251 3784 samolo
1275 3744 1332 3786 suo
1354 3725 1394 3785 in·
1416 3720 1419 3730 '

121 3825 209 3885 firmo
232 3834 261 3886 et
282 3825 391 3886 liberet
413 3844 480 3885 euru
504 3825 541 3886 ab
565 3827 647 3887 omni
669 3824 853 3888 infirmitate.
876 3826 979 3888 Poscit
1001 3825 1141 3903 suffragia
1160 3824 1322 3906 lleiparae,
1344 3830 1395 3886 lo·

122 3924 272 4000 getarum,
308 3927 486 3987 Sanctorum
521 3927 670 3989 omnium:
706 3926 791 4005 ungit
819 3927 949 4007 denique
978 3937 1131 4006 aegrotum
1160 3926 1240 3987 oleo.
1287 3928 1395 3988 Norunt

122 4026 202 4087 enim
226 4027 332 4089 Graeci
360 4036 479 4108 praeter
507 4028 678 4089 unctionem
708 4029 953 4091 sacramentalem
981 4029 1067 4102 alias,
1091 4045 1167 4106 quae
1190 4027 1293 4089 crucis
1316 4029 1394 4106 signo

120 4127 319 4206 perficiuntur
341 4129 451 4191 iunctis
473 4147 529 4209 pro
553 4130 680 4192 sanitate
702 4130 865 4192 obtinenda
889 4130 1040 4209 precibus.

207 4233 237 4293 2.
267 4233 304 4292 At
334 4231 510 4311 principalis
541 4240 572 4292 et
598 4230 732 4311 perlecta
755 4232 903 4294 medicina
927 4232 1085 4293 adhibetur
1107 4230 1241 4308 aegrotis
1264 4231 1392 4292 Sacra·

120 4340 284 4392 mentum
308 4331 391 4393 Olei
422 4326 529 4414 (ἅγιον
552 4324 674 4409 ἔλαιον,
698 4324 878 4412 εὖχολαῖον)
907 4334 1024 4410 magnis
1053 4332 1192 4394 laudibus
1217 4331 1391 4393 celebratum

122 4446 139 4490 a
162 4429 318 4495 Simeone:
343 4425 438 4516 ἅγιον
459 4427 573 4498 ἔλαιον
593 4427 823 4519 παραδίδοται
845 4429 902 4498 καί
922 4437 1020 4498 τοῦτο
1044 4426 1089 4509 ὡς
1111 4425 1186 4518 ἱερὰ
1206 4428 1321 4517 celeri}
1343 4423 1391 4494 καί
