3044 4912
799 224 870 299 188

269 411 363 485 Haec
388 411 490 482 cerba
510 409 677 483 Sacerdos
703 409 805 482 semet
831 419 930 506 atque
957 410 1080 482 iterum
1106 409 1239 505 repetit,
1267 419 1299 481 et
1328 409 1373 480 ad
1399 409 1475 481 siu-

194 514 275 611 9ttta
299 511 481 585 intervalla
506 512 616 606 iuupt't
640 535 759 584 manas
786 536 866 583 suas
892 534 995 607 super
1017 522 1137 606 pectus
1163 534 1263 583 suutu
1280 511 1316 582 in
1332 514 1475 608 [emmiu

196 616 318 689 crucis.
374 613 559 686 Osculatur
593 612 703 684 altare
736 613 774 684 iu
797 614 925 685 medio:
963 613 1149 708 accipitque
1176 613 1336 687 ambabus
1361 614 1473 685 tuaui-

197 719 257 791 bus
285 716 429 788 oblatam
454 714 672 811 superiorem,
700 724 733 785 et
759 739 894 786 sursunt
921 714 1087 811 aspicieus
1114 713 1206 786 dicit.

272 835 360 906 Laus
397 833 524 905 nomini
558 845 615 905 tuo
650 841 765 904 sancto
800 832 941 904 Domine
976 831 1052 904 lesu
1079 832 1223 922 Christe,
1259 844 1294 904 et
1326 831 1472 904 adoratio

196 935 358 1008 maiestati
395 945 470 1006 tuae
503 958 637 1030 semper
663 946 697 1006 et
722 936 756 1006 in
784 935 924 1007 saecula.
967 935 1084 1007 Amen.
1137 933 1237 1005 Patris
1265 936 1356 1006 enim
1383 935 1472 1005 virus

197 1050 248 1111 est
281 1048 315 1108 et
347 1037 514 1110 vivificans
547 1037 604 1133 qui
639 1035 814 1108 descendit
848 1037 888 1107 de
923 1035 1035 1127 coelis,
1073 1046 1107 1106 et
1140 1035 1197 1108 dat
1220 1034 1323 1108 vitam
1349 1035 1472 1107 mundo

195 1140 362 1231 uttiterso,
389 1162 489 1236 quem
515 1139 571 1236 qui
600 1137 704 1210 edunt
729 1162 796 1209 non
824 1137 1029 1210 moriuntur:
1058 1148 1092 1209 et
1117 1139 1174 1234 qui
1199 1138 1290 1210 illum
1307 1138 1475 1235 recipiunt

194 1262 254 1338 per
287 1242 380 1313 illum
415 1243 593 1331 salventur,
627 1262 691 1313 uec
725 1242 972 1336 corruptionem
1006 1239 1166 1331 sentiunt,
1202 1249 1235 1310 et
1268 1241 1383 1312 vivunt
1415 1262 1474 1335 per

195 1344 286 1414 illum
322 1344 357 1413 in
392 1354 581 1413 aeternum:
621 1352 722 1439 tuque
756 1365 792 1413 es
827 1342 996 1413 antidotus
1029 1340 1414 1433 mortalitatisncstrac,
1442 1350 1474 1411 et

147 1446 150 1451 ’
194 1443 396 1517 resurrectio
424 1443 525 1514 totius
552 1442 702 1536 figmenti
730 1443 847 1514 nostri.

272 1562 312 1633 Itt
338 1560 406 1633 alia
434 1561 546 1632 codice
572 1559 674 1632 aliter
699 1562 781 1632 ltaec
807 1560 975 1655 lepuutur.
1030 1558 1141 1631 Gloria
1170 1560 1230 1631 tibi
1259 1560 1349 1632 [leus
1376 1559 1473 1631 Potor

196 1664 253 1760 qui
281 1662 401 1734 misisti
419 1661 541 1734 Filium
567 1675 661 1735 tuum
688 1663 898 1758 unigenitum
926 1662 965 1735 ad
994 1662 1133 1734 salutent
1160 1673 1321 1754 nostram,
1350 1663 1472 1759 etipse

194 1764 387 1861 priusquam
414 1774 582 1860 pateretur
608 1777 670 1837 etc.
1422 1773 1425 1778 ’

269 1949 336 2021 XV.
374 1950 414 2021 lu
443 1950 563 2022 Codice
590 1949 688 2021 litiae
714 1974 809 2047 quem
835 1950 943 2022 secuti
969 1975 1094 2035 sumtts,
1123 1950 1275 2047 defectus
1302 1960 1365 2034 cst,
1401 1973 1474 2020 catu

194 2061 264 2123 tata
290 2052 467 2123 uerborum
494 2050 623 2124 Christi
639 2051 794 2124 recitatio
808 2053 1105 2151 praetermittatur
1124 2051 1345 2147 descriptoris
1362 2050 1472 2148 culpe,

194 2162 253 2225 eut
280 2154 368 2250 quod
393 2152 474 2226 ltaec
501 2153 648 2240 aliunde,
682 2178 797 2250 nempe
824 2179 866 2226 cc
897 2152 1061 2226 Tlteodari
1087 2164 1145 2225 aut
1172 2152 1325 2225 Nestorii
1350 2151 1473 2224 bitur-

192 2256 249 2348 pia
270 2256 344 2350 peti
370 2256 537 2328 deberent.
590 2255 632 2328 lu
658 2279 695 2328 eo
721 2280 818 2352 quem
844 2255 980 2352 scripsit
1006 2255 1130 2327 Rornae
1161 2254 1269 2327 1697.
1311 2254 1474 2352 Iosephus

192 2356 406 2442 Patriarclta
435 2367 524 2429 totus
549 2356 609 2428 ille
637 2356 730 2429 locus
756 2361 962 2454 reformatus
993 2368 1043 2429 est
1070 2357 1115 2428 ad
1140 2356 1280 2429 Missule
1308 2355 1475 2429 Chaldai-

195 2482 269 2528 cuut
294 2457 416 2529 Romae
445 2459 580 2543 editum,
607 2469 645 2528 ut
672 2459 708 2528 in
734 2457 840 2530 Missa
867 2461 964 2530 cuius
989 2459 1175 2531 versionem
1201 2459 1306 2530 edidit
1332 2459 1476 2530 Aleaiue

193 2557 373 2630 Menestas.
415 2557 495 2628 Cuut
522 2558 584 2629 alii
609 2558 739 2630 codices
765 2585 831 2630 nan
858 2572 1082 2656 suppeterent,
1111 2561 1171 2633 ltcc
1198 2560 1269 2633 loco
1290 2562 1473 2632 asteriscos

195 2660 346 2754 defectus
374 2659 501 2730 iudices
528 2684 693 2755 apponere
721 2661 828 2732 visunt
855 2673 914 2733 est.
943 2665 1088 2704 ******

270 2826 351 2898 ΧΠ.
377 2826 465 2899 Laus
492 2829 618 2901 nomini
646 2842 702 2902 tuo
730 2841 844 2902 sancto
872 2830 1031 2902 Dotttittc:
1061 2841 1096 2902 ut
1124 2856 1238 2927 supra.

279 3133 336 3196 Cap.
355 3133 410 3182 ttt.
446 3132 659 3183 Renaldotius
678 3134 694 3183 l.
705 3151 725 3183 c.
743 3151 767 3199 p.
782 3134 846 3184 aot:
871 3136 965 3185 Fraetio
991 3135 1088 3185 Hostiae
1113 3136 1244 3184 secundum
1271 3137 1473 3186 consuetudinem

193 3215 355 3264 Ecclesiarum
380 3216 480 3264 dirersis
505 3217 583 3266 modis
607 3219 669 3268 tacta
694 3228 731 3268 est
749 3221 811 3283 aputl
831 3221 981 3270 Ortotttales:
1006 3230 1031 3270 ut
1049 3223 1120 3270 etiam
1139 3221 1201 3283 apud
1221 3221 1407 3270 Occidentales:
1431 3220 1474 3269 sed

193 3301 314 3363 utrimque
332 3314 380 3349 nott
400 3315 428 3348 eo
448 3301 526 3350 salum
546 3303 593 3351 tlne
611 3312 636 3351 ut
655 3305 723 3367 panis
742 3305 765 3353 in
784 3306 972 3367 carpusClrtisti
992 3314 1147 3355 consecratus
1165 3307 1328 3366 instigentur,
1346 3321 1396 3369 quo
1415 3320 1474 3368 pos-

193 3392 231 3432 set
250 3385 482 3433 communicantibus
501 3386 621 3446 distribui,
640 3397 665 3437 ut
683 3390 761 3438 adlttte
780 3391 805 3438 nt
824 3392 887 3454 apud
901 3392 1079 3452 Protestantes3
1098 3391 1140 3439 sed
1159 3398 1184 3439 ut
1204 3392 1255 3453 ipsa
1273 3392 1360 3439 tractio
1381 3391 1472 3440 laccta-

193 3469 292 3528 tionem,
311 3477 335 3517 et
353 3469 450 3518 vulnera
469 3485 530 3533 quae
549 3471 659 3521 Christus
677 3472 790 3523 sustinuit
809 3476 832 3523 in
851 3491 963 3538 corporo,
991 3478 1112 3538 passionis
1130 3483 1249 3538 tempore,
1267 3482 1472 3537 repraesentaret,

194 3561 218 3601 et
236 3568 298 3616 quoe
316 3554 464 3614 significatur
482 3555 520 3603 bis
538 3557 616 3605 tarbis
635 3572 696 3620 quae
714 3559 833 3608 Sacerdos
852 3562 990 3624 pronuntiet
1009 3575 1036 3607 ct
1055 3561 1273 3623 petsottaCltristi:
1292 3558 1345 3608 lloc
1363 3569 1401 3607 est
1419 3574 1472 3606 eor·

194 3652 240 3701 pus
260 3652 348 3697 mcum,
366 3641 430 3702 quod
450 3655 494 3703 pro
513 3642 580 3690 tobis
599 3643 724 3703 frangitur,
741 3646 773 3692 ita
791 3646 855 3692 enim
873 3644 986 3705 leguntur
1005 3646 1027 3693 in
1047 3647 1159 3706 liturgiis
1178 3646 1299 3694 Tbeadoti
1318 3645 1473 3702 etlicstorii;

193 3730 217 3770 et
241 3724 264 3770 in
290 3723 334 3771 bac
359 3724 435 3785 prima
456 3724 542 3773 lectum
562 3741 658 3790 quoque
676 3729 752 3777 luisse
771 3729 873 3777 dubitari
893 3745 940 3778 nan
959 3739 1047 3794 potest.
1083 3731 1148 3779 llaec
1166 3739 1244 3779 eutem
1264 3731 1336 3779 lectio
1355 3745 1405 3779 non
1424 3730 1472 3778 be-

193 3808 357 3855 statianorum
377 3810 496 3856 intentum
516 3819 561 3869 est,
580 3826 633 3859 eum
653 3821 715 3861 extet
734 3815 756 3861 in
776 3813 855 3861 lacobi
867 3814 956 3862 Graeca
976 3824 998 3862 et
1017 3815 1084 3877 Syra,
1103 3825 1128 3864 ut
1146 3816 1169 3864 itt
1182 3815 1337 3873 multisaliis,
1357 3828 1472 3877 supressa

194 3904 220 3938 cr
238 3891 346 3954 Epistola
366 3894 395 3940 ad
415 3894 568 3956 Coritttltios;
588 3911 697 3960 quaeque
715 3897 811 3945 duobus
829 3898 926 3946 tatibus
945 3901 1048 3962 explicat
1065 3890 1209 3964 uiuiparos
1222 3889 1471 3964 stupentium,-

192 3974 248 4023 illas
268 3978 337 4024 unica
356 3978 408 4040 Syri
428 3980 570 4041 exprimant,
596 3996 656 4044 quae
676 3983 704 4029 ad
724 3984 827 4045 primatu
847 3984 961 4031 Graecam
981 3974 1124 4049 ultdptsror
1143 3987 1217 4046 tnagis
1236 3986 1349 4033 retertur.
1387 3984 1471 4034 Graeci

192 4059 221 4107 ab
241 4060 307 4108 initio
326 4061 445 4122 liturgiae
465 4065 591 4127 passiones
611 4066 698 4115 Christi
717 4075 900 4130 repraesentent
919 4083 973 4116 cum
993 4068 1103 4118 Oblatum
1122 4070 1227 4130 gladiolo
1254 4070 1372 4127 ditiduttt,
1399 4081 1471 4131 quem

189 4133 284 4207 Ἀγίαν
300 4133 405 4207 λόγχην
429 4148 561 4209 appellant,
585 4151 624 4212 qui
649 4151 710 4199 ritus
734 4166 746 4199 a
771 4153 890 4214 primaeva
915 4155 1055 4216 antiquitate
1080 4169 1191 4203 manasse
1213 4169 1261 4203 non
1288 4154 1391 4210 ridetur,
1416 4165 1470 4200 cunr

190 4229 314 4289 ignoretur
338 4231 367 4277 ab
393 4233 506 4280 omnibus
530 4233 644 4283 Ecclesiis
663 4236 836 4296 Orientalibus,
862 4252 923 4301 quae
948 4246 1027 4287 tamen
1054 4240 1206 4303 disciplinam
1225 4253 1294 4287 suam
1313 4238 1343 4286 ad
1364 4240 1470 4287 Graccus

190 4313 292 4360 turmam
312 4324 489 4376 expresserunt.
526 4317 644 4377 spritum
664 4320 796 4369 Ortbodoti
816 4337 886 4385 quam
906 4323 1028 4382 haeretici,
1048 4339 1118 4372 tttanu
1139 4326 1258 4384 frangunt,
1278 4324 1301 4371 in
1322 4323 1391 4380 duas,
1411 4330 1469 4378 tres,

190 4395 225 4443 rel
244 4397 327 4458 plnres
346 4407 436 4460 partes,
455 4402 587 4450 secuudum
607 4403 768 4454 Ecclesiarum
788 4406 906 4455 diuersam
926 4411 1139 4458 consuetudinem:
1158 4409 1200 4457 scd
1220 4409 1319 4457 otnnino
1340 4408 1470 4455 laceratio·

189 4492 244 4529 uem
271 4484 380 4544 corporis
400 4485 488 4534 Christi
513 4487 536 4535 in
560 4489 674 4550 passione
698 4490 852 4552 adumbrate,
879 4501 902 4541 et
927 4494 951 4542 in
970 4496 1110 4544 memoriam
1130 4493 1272 4545 Christianis
1289 4508 1405 4544 retectae
1424 4505 1470 4555 per
