3044 4912
731 257 777 333 61

406 434 539 528 Εὐχη’
519 438 716 529 αποιριτικν)
737 438 835 529 παρὰ
851 445 913 508 τοῦ
934 436 1101 511 διατόνου.

207 561 254 636 V!
289 559 351 637 ⁹0
367 556 506 688 Κύριρς
541 559 762 690 εὐλογησαι
769 558 833 636 καί
865 557 1075 691 άξιρίσαι
1051 565 1152 658 ημὰς
1185 571 1394 662 σεραφικνῖς

137 662 382 762 ὐιυνοφορῆσαι
415 660 479 736 καὶ
510 668 692 790 πρρςᾷσαι
723 662 792 760 τὴν
822 658 1086 761 πολυύμνητον
1111 662 1216 794 ᾠὰην
1239 692 1308 739 του
1292 667 1394 740 ’ἐν-

136 768 320 840 θεαστικού
344 763 408 839 καί
431 761 634 865 τριςαγίου,
668 767 724 863 τῷ
749 762 916 841 ἁνενύεεῖ
937 765 1001 840 καί
1026 763 1245 865 ὐπερπλήρει
1274 761 1394 864 πάσης

134 879 187 964 τῆς
207 865 420 969 ἁγιαστικῆς
445 863 676 963 τελειότητος,
702 868 776 944 νῦν
800 865 864 942 καί
889 864 957 942 ἁεί.

315 1008 445 1084 Ελτα”
423 1040 559 1105 αρχεται
580 1012 744 1084 άείιλειν<
726 1042 745 1084 ο
767 1014 921 1097 διάκονος
941 1014 1037 1087 ἕν’
996 1042 1037 1106 τη
1058 1013 1186 1107 είςόύηι.

191 1135 531 1265 Ὁμονογενὴςι
492 1136 574 1220 Υἱὸς
597 1136 659 1211 καί
685 1134 811 1266 Λόγος
833 1141 904 1212 τοῦ
932 1141 1026 1213 θεοῦ
1051 1133 1293 1222 ἀθάνατος
1270 1133 1393 1232 υπάρ-

126 1266 209 1335 χιον,
234 1235 529 1334 καταδεξαμενος
537 1239 559 1335 ¹)
588 1237 651 1314 ὐιὰ
676 1237 746 1335 τὴν
770 1237 953 1368 ημετίραν
978 1228 1167 1338 σὰτηρίαν
1191 1241 1394 1368 σαρκωθη-

128 1367 185 1416 ναι
214 1342 256 1416 ἐκ
286 1351 352 1436 τῆς
384 1338 493 1468 ἁγίας
518 1337 701 1415 θεοτόκου
725 1340 789 1414 καὶ
815 1339 1065 1437 ἁειπαρθένου
1092 1339 1307 1438 Μαρίας,’
1286 1338 1394 1472 ατρί-

125 1471 217 1527 πτως
242 1438 552 1539 ίνανθρωπήσας,
580 1440 813 1540 σταυρωθείς
827 1471 880 1530 τε,
906 1440 1083 1540 Χρισεί
1065 1472 1085 1517 ο
1105 1442 1204 1531 Θεὸς,
1230 1438 1392 1540 θανάτῳ

124 1539 293 1619 θάνατον
318 1550 545 1640 πατησας,ε
545 1541 581 1627 ς
606 1572 662 1618 ων
686 1549 753 1640 τῆς
776 1542 886 1673 ἁγίας
914 1541 1086 1642 Τριάύος,
1121 1541 1393 1672 ρυνύοξαζόμε-

123 1672 183 1730 νος
206 1650 261 1742 τῷ
288 1645 415 1745 Πατρὶ
439 1643 502 1720 καὶ
527 1649 583 1742 τῴ
609 1642 705 1748 ἁγίῳ
732 1641 942 1742 Πνεύματι,
969 1649 1095 1721 σῶσον
1117 1645 1227 1743 ἡμᾶς

122 1791 181 1862 Η0
171 1794 276 1881 ιερεύς
290 1793 429 1882 λέγει
393 1821 452 1884 την
467 1790 563 1884 εὐχήν
577 1791 699 1884 ταύτην
714 1790 784 1862 άπὸ
794 1801 862 1862 τῶν
871 1796 988 1863 πυλῶν
997 1793 1060 1876 ἕως
1069 1821 1129 1864 του
1114 1792 1393 1886 Ἣθυσιαστηρίου

199 1918 271 1991 VH.
298 1914 343 1992 0
372 1914 504 1999 Θεὸς
486 1946 506 1990 ο
532 1912 830 2044 παντοκράτωρ,
850 1912 1164 2042 ὁμεγαλαίνυμος
1189 1914 1393 2012 Κάριος,ὁ
1429 1973 1440 1985 .

123 2016 252 2101 6063‘
231 2023 323 2114 ημῖν
348 2015 489 2100 ε’ίςοὰον
515 2021 566 2101 είς
590 2016 637 2091 τὰ
664 2015 753 2119 ἅγια
774 2023 854 2092 τῶν
877 2017 1009 2145 ἁγίων,
1036 2016 1164 2092 διὰ
1118 2048 1182 2115 της
1199 2017 1394 2114 ἐπιδημίας

122 2130 184 2195 τοῦ
208 2125 433 2220 μενογενοῦς
458 2144 527 2194 σου
559 2120 658 2209 Υἱοῦ,
686 2117 829 2217 Κυρίου
855 2117 896 2193 66
922 2119 986 2193 καὶ
1014 2122 1107 2195 Θεοῦ
1131 2148 1196 2194 και
1183 2118 1394 2248 Σρντῆρρς

121 2219 225 2317 ἡμῶν
242 2221 367 2317 Ἰησοῦ
382 2221 603 2316 Χριστοῦ,ί
589 2218 800 2318 ικετεύομεν
823 2220 888 2348 ηαὶ
913 2227 1202 2349 παρακαλοῦμεν
1226 2220 1296 2319 τὴν
1322 2221 1393 2318 σὴν

123 2319 352 2451 ἁγαθότητα,
385 2321 510 2451 ἐπειδη
543 2324 706 2422 ἔμφοβοι
736 2323 800 2399 καί
833 2320 1007 2451 ἐητρομοί
1038 2325 1169 2417 ἐσμεν,
1201 2321 1394 2418 μέλλοντες
1451 2346 1454 2357 “

123 2422 348 2554 ραρερτὰνρι
372 2428 427 2521 τῷ
428 2423 537 2550 ἁγίῳ
555 2446 624 2499 σου
641 2422 914 2553 θυσιαστηρίῳ,
940 2420 1228 2510 ίξαπάστειλονί
1231 2452 1259 2523 φ
1293 2423 1393 2522 ἡμᾶς

125 2525 255 2610 ὅθεύς
287 2526 357 2622 τὴν
385 2521 500 2652 χάριν
533 2549 602 2600 σου
633 2526 703 2653 την
728 2525 895 2656 ἁγαθὴν,
921 2525 984 2601 καί
1010 2525 1169 2655 ἁγίασον
1193 2525 1303 2652 ἡμων
1326 2524 1395 2610 τὰς

124 2629 242 2755 ψυχὰς
276 2628 340 2702 καί
365 2627 413 2701 τὰ
439 2623 596 2757 σώματα
620 2628 756 2703 καὶτὰ
782 2625 990 2760 πνεύματα,
1025 2628 1090 2703 καὶ
1115 2627 1321 2704 ἁλλοίωσον
1344 2628 1393 2703 τά

124 2725 343 2828 φρονήματα
375 2728 484 2825 ἡμῶν
510 2729 601 2826 πρὸς
626 2731 881 2825 εὐσέβειαν,“’
863 2760 926 2807 ινα
953 2733 994 2806 ἐν
1018 2733 1180 2828 καθαρῷ
1208 2726 1394 2806 συνειὰάτι

125 2831 385 2958 προςφέρωαεν
422 2854 480 2905 σοι
513 2830 633 2930 ὐῶρα,
667 2832 829 2928 δόματα,
864 2827 1098 2930 καρπώματα
1130 2836 1180 2916 είς
1213 2831 1395 2961 ἀθέτησιν

123 2942 194 3008 τῶν
226 2932 416 3059 ἡμετέρων
448 2931 783 3060 πλημμελημάτων,
815 2933 878 3007 καί
904 2938 954 3016 είς
979 2933 1139 3029 ἱλασμὸν
1163 2932 1302 3016 παντὸς
1326 2940 1395 3008 τοῦ

125 3042 212 3110 λαοῦ
238 3061 321 3123 σου,
344 3030 471 3131 χάριτι
496 3035 560 3109 καί
586 3041 787 3166 ολκτιρμοῖς
811 3034 874 3109 καί
901 3033 1170 3168 φιλανθρωπίᾳ
1195 3043 1262 3109 τοῦ
1279 3064 1395 3132 μονο-

77 3220 80 3225 .
125 3145 251 3265 γενούς
277 3162 346 3210 σου
369 3137 469 3225 Υῖοῦ,
496 3139 586 3231 μεθ
618 3130 664 3215 οὐ
689 3136 883 3239 εὐλογητὸς
908 3135 993 3211 εἶ’
965 3166 1015 3220 εις
1039 3136 1126 3220 τοὺς
1151 3141 1291 3221 αἰῶνας
1316 3144 1394 3211 τῶν

126 3235 281 3315 αἰώνων.
313 3236 459 3335 Ἀμήν]

238 3388 340 3457 Μετὰ
361 3388 400 3456 τὸ
422 3386 585 3469 είςελθεῖν
606 3386 655 3470 είς
674 3389 713 3458 τὸ
734 3385 976 3477 θυσιαστήριον
998 3386 1087 3476 λέγει
1108 3386 1128 3457 6
1152 3385 1267 3478 ἱερεύς,

202 3512 291 3586 Vm.
334 3507 472 3609 Εἰρήνη
497 3517 622 3586 πᾶσιν.

677 3621 715 3692 Ὁ
742 3620 834 3705 λαός.

197 3711 272 3786 Καὶ
297 3720 351 3811 τῷ
377 3709 561 3811 πνεύματί
587 3736 684 3793 σου..

669 3824 845 3916 Ολερεύς.

193 3929 399 4060 ὉΚύριος
431 3931 625 4059 εὐλογήσαι
658 3929 800 4015 πάντας
833 3929 941 4027 ἡμᾶς,
976 3929 1038 4057 καί
1073 3926 1225 4030 ἁγιάσαι
1257 3927 1316 4002 ἐπὶ
1347 3936 1393 4025 τῇ

129 4032 250 4133 είςόδῳ
284 4034 347 4110 καί
379 4035 568 4137 ἱερουργίᾳ
597 4043 676 4110 τῶν
708 4034 826 4108 θείων
851 4030 913 4107 καί
940 4027 1140 4129 ἁχράντων
1165 4028 1393 4129 μυστηρίων,

210 4176 232 4235 1)
251 4177 316 4220 fabr.
335 4171 379 4222 ναὶ
396 4189 454 4224 κατ.

133 4279 430 4296 ᾕ--α--ι-ι

207 4362 265 4426 Cap.
285 4361 321 4410 Vl.
357 4362 547 4426 Responsorium
559 4362 666 4412 Diaconi.
684 4360 775 4410 Deinde
795 4358 987 4409 εειιίιῠίεεοιιιιε
1006 4357 1028 4405 in
1047 4356 1156 4418 ingressu
1171 4354 1288 4418 Hymnum
1307 4345 1321 4402 ὁ
1338 4365 1396 4419 μο-

128 4440 251 4511 νογενής,
275 4446 361 4496 ΝεεΙίο
388 4447 474 4510 iudice,
503 4446 628 4512 meliosem
655 4445 762 4496 Concilio
786 4444 924 4509 Ephesino:
952 4443 1042 4508 quippe
1065 4442 1105 4507 qui
1130 4440 1297 4492 Νεειοτίιοιω
1321 4437 1394 4503 plano
1461 4440 1464 4445 ’

127 4539 217 4596 spectat
233 4532 356 4583 haeresin.
