3044 4912
744 243 793 318 90

130 427 194 506 καὶ
225 436 278 526 τῷ
280 425 486 557 παναγίῳ
520 425 584 501 καί
615 427 757 555 ἀγαθῷ
789 426 854 502 καὶ
888 425 1056 555 ζωοποιῷ
1091 451 1160 501 σου
1194 420 1399 523 Πνεῦματι,

130 539 204 607 νῦν
229 528 292 605 καὶ
318 528 462 604 ἀείκαὶ
488 533 537 612 ελς
562 526 650 612 τοὺς
676 533 816 613 αἰῶνας
840 536 919 605 τῶν
945 524 1106 604 αλώνων.
1139 524 1268 625 Ἀμήν.

589 691 675 784 Εῦχη
698 700 758 784 τῆς
778 691 950 784 ἔνάρξεως.

207 820 229 893 Ι
232 818 268 892 V
295 814 480 917 Εὐεργέτα
504 816 660 910 βασιλεῦ
685 823 764 892 τῶν
789 812 953 904 αἰώνων,
979 814 1043 890 καί
1058 823 1123 911 τῆς
1138 813 1291 899 κτίσεως
1309 812 1404 890 άπά-

131 942 196 1015 σης
228 914 442 1047 δημιουργὲ,
478 913 672 1014 πρόςιλεξαι
690 913 929 1049 προςιοῦσάν
965 940 1024 992 σοι
1049 914 1115 992 616
1140 925 1208 992 τοῦ
1232 921 1401 1044 Χριστοῦ

120 1044 200 1096 σου
232 1019 301 1116 τὴν
333 1015 528 1113 ἐκκλησίαν
560 1041 647 1095 σου
682 1017 826 1146 έκάστιρ
858 1019 902 1093 τὸ
928 1016 1138 1146 συμφέρον
1149 1015 1403 1116 ἐκπλήρωσσν·

23 1135 25 1139 ’
130 1123 247 1250 ἄγαγε
273 1117 415 1203 πάντας
435 1124 486 1203 είς
511 1116 729 1216 τελειότητα,
754 1120 818 1195 καί
844 1119 1014 1204 ἀξίους
995 1129 1092 1217 ημᾶς
1118 1119 1327 1247 ἀπέργασαι
1343 1129 1406 1217 τῆς

126 1220 279 1320 χάριτος
302 1228 371 1297 τοῦ
397 1220 608 1349 ἆγιασμοῦ
612 1247 693 1309 σου,
720 1219 1002 1347 6ntovv6ywr⁸
981 1229 1081 1318 ηυᾶς
1105 1225 1147 1297 ἐν
1164 1231 1209 1318 τῇ
1227 1221 1320 1324 άγίηι
1338 1246 1407 1298 σου

130 1323 367 1421 ἐκκλησίᾳ,“
345 1351 393 1419 ην
426 1320 664 1419 περιεποιήσω
697 1331 750 1420 τῶ
784 1320 896 1421 τιμίῳ
929 1325 1059 1418 αἵματι
1084 1331 1153 1398 τοῦ
1177 1332 1408 1427 μονογενοῦς

131 1450 199 1501 σου
240 1427 339 1512 Υἱοῦ,
373 1422 516 1519 Κυρίου
550 1422 591 1498 66
623 1425 687 1498 καί
720 1424 952 1524 Σωτῆρος
931 1426 1040 1521 ημῶν
1067 1426 1188 1521 Ἰησοῦ
1221 1431 1406 1523 Χριστοῦ,

129 1526 220 1624 μεθ’
251 1554 296 1601 ου
279 1520 570 1652 εῦλογηιὸςεί
594 1525 657 1600 καὶ
683 1525 950 1623 ῦεῦοξασμένος
977 1526 1048 1602 σὺν
1072 1535 1125 1625 τῷ
1133 1527 1327 1658 παναγίιμ
1344 1526 1408 1603 καὶ

131 1629 271 1729 ἀγαθῶ
295 1655 360 1701 και
347 1625 553 1724 “ζωοπσιῷ
580 1651 649 1703 σου
658 1625 875 1724 ·Πνεύματι,
901 1637 974 1705 νῦν
998 1628 1061 1704 καί
1088 1628 1146 1703 ἀεὶ
1169 1657 1234 1704 και
1220 1629 1304 1714 ⁸669
1319 1628 1409 1714 τοὺς

129 1735 282 1814 αἰῶνας.
314 1725 441 1859 Ἀμήν.

655 1841 694 1911 Ὁ
716 1840 879 1924 διάκονος.

211 1948 248 2023 V.
266 1947 344 2021 Ἔτι
370 1952 438 2022 τοῦ
468 1945 607 2045 Κυρίου
633 1947 842 2045 ῦεηθῶμεν.

204 2111 242 2181 ‘0
265 2111 380 2202 ἱερεὺς,
402 2109 498 2203 εόχην
518 2119 578 2182 τοῦ
598 2111 815 2201 θυμιάματος
835 2121 894 2205 τῆς
915 2111 1046 2195 είςόῦου
1066 2121 1126 2204 τῆς
1146 2112 1324 2198 σονάξεως.

148 2242 151 2250 “
199 2235 244 2313 Ὁ
272 2235 359 2319 Θεὸς
395 2232 415 2308 6
450 2232 740 2334 προςῦεξάμενος
757 2235 865 2333 Ἀβὲλ
891 2235 938 2309 τὰ
965 2234 1085 2333 δῶρα,
1121 2242 1206 2310 Νῶε
1231 2236 1296 2312 καὶ
1314 2237 1406 2335 ’Λβ-

129 2336 234 2434 ραάμ
257 2336 326 2433 τὴν
351 2335 509 2424 θυσίαν,
528 2337 676 2436 Ἀαρῶν
701 2335 764 2410 καὶ
784 2336 977 2433 Ζαχαρίου
1002 2338 1046 2412 τὸ
1071 2336 1266 2434 θυμίαμα,
1294 2337 1407 2434 πρός-

129 2439 231 2524 δεξαι
255 2436 319 2513 καὶ
344 2440 385 2510 ἐκ
406 2439 529 2534 χειρὸς
552 2437 663 2564 ἡμῶν
686 2442 766 2513 τῶν
782 2436 1018 2535 ἁμαρτωλῶν
1034 2438 1078 2512 τό
1094 2438 1288 2569 θυμίαμα
1291 2448 1409 2517 τοῦτο

115 2540 219 2624 ἐἶς’
204 2538 325 2635 οσμὴν
350 2536 509 2620 εῦωῦίας
533 2538 596 2612 καὶ
622 2540 758 2635 ἄφεσιν
778 2544 856 2614 τῶν
874 2539 1071 2667 ἁμαρτιῶν
1086 2539 1208 2636 ἡμῶν,
1226 2541 1291 2616 καὶ
1308 2537 1407 2616 πάν-

127 2641 191 2724 τὸς
214 2649 284 2713 τοῦ
310 2641 402 2712 λαοῦ
428 2663 509 2726 σου,
537 2638 594 2713 ὅτι
619 2639 906 2769 εὐλογημένος*
883 2638 1071 2739 υπάρχεις,
1105 2641 1169 2716 καί
1186 2642 1319 2770 πρέπει
1345 2668 1406 2717 σοι

125 2771 150 2837 η
136 2737 269 2868 6656
244 2768 351 2837 ατῳ
336 2741 502 2837 Πατρὶ
529 2739 594 2814 καὶ
621 2746 677 2838 τῷ
703 2742 777 2813 Υἱῶ
796 2742 859 2815 καί
886 2749 942 2841 τῶ
970 2742 1067 2844 ἁγίῳ
1090 2740 1301 2840 Πνεόματι,
1332 2750 1407 2822 νῦν

127 2843 192 2917 καὶ
216 2841 284 2916 ἀεί

655 2938 693 3009 ‘O
715 2939 877 3022 διάκονος.

204 3026 318 3129 Κύριε
344 3025 557 3130 εὐλόγησαν.

575 3142 647 3211 “0
636 3146 742 3233 ιερεῦς
763 3144 948 3229 ἐπεύχεται.

202 3248 246 3325 Ο
272 3245 408 3345 Κύριος
432 3277 495 3322 και
483 3248 647 3333 Θεὸς
627 3254 736 3346 ηιιῶν
753 3251 895 3347 Ιησους
909 3248 1129 3347 Χριστος,
1111 3280 1131 3324 ο
1157 3250 1208 3324 6³
1239 3249 1407 3348 ὑπερβο-

127 3349 196 3447 λην
237 3347 472 3479 ἀγαθότητος
511 3350 574 3424 καὶ
608 3350 860 3447 ἀκατάσχετον
893 3353 1011 3478 ἔρωτα
1045 3352 1299 3448 σταυρωθεὶς,
1338 3352 1403 3427 καὶ

127 3450 241 3582 λόγχη
273 3451 337 3526 καὶ
368 3452 468 3547 ἥλοις
492 3457 655 3581 παρῆναι
679 3455 731 3549 μὴ
758 3450 1058 3548 ἀπανηνάιιενος·
1094 3481 1113 3526 ο
1139 3483 1208 3550 την
1233 3453 1403 3552 κρυφίαν

126 3555 190 3630 καὶ
221 3552 406 3652 ἐπίφοβον
438 3550 579 3650 ταύτην
602 3557 770 3684 τελετίην,
803 3560 853 3637 εἰς
886 3551 1098 3651 ἀνάμνησιν
1124 3553 1331 3630 αἰωνίαν
1310 3561 1402 3652 ηιιῖν

94 3742 101 3766 x
126 3659 253 3753 ἐκτενῆ
278 3652 575 3785 παρασχόμενος
603 3653 734 3784 ευλογι
736 3681 798 3731 σαι
822 3655 891 3751 τὴν
916 3659 957 3730 ἐν
970 3662 1126 3783 Χριστῶ
1142 3687 1196 3756 τῳ
1182 3661 1298 3754 Θεῷ
1315 3657 1403 3732 ιλια-

125 3757 259 3834 κονίαν
292 3783 374 3845 σου,
407 3757 471 3832 καί
503 3758 698 3884 εῦλογήσαι
730 3757 799 3854 τὴν
831 3757 1024 3840 690606‘
1003 3763 1125 3854 ημῶν,
1157 3758 1220 3833 καὶ
1246 3729 1403 3843 είιτελῶς

126 3857 313 3933 τελειῶσαι
346 3858 414 3954 τὴν
447 3857 681 3958 παράστασιν
706 3865 771 3956 τῆς
796 3858 1066 3988 λειτρυργίας
1045 3864 1154 3956 ηωῶν
1179 3857 1328 3956 ταύτης,
1354 3872 1404 3957 τῇ

127 3960 263 4060 ἄφάτῳ
289 3962 409 4036 αὐτοῦ
426 3963 697 4091 εὐσπλαγχνίηι,
724 3969 797 4037 νῦν
821 3961 885 4035 καὶ
910 3962 967 4035 ἀεὶ
992 3962 1055 4036 καὶ
1081 3966 1131 4044 εἰς
1156 3962 1243 4045 τοὺς
1260 3968 1407 4046 αἰῶνας

125 4073 206 4143 τῶν
233 4060 392 4139 αἰώνων.
426 4062 555 4162 Ἀμήν.

212 4339 270 4402 Cap.
289 4340 325 4388 lv.
362 4339 458 4400 Legitur
476 4338 499 4387 iu
518 4339 544 4388 R.
564 4337 638 4388 altera
658 4340 717 4389 haec
735 4340 811 4390 oraiio
830 4340 872 4401 „in
890 4338 1036 4403 principio.¹‘

202 4423 271 4486 Cap.
290 4423 314 4472 V.
351 4423 376 4471 R.
402 4422 530 4473 Sacerdos.
556 4424 602 4474 Pax
621 4424 670 4474 tibi.
707 4424 834 4475 Diaconus.
861 4424 988 4475 Dominum
1007 4437 1142 4489 precemur.
1178 4423 1307 4472 Sacerdos.
1337 4424 1407 4475 Deus

126 4506 167 4572 qui
187 4505 305 4556 admisisti
324 4513 370 4558 ολο.
390 4512 415 4556 ut
432 4521 515 4572 supra.
551 4507 654 4559 Omnino
673 4509 703 4560 ιιΙ
722 4518 794 4576 caput
812 4510 888 4575 utque
906 4518 1014 4561 octavum
1033 4511 1059 4560 R.
1080 4507 1211 4560 concordat
1229 4520 1285 4559 cum
1304 4507 1382 4580 2660.
