3044 4912
658 250 730 325 367

144 429 259 500 Ka6‘
242 459 261 500 ο
290 428 444 511 διόκονος
465 430 624 514 ίκχέει
590 457 628 500 το
651 429 772 544 ἀρκοῦν
791 435 1014 545 σταυροειδιῦς
1036 429 1129 501 ἔνδον
1151 440 1210 501 τοῦ
1232 429 1326 548 ἁγίου

107 533 223 623 ιηρίοι
242 533 359 620 λέγων·
388 519 495 602 Ζίοις
512 521 679 607 πίστεως,
697 515 834 616 πλήρης
850 515 1057 615 πνεύματος
1075 518 1196 621 ἁγίου,
1216 518 1326 618 ἀμήν.

105 665 129 705 ιι
119 633 457 719 ότιοτιῦέμενος
421 659 461 702 το
485 634 567 716 ζέον,
590 636 725 703 λσταται
744 634 861 722 μικρὸν
883 629 1025 704 ίίτιοίλεν.

144 841 279 915 XXXV
304 848 439 921 ‘066‘
429 853 534 942 ιερεὺς
555 853 660 977 λέγει
682 836 915 924 Οδιοίκονος
930 837 1123 937 τιρόςελθε·
1147 855 1204 923 καί
1224 880 1327 981 τερος-

105 953 208 1026 ῦὼν(
190 984 208 1025 ο
233 954 394 1077 διόκονρς,
417 960 512 1023 ποιεῖ
531 953 709 1041 μετάνοιαν
731 952 936 1041 εόλαβῶς’
900 961 1002 1024 αιτιῦν
1017 952 1232 1080 συγχώρησιν·
1254 952 1327 1025 666

109 1059 165 1154 είς
185 1063 313 1144 κρατῶν
334 1056 391 1123 τὸν
413 1053 507 1143 ίίγιον
529 1050 638 1144 όρτσν,
661 1053 781 1124 δίδιυσι
801 1063 848 1146 τῷ
870 1055 1027 1146 διακόνῳ·
1052 1057 1109 1127 καί
1130 1045 1327 1144 ἀσπασόμε-

105 1155 159 1237 :6
188 1157 340 1237 διάκονος
366 1157 424 1246 τὴν
439 1158 694 1267 μεταδιδοῦσαν
725 1153 815 1249 αότρῦ
839 1163 943 1273 χεῖρα,
971 1157 1188 1271 λαμβάνει
1153 1185 1212 1226 τον
1233 1157 1327 1247 ἅγιον

105 1285 168 1342 ιον,
191 1259 310 1347 λέγων·
338 1241 515 1368 Μετοίδρς
529 1273 606 1339 μοι,
624 1243 860 1371 δέσποτα,
822 1274 865 1320 το
881 1248 1018 1372 τίιιιρν,
1044 1246 1106 1321 καὶ
1127 1244 1235 1348 δίγιον
1252 1254 1326 1320 σῶ-

105 1355 215 1422 τοῦ
242 1344 398 1442 Κυρίου,
434 1345 497 1420 καὶ
526 1349 631 1435 Θεοῦ,
668 1345 731 1420 καὶ
768 1355 932 1447 σωτῆρος
956 1347 1065 1444 ἡμῶν
1084 1348 1204 1444 Ἰησοῦ
1229 1352 1325 1457 Χρι-

105 1457 160 1523 οῦ.
212 1459 342 1531 ‘066‘
333 1461 438 1573 ιερεὺς
458 1459 561 1549 λέγει·
591 1453 655 1576 (ιξι
677 1464 772 1542 ὀιιιι)
808 1445 1049 1547 ίεροδιακόνῳ
1084 1412 1325 1544 μεταδίδοτοίι

125 1549 264 1646 τίμιον,
296 1549 359 1623 καὶ
385 1547 521 1674 ἅγιον,
540 1547 604 1622 καί
630 1550 818 1646 ἄχραντον
844 1558 954 1647 σῶμα
979 1559 1047 1626 τοῦ
1072 1551 1228 1648 Κυρίου,
1263 1551 1326 1679 κριὶ

106 1660 173 1740 οῦ,
207 1650 269 1725 καὶ
302 1658 466 1776 οαιτῆρρς
500 1647 609 1745 ηιιιῦν
632 1652 755 1746 ίησοῦ
785 1656 974 1750 Χριστοῦ,
1008 1654 1106 1737 εἰς’
1090 1654 1225 1749 οίφεσιν
1258 1653 1326 1728 αῦ-

105 1762 123 1828 ῡ
149 1753 357 1850 ἁιιαρτιιῦν,
383 1751 447 1826 καὶ
471 1755 522 1835 είς
548 1751 647 1848 ζωὴν
672 1748 837 1829 αλαίνιον.
886 1763 998 1836 Καί’
977 1768 1159 1892 απέρχεται
1179 1762 1325 1838 ’όττιοθεν

105 1896 115 1950 ς
142 1866 235 1955 ίερᾶς
255 1867 430 1958 τραπέζης,
458 1865 627 1948 κλίνας
591 1894 650 1957 την
670 1869 827 1959 κεφαλὴν,
855 1869 912 1939 καὶ
933 1867 1149 1959 προςεόχεται
1170 1866 1215 1949 ὥς
1235 1866 1254 1940 6
1278 1867 1326 1938 ίε-

105 1968 311 2056 ις.(ομοίως
333 1966 409 2037 66‘
392 1994 410 2036 ο
430 1965 536 2059 ίερεὺς
549 1967 713 2055 λαβών’
673 1997 753 2055 μιαν
766 1968 886 2061 μερίδα
901 1979 961 2038 τοῦ
976 1968 1070 2058 ἁγίου
1085 1965 1197 2060 οίρτου,
1219 1972 1324 2058 λέγει·

105 2108 110 2144 ι
146 2073 271 2168 τίμιον
308 2072 370 2147 καὶ
391 2068 586 2202 παναίγιου
612 2081 721 2170 σῶιια
746 2082 814 2150 τοῦ
840 2075 995 2172 Κυρίου,
1030 2075 1093 2150 καί
1122 2080 1227 2163 θεοῦ,
1261 2074 1324 2149 καί

105 2184 222 2275 κτῆρος
255 2174 362 2271 ἡιιαῦν
391 2175 512 2270 Ἰησοῦ
546 2180 715 2273 Χριστοῦ
749 2174 991 2304 μετριδίδοταί
1025 2206 1109 2274 μοι,
1142 2197 1201 2280 (ιῷ
1228 2192 1322 2267 δεῖνι)

105 2283 156 2365 ιεῖ,
194 2282 243 2359 είς
268 2275 403 2375 ἄφεσίν
427 2304 503 2370 μου
529 2275 737 2374 ἁμαρτιῶν,
772 2277 834 2352 καί
861 2283 911 2362 είς
937 2277 1037 2375 ζωὴν
1063 2218 1234 2354 αἰώνιόν·
1267 2291 1323 2361 καὶ

105 2391 168 2473 ’νας
188 2391 276 2461 καίτοι
297 2393 356 2482 τὴν
377 2391 534 2482 κεφαλὴν,
557 2389 773 2481 προςεόχεται
793 2393 911 2482 λέγων·

141 2509 314 2588 Πιστεύω
341 2510 467 2610 Κόριε,
503 2511 566 2587 καὶ
601 2511 833 2640 ὁμολογῶ,
821 2513 877 2589 ότι
914 2514 961 2590 σὺ
987 2513 1019 2588 εί
1044 2512 1064 2590 6
1089 2512 1321 2612 Χριστός,ὁ

105 2616 135 2699 λς
161 2623 229 2690 τοῦ
258 2620 350 2689 Θεοῦ
375 2624 443 2688 τοῦ
470 2614 674 2704 ζῶντος,
657 2615 829 2691 οίλθιδν
855 2622 905 2700 είς
929 2616 996 2692 τὸν
1020 2614 1175 2713 κόσμον,
1201 2615 1324 2742 ἁμαρ-

105 2716 201 2844 λρδς
221 2725 352 2804 σῶσαι,
379 2710 434 2791 τόν
458 2724 603 2812 πρῶτος
628 2717 742 2812 εἰμί’
727 2716 853 2821 εγοί.
840 2720 916 2795 ‘Eu
940 2716 1113 2809 πιστεύω,
1140 2719 1196 2793 ότι
1212 2726 1322 2847 τοῦτρ

106 2815 149 2892 τό
186 2821 261 2892 ἐστι
294 2817 336 2891 τὸ
369 2820 558 2915 ἄχραντον
583 2817 693 2914 στῦμοί
721 2844 801 2908 σου,
837 2820 1035 2895 καὶτοῦτο
1061 2818 1322 2909 αῦτόίστιτὸ

105 2947 180 2994 ιιον
216 2916 309 3015 αλμοί
345 2943 424 2993 σου.
478 2920 617 3013 Δίσμαι
643 2916 712 2995 οὖν
738 2945 819 3009 σου,
846 2919 993 3017 ἐλέησόν
1016 2949 1063 3017 με
1087 2921 1151 2995 καὶ
1169 2919 1323 3049 συγχαί-

105 3018 171 3096 σόν
196 3050 265 3147 μοι
285 3020 331 3093 τὰ
357 3017 641 3149 παραπτώματρί
666 3049 754 3116 μου,
780 3023 827 3095 τὰ
853 3021 1015 3110 ἑκούσια,
1048 3022 1111 3095 καί
1136 3022 1184 3095 τὰ
1210 3019 1323 3096 ἀκού-

105 3153 132 3211 ι,
169 3122 215 3195 τὰ
251 3126 291 3196 ἐν
326 3119 446 3249 λόγιυ,
472 3121 519 3194 τὰ
546 3123 632 3195 ίν”
600 3151 722 3245 εργῳ,
759 3122 805 3196 τὰ
831 3125 872 3197 ίν
897 3120 1045 3224 γναίσει,
1079 3120 1143 3196 καὶ
1169 3120 1319 3222 ἀγνοίᾳ·

105 3226 117 3299 6
154 3221 314 3308 ἀξίαισόν
347 3253 392 3312 ιιε
427 3220 680 3319 ἀκατακρίτως
704 3230 900 3319 μετασχεῖν
925 3233 1002 3300 τῶν
1029 3221 1228 3323 ἁχροίντοιν
1254 3249 1322 3299 σου

110 3488 184 3561 ῦγια.
218 3487 247 3543 Ὁ
271 3490 302 3544 δὲ
326 3487 413 3564 ίερεόι
435 3493 508 3559 λέγει
531 3485 579 3557 τήν
600 3488 685 3559 είχὴν
707 3492 754 3544 καλ
771 3488 836 3552 δοός
852 3490 882 3546 τὸ
900 3490 982 3564 ἅγιον
998 3490 1130 3564 ποτήριον
1147 3492 1185 3560 τῷ
1201 3490 1321 3559 διακόνῳ

105 3580 201 3646 ἐφεται
219 3575 289 3646 πρὸς
306 3570 423 3644 δασμός.
458 3575 516 3626 Καὶ
533 3570 548 3629 ό
566 3570 696 3635 διιίκονος
711 3577 785 3645 λέγει
802 3581 903 3646 πραείρ
921 3579 952 3650 τῇ
968 3580 1061 3650 φωνῇ·
1078 3575 1149 3648 μετὰ
1167 3570 1258 3646 φόβου
1274 3577 1322 3628 καλ

105 3676 184 3720 τευς·
209 3657 239 3712 τό
263 3660 293 3713 δὲ
318 3661 517 3731 ,,τιροςέλθετε“
541 3662 714 3730 γεγωνοτέρᾳ
732 3660 820 3731 φωνῇ.
851 3656 929 3714 ‘066
946 3657 1035 3732 λερεδι
1049 3660 1173 3729 εὐλογεῖν
1189 3657 1237 3713 τὸν
1253 3658 1322 3714 λαὸν

105 3761 126 3798 ιι
141 3745 293 3815 μυστικῶς·
313 3744 405 3796 σιῦσον
423 3739 437 3797 6
459 3741 527 3803 Θεὸς
544 3741 592 3797 τόν
605 3739 675 3796 λαόν
692 3757 744 3795 σου
760 3746 808 3796 καὶ
825 3739 976 3814 εόλόγησοκ
991 3741 1040 3811 τὴν
1056 3745 1244 3818 κληρονομίαν
1260 3759 1321 3797 σου.
1398 3757 1405 3771 ·

105 3816 296 3900 στραφέντες
307 3823 445 3893 τίθησιν
434 3846 449 3880 ο
466 3825 596 3899 ίερεός
571 3845 600 3880 το
617 3823 749 3898 ποτήριον
766 3830 934 3900 καλδυμιοῦν
945 3826 1173 3900 ἔκτρίτουλίγει·
1192 3814 1322 3896 όψιόδητι

116 3909 180 3972 τοῦς
195 3909 331 3980 οίιρανοός
348 3907 362 3964 6
384 3907 452 3971 Θεός
468 3912 515 3964 καλ
532 3910 580 3964 ἐπὶ
596 3912 691 3965 πᾶσαν
707 3907 757 3977 τὴν
772 3913 825 3981 γῆν
842 3908 858 3978 ἦ
876 3907 944 3974 δόξα
960 3926 1011 3967 σου
1028 3917 1085 3981 (Ine
1097 3916 1191 3978 436.-
1160 3915 1240 3965 -6
1252 3917 1279 3967 G.
1298 3925 1321 3966 ει

105 4001 183 4052 nullae
201 4001 317 4050 Venetae:
341 3995 439 4047 -καλ
463 3990 532 4049 οὕτω
555 3989 800 4067 μεταλαμβάνουσι
823 3993 871 4050 τόν
894 3993 976 4068 δγιον
998 3993 1083 4065 ίίρτον
1106 3993 1210 4067 ὁμοίως
1225 3998 1274 4049 καλ
1290 3995 1320 4048 τό

105 4098 134 4135 ιν
157 4076 290 4151 ποτήριον
311 4081 359 4132 καὶ
379 4076 586 4148 μεταλαμβάνει
609 4074 745 4152 πρότερον
768 4078 783 4135 6
800 4081 855 4151 μὲν
872 4075 960 4152 λερεός
977 4085 1038 4150 τρία
1055 4079 1203 4157 ροφήματα
1222 4080 1253 4134 ἐν
1268 4082 1321 4150 μιᾷ

106 4168 192 4218 κλίσει
216 4165 263 4217 καλ
287 4163 319 4217 ἔν
340 4163 394 4232 μὲν
418 4164 455 4231 τῷ
474 4162 573 4235 πρώτῳ
592 4162 733 4235 ῥοφήματι
749 4167 836 4236 λέγει·
854 4167 893 4226 είς
910 4164 940 4220 τὸ
957 4161 1049 4237 ὄνομα
1066 4166 1113 4221 τοῦ
1130 4161 1243 4236 πατρός.
1272 4161 1320 4215 Ἕν

105 4252 138 4317 τῷ
155 4247 288 4321 δευτέρῳ·
307 4250 355 4300 καὶ
373 4251 421 4301 τοῦ
437 4249 506 4303 νίοῦ.
537 4244 584 4299 Ἐν
601 4251 639 4316 τῴ
656 4253 736 4319 τρίτῳ
754 4249 799 4303 δι’·
817 4252 866 4302 καλ
882 4252 929 4303 τοῦ
945 4245 1028 4320 όγίου
1045 4245 1211 4320 τινεόματος.
1244 4251 1319 4301 Iidem

105 4383 106 4387 ,
124 4339 231 4390 Chornm
249 4346 304 4402 post
320 4338 512 4388 benedictionem
530 4335 623 4386 σῶσον
639 4336 696 4386 κτλ.
715 4337 858 4403 psallentem
876 4338 966 4390 faciunt
983 4340 1096 4391 chorum:
1115 4335 1154 4394 είς
1170 4328 1259 4386 πολλὰ
1274 4331 1320 4397 ἔτι

105 4437 181 4474 τοτα.
208 4423 316 4488 Denique
334 4423 482 4472 orationem:
500 4416 718 4491 εὐχαριστοῦμεν
734 4422 791 4472 κτλ.
809 4432 958 4491 postponunt
968 4423 1131 4490 λοιίρλιοοτοι
1148 4413 1276 4488 όψνίιλητι
1288 4443 1319 4457 -

105 4497 233 4589 κλόνον
251 4515 274 4559 et
292 4509 383 4560 cantico
401 4498 580 4575 πληραθὴτω.

1348 287 1358 317 λ
