3044 4912
650 258 723 334 357

599 436 637 507 ‘0
660 437 775 528 ίιρεός.

135 541 569 643 Εὐχαριστήσωμεν
593 551 656 640 τῷ
684 540 849 640 Κυρίῳ.

607 672 644 743 Ὁ
663 672 772 765 χορός.

125 781 278 864 ’Ἄξιον
312 778 389 853 καὶ
425 776 616 855 δίκαιόν
652 782 766 874 (Clem.
796 778 944 854 12.1ac.
972 780 1121 856 mo.
1151 784 1209 910 13)
1245 785 1322 859 ἐστι

105 886 269 965 οςκονεῖν
301 881 453 977 πατέρα,
489 880 574 956 υἱόν
606 882 669 956 καῖ
695 881 804 982 ἅγιον
829 887 988 977 πνεῦμα,
1025 879 1161 979 τριάδα
1187 883 1324 981 ομοοό-

105 1010 135 1058 ιν
158 982 223 1057 καὶ
248 979 467 1080 ἀχώριστον.

503 1111 541 1181 ‘O
564 1110 670 1204 ἱερεὺς
690 1110 875 1198 ἒπεόχεται.

127 1218 277 1303 Ἄξιον
310 1218 388 1294 καὶ
423 1216 611 1293 δίκαιον
637 1214 684 1292 σὲ
709 1216 900 1312 ὐμνεῖν,
933 1215 979 1291 σὲ
1005 1218 1238 1321 εὐλογεῖν,
1275 1219 1322 1295 σε’

109 1324 224 1409 νεῖν,
262 1319 334 1394 σοῖ
369 1319 690 1418 εὐχαριστεῖν,
727 1316 774 1393 σί
810 1325 1092 1417 προςκυνεῖν
1119 1322 1233 1417 (elom.
1263 1322 1321 1399 12.
1459 1324 1466 1335 “

105 1450 118 1495 ι
143 1423 203 1496 28.
229 1423 291 1496 Mc.
321 1423 379 1519 13)
406 1422 447 1496 ἐν
472 1420 585 1496 παντὶ
609 1417 712 1519 τόπῳ
737 1428 801 1518 τῆς
828 1418 1041 1505 δεσποτείας
1061 1444 1140 1498 σου.
1167 1423 1231 1497 Σύ
1247 1422 1322 1526 γὰρ

121 1522 207 1606 θεὸς
241 1522 515 1622 ἀνίκφραστος,
551 1520 809 1621 ἀπερινόητος,
843 1519 1020 1618 ἀόρατος,
1056 1521 1323 1621 ἀκατόληπτος,

105 1622 126 1697 ιῖ
148 1622 230 1713 ῶν,
258 1622 476 1709 ῶςαότοις
501 1621 564 1699 ῶν
592 1626 705 1721 (Clem.
724 1626 797 1723 12),
825 1623 873 1700 σύ
896 1625 961 1701 καὶ
986 1623 1006 1699 ό
1032 1623 1237 1729 μονογενής
1253 1651 1323 1703 σου

105 1723 144 1814 ic,
167 1725 232 1801 καὶ
256 1725 300 1802 τὸ
325 1722 473 1822 πνεύμοί
500 1750 569 1801 σου
594 1725 637 1800 τὸ
663 1725 783 1828 ἅγιον.
830 1724 900 1801 Σύ
925 1729 973 1801 ἐκ
997 1734 1080 1803 τοῦ
1104 1726 1163 1824 μὴ
1190 1729 1324 1827 ὄντος

105 1827 189 1911 ςτὸ
215 1826 339 1902 εἶναι
371 1827 491 1924 ἡμᾶς
522 1823 788 1956 παρήγαγες
814 1829 928 1923 (Clam.
957 1830 1034 1925 12)·
1071 1829 1135 1903 καὶ
1159 1857 1325 1931 παραπε-

105 1955 185 2012 ντας
211 1928 414 2026 ἀνέστησας
438 1925 567 2004 πόλιν·
594 1929 658 2004 καὶ
684 1958 752 2004 ουκ
777 1928 934 2025 ἀπέστης
959 1926 1083 2004 πάντα
1099 1937 1231 2018 ποιῶν,
1257 1931 1325 2016 ἕως

105 2036 148 2114 ῶς
171 2035 223 2116 ελς
246 2030 314 2106 τὸν
339 2030 504 2129 οὐρανόν
529 2028 723 2132 ἀνήγαγες,
750 2030 813 2106 καὶ
837 2029 906 2127 τὴν
929 2027 1126 2128 βασιλείαν
1152 2055 1221 2106 σου
1237 2032 1324 2128 ἀχα-

105 2152 144 2206 νυ
167 2131 238 2228 τὴν
262 2132 480 2229 μέλλουσαν.
527 2131 632 2229 Ὑπὲρ
656 2128 803 2207 τούτιον
827 2127 1007 2208 ἀπόντων
1032 2132 1324 2230 εὐχαριστοῦμεν

105 2258 127 2322 ι,
157 2233 221 2308 καῖ
255 2241 309 2332 τῷ
345 2238 542 2337 μονογενεῖ
572 2259 642 2309 σου
673 2232 759 2331 υἱῷ,
794 2232 857 2308 καῖ
882 2241 936 2331 τῷ
962 2231 1148 2329 πνεύματί
1173 2257 1243 2311 σου
1268 2243 1322 2333 τῷ

105 2330 162 2432 ίῳ,
186 2332 278 2433 ὐπὲρ
304 2332 471 2424 πόντων,
498 2327 553 2410 ῶν
577 2339 699 2433 ἰ’σμεν,
725 2333 788 2411 καῖ
814 2326 869 2411 ὧν
896 2334 965 2410 οὐκ
989 2338 1111 2432 ἴσμεν,
1143 2343 1223 2411 τῶν
1247 2363 1324 2436 φα-

105 2442 183 2565 ρῶν,
218 2437 283 2511 καὶ
319 2437 481 2537 ἀφανῶν
514 2437 733 2538 εὐεργεσιῶν
757 2444 835 2512 τῶν
860 2440 911 2521 ελς
934 2436 1032 2533 ἡμᾶς
1056 2436 1322 2566 γεγειημῶιον.

105 2538 356 2636 χαριστοῦμίν
393 2562 451 2614 σοι
475 2538 539 2614 καῖ
562 2536 655 2636 ὑπὲρ
687 2544 752 2636 τῆς
776 2537 1005 2641 λειτουργίας
1029 2567 1185 2636 ταυιης,
1211 2539 1258 2637 ἣν
1283 2540 1323 2615 ἐκ

105 2644 290 2767 ίνγειρῶν
314 2639 423 2739 ἡμῶν
448 2639 631 2727 δέξασθαι
655 2638 900 2739 κατηξίωσας·
927 2639 1085 2716 καίτοι
1110 2666 1183 2716 σοι
1207 2668 1324 2743 πσρ-

105 2762 272 2838 ’τηκασι
295 2738 506 2838 χιλιάδες
523 2742 865 2847 Ἆρχαγγίλιον,
890 2741 967 2817 καὶ
991 2740 1324 2846 μυριόδεςἍγ-

105 2839 215 2932 Ιλων,
240 2843 295 2917 τὰ
320 2840 587 2942 Χερουβὶμ,
613 2844 691 2919 καὶ
715 2843 770 2918 τά
796 2843 1043 2940 Σεραφῖμ,
1069 2844 1319 2946 ἑξαπτίρυ-

105 2971 132 3032 ι,
164 2942 475 3044 πολυόμματα
512 2949 626 3041 (Clem.
656 2947 714 3021 12.
749 2947 812 3021 lac.
840 2947 900 3021 28.
926 2948 987 3020 Mc.
1017 2949 1091 3044 15),
1128 2941 1323 3042 μετάρσια,

105 3043 231 3146 ιροντό.

582 3141 635 3213 Ἐκ
665 3142 692 3212 ιό
754 3171 795 3214 ι.

142 3247 230 3324 Τὸν
255 3247 489 3325 ἐπινίκιον
513 3169 664 3343 ὐμνού
689 3168 888 3346 ἕδοςντα,
922 3250 1131 3346 βοῶντα,
1157 3274 1324 3348 κεκρα-

105 3348 188 3440 ίτα,
212 3349 291 3425 καῖ
315 3350 511 3453 λέγοντα
539 3352 614 3446 (lac.
641 3351 701 3426 28.
728 3350 790 3426 Mc.
819 3353 891 3448 15).

598 3479 637 3550 ‘0
664 3480 773 3571 χορός.

126 3584 296 3691 Ἄγιος,
322 3585 472 3689 ἅγιος,
500 3586 632 3690 ἅγιος
657 3580 1110 3683 ΚόριοςΣαββααίθ.
1137 3576 1324 3685 Πλόρης

104 3687 303 3790 οὐρανὸς
325 3687 404 3764 καὶ
428 3687 452 3784 ἡ
473 3696 532 3816 γῆ
556 3695 637 3786 τῆς
656 3682 792 3785 δόξης
812 3713 916 3777 σου,
943 3683 1131 3763 ῶσαννά
1151 3687 1200 3762 ἐν
1219 3682 1323 3784 ἀψί-

105 3816 190 3874 ῑοις.
241 3789 567 3892 Εὐλογημενος
593 3788 613 3863 ὃ
639 3786 889 3887 ἐρχόμενος
924 3790 972 3864 δν
1007 3782 1207 3883 ὀνόματι
1231 3791 1325 3862 Κυ-

110 3918 179 3983 ου,
206 3890 397 3969 ὥσαννά
417 3894 465 3967 ἐν
481 3898 580 3976 τοῖς
596 3890 817 3990 ὑψίστοις
836 3888 1322 3987 (01εω.12.1εο.28.11ο16).

137 4078 257 4154 XXIX.
299 4086 466 4162 Ἐνταῦθα
492 4088 598 4161 πόλιν
624 4089 735 4178 λαβεῖν
761 4087 780 4160 ό
808 4086 964 4173 διόνονος
989 4089 1048 4160 τὸν
1074 4084 1266 4180 ἀοτερίοιιον
1287 4089 1325 4160 ἔτι

105 4188 231 4283 ῖάγίου
252 4187 378 4275 δίσκου,
397 4196 494 4263 ποιεῖ
513 4198 658 4284 σταυροῦ
678 4189 785 4262 τόπον
805 4188 921 4263 ότιίινιο
943 4187 1062 4262 αὐεοῦ·
1087 4188 1146 4262 καί
1165 4185 1325 4261 ἀσπασό-

105 4319 152 4378 ιος
171 4291 273 4366 αὐτόν
293 4291 510 4388 ἀποτίθησιν.
552 4288 637 4365 Εἶτα
661 4289 856 4382 μεταβαίνει
883 4288 919 4364 ἓν
945 4298 994 4386 τῷ
1016 4292 1121 4385 Ιδεξιηῖ
1143 4289 1240 4383 μίρει
1265 4288 1325 4362 καῖ

105 4393 180 4481 νίζει
206 4393 324 4468 ἀπόντι
351 4400 417 4466 τῶν
444 4393 547 4486 ἀγίυν
566 4395 652 4484 μετὰ
678 4390 830 4488 ῥιπιδίου
857 4392 1020 4485 εὐλαβῶς·
1048 4388 1081 4466 εὐ
1105 4390 1146 4466 δά
1170 4388 1231 4465 οὐκ
1251 4386 1326 4464 ἴση

105 4494 215 4585 ιλδιον,
235 4503 332 4570 ποιεῖ
350 4503 451 4570 τοῦτο
470 4495 557 4587 μετὰ
576 4493 799 4587 κσλόμμαεος.

105 4603 123 4651 ι.
1090 4599 1132 4656 ’λλ
