3044 4912
694 300 768 375 559

95 472 283 559 σἰσποίζεται
315 473 372 547 τόν
406 473 559 568 ἀρχιερέα
592 478 650 549 καί
681 481 762 562 τοὺς
787 483 1033 569 πρεσβυτέρους
1058 483 1116 553 καὶ
1143 480 1368 574 ἀπερχόμενος

95 578 418 664 interciperetur
438 580 670 671 πρεσβυτέρων
691 578 921 671 ἀναγινώσκων
941 584 981 652 τὸ
1001 582 1214 667 κοντσίκιον.’)

175 695 248 764 Καὶ
280 693 299 766 ὁ
330 694 485 779 διάκονος
518 696 663 768 ἵσταται
690 698 740 781 εἷς
773 701 831 769 τὸν
866 699 994 793 συνήθη
1029 698 1151 786 τόπον,
1188 701 1291 792 λέγων
1325 703 1365 772 τὸ

95 797 362 898 Πληρυίσωμεν
386 800 457 898 τὴν
482 802 609 901 δέησιν
631 803 750 901 ἡμῶν
765 813 820 904 τῷ
845 804 987 905 Κυρίῳ.

169 930 250 1002 Ὅτι
272 932 310 1002 δὲ
329 936 539 1004 τελοιωθῶσι
558 935 602 1005 τὰ
623 932 702 1024 ίίγια
722 937 780 1006 καί
798 937 914 1025 μέλλει
928 935 1052 1008 εἰπεῖν·
1078 923 1167 1008 ‘391⁸
1186 925 1365 1027 γενέσθαι

95 1026 169 1106 [Οἷς
192 1017 537 1119 Μαίαμβᾶίθυσί,
562 1036 823 1126 προςιρχόμινος
843 1037 863 1108 ὁ
882 1039 1141 1131 χειροτονηθείς,
1168 1038 1365 1131 ἐπιτίθησιν

95 1132 183 1226 αὐτῷ
204 1132 222 1206 o‘
245 1132 414 1225 ἀρχιερεὺς
433 1138 490 1207 τὸν
512 1136 607 1226 ἅγιον
628 1133 766 1227 ι’ίρτον,’)
787 1139 891 1229 λέγων
912 1139 1029 1223 οὕτως.

174 1238 286 1337 Λάβε
317 1240 387 1338 τὴν
418 1241 742 1341 παρακαταθήκην
773 1242 916 1342 ταύτην
946 1245 1011 1321 καὶ
1036 1242 1203 1343 φύλαξον
1229 1243 1360 1340 αὐτὴν,

95 1343 158 1427 ἕως
189 1349 255 1438 τῆς
285 1343 492 1440 παρουσίας
523 1352 592 1419 τοῦ
624 1344 768 1441 Κυρίου
800 1347 910 1445 ἡμῶν
936 1348 1060 1445 Ἰησοῦ
1083 1352 1269 1445 Χριστοῦ,
1301 1344 1361 1422 ὅτε

95 1444 180 1544 παρ’
212 1443 330 1520 αὐτοῦ
353 1446 494 1541 μέλλεις
519 1446 761 1523 ἀπαιτεῖσθαι
786 1446 948 1547 coelest)

172 1573 210 1644 ‘0
238 1578 277 1645 dd
301 1576 413 1663 λαβὼν
440 1574 629 1662 ἀσπάζεται
648 1580 708 1670 τὴν
725 1585 820 1670 χεῖρα
840 1588 900 1650 τοῦ
922 1579 1100 1670 ἀρχιερέως
1119 1579 1177 1649 καί
1195 1577 1361 1667 μεθίστα-

95 1701 146 1746 ιαι
173 1676 209 1746 ἐν
238 1669 265 1768 εἷ
292 1676 455 1767 πρότερον
483 1681 601 1749 ἵστατο
628 1680 742 1773 τόπῳ·
769 1683 830 1764 τὰς
855 1683 918 1769 μὲν
937 1687 1050 1770 χεῖρας
1070 1682 1148 1763 θεὶς
1168 1678 1283 1751 ἐπάνω
1303 1688 1362 1772 τῆς
1440 1718 1443 1723 >

95 1853 116 1903 rd
141 1861 228 1918 pectus
251 1854 361 1919 imponit.
396 1853 510 1921 Idemque
528 1858 664 1922 Episcopus
688 1856 865 1908 treditliltrom
884 1857 1066 1920 Ereogeliorum
1086 1857 1109 1906 iu
1128 1857 1294 1918 munecius,
1319 1859 1360 1922 qui

96 1939 268 2002 mpositiouem
292 1953 379 1989 munus
402 1941 495 2005 occepit
518 1949 541 1990 et
563 1942 642 2003 sipost
659 1956 713 1993 eom
732 1941 820 2006 pollice
837 1943 935 1993 dextero
953 1942 977 1991 in
996 1941 1076 1991 lroote
1093 1941 1191 1992 diceus:
1215 1940 1360 2004 Segregutus

95 2031 132 2084 ret,
150 2023 313 2074 senctidcetus
331 2032 376 2085 eet,
394 2026 517 2088 perlectus
534 2033 579 2086 est,
597 2035 753 2077 consecratus
770 2035 808 2077 eet
824 2028 880 2077 telis
897 2027 921 2077 in
939 2041 1002 2092 opus
1012 2026 1193 2089 Presbyterotus
1202 2025 1359 2077 ecelesiastici

95 2108 176 2158 [τιατ
194 2123 215 2158 s.
233 2108 361 2169 lleshislre)
379 2117 402 2159 et
419 2110 444 2159 iu
462 2111 621 2162 ministerium
639 2112 772 2162 secerdotii
789 2111 925 2162 derooitici.
960 2111 988 2161 ln
1006 2111 1104 2162 nomine
1121 2110 1198 2162 Petris
1216 2118 1261 2161 ctu

175 2192 198 2253 l)
216 2192 235 2241 E
253 2194 325 2243 Gouri
342 2195 460 2244 sententie
477 2209 502 2246 κ.
520 2195 567 2245 hoc
584 2195 639 2245 locu
657 2210 705 2246 nou
723 2196 842 2258 signillcut
859 2197 954 2246 breuem
965 2194 1089 2246 modulum
1106 2211 1131 2260 p.
1141 2194 1191 2244 213
1208 2195 1251 2245 eed
1270 2195 1358 2246 librum

95 2276 208 2327 liseelem
226 2277 249 2327 iu
269 2279 388 2343 epitomen
406 2279 529 2329 reductum
548 2294 576 2329 ec
593 2279 673 2329 solum
692 2279 865 2343 chrysostomi.
883 2279 965 2330 Basilii
983 2289 1007 2330 et
1025 2279 1135 2331 Germeni
1154 2264 1272 2342 liturgiae
1290 2295 1358 2330 com·

95 2361 241 2413 ilectentem.
276 2362 435 2414 Concelelrut
458 2364 521 2413 enim
541 2362 660 2413 secerdos
683 2378 768 2414 recens
791 2364 916 2414 ordinetoe
934 2365 1051 2415 l‘ootidei.
1085 2363 1115 2413 Et
1136 2377 1195 2413 eune
1220 2363 1266 2414 hoo
1284 2379 1357 2415 sensu

95 2461 147 2496 uec
168 2461 213 2496 rou
236 2448 374 2511 accipiendi
399 2455 437 2499 eet
462 2448 526 2513 epod
544 2448 713 2498 Bolsemonem
731 2447 779 2497 lor.
797 2447 864 2499 Oret.
882 2448 909 2508 ll,
920 2448 950 2498 o:
973 2446 1189 2512 μεταγραφέντα
1207 2444 1238 2496 ἐκ
1254 2460 1357 2497 κοντα-

95 2530 153 2579 ιίαιν
175 2531 293 2593 significet
316 2532 348 2582 ibi
373 2531 450 2582 libros
474 2547 487 2582 e
505 2533 629 2583 codicibus
647 2532 816 2583 eceleeiesticis
834 2533 1014 2596 transscriptoc.
1049 2535 1078 2581 lt
1095 2546 1149 2582 reru
1168 2547 1223 2582 cum
1241 2532 1357 2583 Cudimue

95 2623 259 2666 cmmemoret
275 2609 422 2664 corruimus
438 2613 485 2678 τῆς
496 2617 677 2682 χειροτονίας,
696 2617 783 2668 librum
801 2619 825 2669 iu
845 2632 892 2683 quo
911 2617 1094 2667 Ordioetionum
1112 2617 1232 2667 lormulee
1246 2617 1355 2668 couscri-

95 2706 141 2749 rtee
158 2708 224 2760 sont,
242 2714 286 2762 ego
304 2701 369 2752 huuc
386 2701 475 2751 librum
494 2702 660 2752 intellexerim.
685 2702 917 2766 Legltllrdioeudue
935 2716 989 2752 eum
1007 2708 1112 2764 secreto,
1130 2716 1160 2750 ne
1177 2702 1267 2752 incidet
1279 2703 1303 2752 iu
1315 2717 1357 2752 er-

96 2795 166 2834 urem
184 2783 220 2833 rel
239 2786 313 2849 inepti
331 2786 388 2850 quid
406 2787 485 2836 locist
590 2846 594 2854 Ι

170 2867 195 2927 2)
214 2869 271 2918 lude
290 2871 407 2935 praecipit
424 2872 531 2930 Simeon,
557 2881 582 2921 ut
600 2874 623 2921 in
642 2886 725 2921 meuse
743 2872 917 2937 propositionis
935 2872 971 2922 rel
990 2872 1014 2921 io
1033 2872 1109 2936 prime
1127 2870 1249 2921 obletione
1267 2872 1355 2921 olleru·

94 2966 122 3002 er
140 2939 224 3016 ἄρτος
240 2942 376 3017 δεύτερος,
395 2969 466 3018 quem
485 2963 569 3018 poetes
589 2957 712 3007 ordiuntue
732 2957 842 3007 menibus
860 2956 962 3020 eueipiut
978 2970 1002 3018 p.
1013 2954 1110 3019 383eq.

170 3036 196 3096 3)
213 3038 354 3088 Simeon:
373 3030 388 3087 ὁ
406 3031 548 3104 ἀρχιερεὺς
565 3034 664 3088 δίδωσι
681 3036 780 3088 τοῦτον
795 3036 832 3101 τη)
841 3038 1064 3103 χειροτονηθέντι
1073 3030 1120 3092 τὰς
1128 3031 1260 3103 παλάμας
1268 3050 1353 3086 orun-

95 3117 198 3177 roccone
220 3118 382 3172 ἐκτυποῦντι
406 3121 445 3178 είς
467 3116 516 3184 τὴν
539 3120 586 3170 τοῦ
608 3123 686 3171 θείου
711 3114 822 3178 πάθους
850 3118 982 3177 ἔνδειξιν·
1015 3119 1064 3168 καί
1085 3112 1126 3168 ὅτι
1149 3113 1197 3174 τὰς
1222 3111 1355 3186 παλάμας

95 3193 191 3272 τροίθη
215 3198 283 3274 ὑπὲρ
306 3200 385 3274 ἡμῶν
409 3198 423 3256 ὁ
448 3198 619 3270 σταύρωθείς
634 3232 668 3242 -
687 3203 813 3255 -τοῦτο
837 3206 938 3271 φρίκης
959 3197 1069 3266 ἁπάσης
1084 3195 1353 3270 μεστόνιΔείκνυσι

95 3283 136 3354 yrip
161 3281 198 3345 oie
220 3283 368 3358 οίκόνυμος
381 3289 436 3338 τοῖν
452 3288 500 3339 τοῦ
520 3288 591 3339 Θεοῦ
607 3291 767 3356 μυστηρίων
783 3289 889 3354 γίνεται
905 3285 953 3337 καὶ
970 3281 1021 3337 οὖν
1037 3277 1131 3354 ἄλλον,
1148 3281 1217 3337 ἀλλὰ
1235 3281 1283 3338 τὸν
1296 3282 1353 3352 ’1η-

95 3371 151 3422 ωῦν
167 3366 217 3423 τὸν
234 3373 318 3432 ζῶντα
336 3367 421 3440 ἄρτον
437 3365 573 3438 λαμβάνει
589 3371 745 3439 ἱερουργεῖν
768 3371 816 3421 καὶ
832 3369 881 3434 τὴν
897 3364 1049 3435 ἱερωσύνην
1067 3368 1161 3423 αὐτοῦ.
1194 3371 1252 3420 Καὶ
1268 3365 1354 3423 αὐτὸν
1430 3408 1434 3416 ,

95 3449 120 3513 lc
137 3452 376 3525 παρακαταθήκην
399 3450 556 3508 πιστεύεται
579 3457 626 3506 καί
650 3453 756 3524 ὀφείλει
779 3458 871 3523 τηρεῖν
887 3454 980 3520 ταῦτα,
1003 3451 1053 3519 τὴν
1069 3448 1223 3521 ίερωσιίνην
1239 3452 1353 3520 καλιὴν

95 3547 245 3608 ερουργίαν
270 3533 417 3610 ἁμαίμητα,
442 3535 483 3593 ὅτι
500 3535 560 3607 παρ’
583 3536 669 3592 αὐτοῦ
686 3540 769 3591 ταῦτα
786 3532 1003 3604 ἀπαιιηθὴσεται
1021 3538 1068 3590 τοῦ
1084 3540 1199 3606 Κυρίου.
1232 3541 1264 3591 Et
1279 3541 1362 3592 simul·

95 3635 177 3678 ncusot
199 3630 313 3687 Latinos,
337 3630 401 3693 quod
426 3636 544 3691 ungunt
568 3628 733 3692 Presbyteroe.
768 3626 827 3677 Cod.
845 3627 890 3676 lit.
908 3627 927 3676 l.
946 3626 1036 3691 puto.
1061 3625 1188 3676 Contendit
1212 3627 1275 3676 enirn
1298 3627 1352 3676 siue

99 3714 196 3763 octione
214 3715 243 3763 iis
262 3714 382 3774 sulficere,
401 3714 464 3778 quod
484 3727 572 3777 eorpus
590 3713 679 3763 Christi
697 3714 720 3764 in
739 3725 822 3763 eorum
841 3712 951 3761 menibus
962 3712 1076 3760 trudetur,
1112 3712 1140 3760 lt
1156 3725 1212 3760 reru
1231 3710 1288 3760 olim
1306 3725 1351 3776 pe·

95 3798 120 3847 ‚is
137 3799 263 3848 secerdoti
282 3799 305 3848 in
325 3798 476 3849 ordinatione
494 3798 633 3858 trudendus,
661 3812 710 3847 uou
728 3804 780 3846 erut
797 3804 961 3856 consecratus,
980 3803 1006 3846 ut
1022 3802 1123 3861 epperet
1140 3810 1167 3845 en
1185 3794 1274 3845 Codice
1290 3795 1351 3846 Bur-

96 3884 175 3933 erino.
203 3883 361 3947 Testeturque
378 3884 503 3943 locedien,
521 3885 546 3934 iu
563 3883 648 3934 linceio
666 3882 766 3932 eundem
785 3880 808 3931 in
827 3896 871 3931 uso
889 3895 1044 3946 perseverare
1061 3881 1268 3931 consuetudinem.
1292 3880 1350 3930 lliu-

95 3968 134 4017 iue
159 3968 330 4018 caerimoniam
354 3968 423 4031 puois
447 3969 495 4018 elto
520 3967 688 4031 prsetermittit
705 3965 808 4015 silencio,
844 3964 960 4015 ldorult
977 3964 1026 4015 l.c.
1045 3964 1143 4030 punt:
1169 3964 1235 4025 „Der
1251 3965 1352 4016 etseuot

95 4050 146 4101 iebt
168 4052 217 4101 ilem
243 4053 303 4102 ueclr
322 4051 494 4114 llerwendluog
519 4051 562 4100 des
579 4050 671 4100 Brodes
693 4051 718 4101 iu
741 4051 786 4100 deu
811 4050 940 4111 gottliolreu
958 4049 1016 4099 leib
1040 4050 1110 4099 einen
1128 4048 1349 4113 lebeulrrinpeudeu

95 4135 149 4186 'heil
176 4138 200 4186 iu
228 4137 266 4186 die
284 4136 353 4186 llund
379 4136 415 4186 uls
438 4138 475 4186 elo
496 4136 580 4196 l’lund,
605 4137 648 4185 dus
672 4136 721 4185 ilrm
747 4143 882 4184 uurertruut
906 4134 985 4184 werde
1003 4149 1047 4183 rou
1066 4134 1177 4183 Christus
1195 4135 1243 4184 ond
1262 4135 1305 4184 due
1323 4150 1350 4185 er

95 4221 143 4271 'ohl
163 4221 300 4272 rerrrulrren
318 4222 380 4271 solle
398 4222 435 4270 bis
456 4236 511 4271 zoro
529 4222 596 4271 Eudo
614 4223 694 4272 seiner
711 4219 801 4281 Tege.“
835 4219 886 4268 llis
904 4220 979 4268 refert
996 4220 1054 4268 Les
1061 4232 1097 4282 pe
1104 4233 1178 4281 pres
1196 4220 1220 4268 iu
1237 4219 1349 4284 procule·

95 4306 176 4356 iesime
194 4306 355 4370 disputatione
373 4305 534 4367 (Ordination.
552 4306 646 4356 Erechii
664 4313 688 4354 et
705 4304 807 4353 Grulreri
824 4302 909 4361 Encl:
928 4304 972 4363 „lu
986 4303 1104 4352 flussluud
1124 4304 1163 4352 hut
1181 4304 1232 4353 sich
1251 4304 1294 4352 der
1311 4302 1347 4352 ul·

95 4405 128 4441 cre
147 4392 215 4440 Ritus
233 4391 349 4451 scholion,
376 4391 432 4440 duos
450 4390 493 4439 dor
511 4390 637 4453 Presbyter
655 4390 693 4439 eiu
711 4388 784 4439 siuet
802 4387 966 4449 ungeueilnten
985 4387 1077 4436 Brodes
1095 4389 1226 4451 empluugt,
1244 4388 1348 4438 welches

95 4492 105 4527 r
131 4475 238 4526 nuchher
262 4476 339 4526 selbst
363 4475 521 4526 consecrirt“
557 4476 610 4524 lion
635 4475 716 4524 dubito
741 4473 799 4538 quin
817 4474 932 4523 errorerit
950 4471 1104 4531 Mourisios,
1129 4472 1169 4536 qui
1188 4474 1348 4523 coerimonias

95 4560 198 4614 colceiue
215 4576 273 4612 euue
290 4575 388 4626 semper
405 4559 533 4625 perpendit
549 4562 589 4625 pic
608 4575 636 4611 ue
653 4561 744 4622 deuote,
762 4574 811 4610 uon
829 4572 927 4623 semper
943 4558 1013 4609 docte
1032 4565 1056 4608 et
1073 4556 1190 4608 erudite·
