3044 4912
729 290 801 364 102

199 474 305 570 Ὑπὲρ
336 483 402 572 τῆς
436 475 589 549 ἀνωθεν
622 471 766 572 ελρῆνης
797 471 863 548 καῖ
889 476 983 548 θεοῦ
999 471 1307 571 ’φιλανθρωπίας
1339 475 1400 551 καὶ

127 576 310 707 σωτηρίας
334 584 413 651 τῶν
438 583 575 706 ψυχῶν
598 573 721 672 ἡμῶν,
746 582 815 703 φοῦ
840 572 1221 705 Κυρίουιδεηθῶμεη.
1298 671 1310 705 r

211 679 303 778 Υπὲρ
335 686 399 775 τῆς
432 681 576 774 ελρηνης
606 685 675 752 τοῦ
709 701 925 773 συμπαντος
954 700 1112 773 κοσμου,
1144 705 1208 752 και
1234 678 1402 763 ὲνωσεως

127 791 261 858 πασῶν
291 788 370 857 τῶν
402 777 523 880 ἀγίων
554 787 623 855 τοῦ
659 783 751 855 θεοῦ
783 780 1004 876 ἐκκλησιῶν,
1037 787 1104 854 τοῦ
1138 776 1298 880 Κυρίου·
1316 770 1400 879 δεη-

125 886 271 978 θῶμεν.
1293 938 1296 943 ,

198 1000 302 1100 Ὑπὲρ
334 1008 415 1077 τῶν
445 995 791 1097 καρποφορούντων
821 997 886 1074 καὶ
910 995 1229 1101 καλλιεργούντων
1253 1000 1298 1076 ἐν
1320 1004 1401 1086 ταῖς

127 1103 249 1207 ἁγίαις
281 1111 349 1178 τοῦ
378 1106 470 1177 Θεοῦ
496 1099 710 1197 ἐκκλησίαις,
743 1101 991 1197 μεμνημένων
1015 1108 1094 1176 τῶν
1120 1097 1304 1198 πενήτων,
1333 1130 1401 1200 χη-

127 1215 206 1306 ρῶν
231 1204 295 1280 καὶ
320 1204 514 1304 ὀρφανῶν,
547 1202 663 1288 ξένων
686 1202 750 1278 καὶ
774 1200 1022 1299 ἐπιδεομένων
1047 1202 1110 1277 καὶ
1135 1210 1215 1278 τῶν
1239 1205 1401 1280 ἐντειλα-

125 1308 251 1404 μένων
275 1305 367 1402 ἡμῖν
392 1305 480 1389 ὥςτε
505 1300 753 1401 μνημονεύειν
779 1304 907 1382 αὐτῶν
922 1306 963 1380 ἐν
979 1310 1061 1388 ταῖς
1078 1310 1308 1403 προςευχαῖς,
1335 1313 1401 1395 φῦ

124 1408 268 1508 Κυρίου
293 1406 503 1504 δεηθῶμεν.
1352 1412 1358 1421 ”

99 1607 106 1619 s
196 1522 302 1622 Ὑπὲρ
342 1531 421 1598 τῶν
461 1525 502 1598 ἐν
533 1519 630 1625 γῆρᾳ
661 1521 725 1597 καὶ
758 1521 952 1620 ἀδυναμίᾳ
983 1523 1126 1613 ὄντων,
1166 1522 1400 1615 νοσούντων,

125 1622 365 1722 καμνόντων,
391 1624 454 1698 καὶ
480 1632 558 1699 τῶν
583 1621 656 1699 ὑπὸ
681 1621 906 1719 πνευμάτων
932 1622 1164 1723 ἀκαθάρτων
1180 1626 1400 1727 ἐνοχλουμῖ,

125 1746 219 1825 w,
243 1735 308 1823 τῆς
332 1725 433 1820 παρὰ
459 1734 526 1801 τοῦ
544 1730 615 1801 Θεῦ
640 1725 788 1822 ταχείας
812 1722 944 1811 ἰάσεως
968 1726 1032 1802 καὶ
1057 1727 1240 1826 σωτηρίας
1258 1728 1399 1819 αῦιῶν,

124 1822 195 1905 τοῦ
220 1827 365 1926 Κυρίου
391 1826 602 1925 δεηθῶμεν.

204 1945 319 2044 [Υπὲρ
344 1953 423 2021 τῶν
449 1949 490 2021 ἐν
514 1942 716 2043 παρθενίη,
741 1943 804 2021 καὶ
829 1945 972 2049 άγνείρι,
999 1947 1064 2023 καὶ
1089 1943 1253 2043 ἀσκήσει,
1280 1948 1346 2023 καὶ
1360 1951 1400 2025 ἐν

126 2056 250 2145 σεμνῷ
276 2045 388 2150 γάμῳ
415 2044 639 2150 διαγόντων,
665 2046 729 2122 καὶ
753 2055 832 2123 τῶν
857 2052 899 2124 ἐν
925 2049 1025 2144 όρεσι
1049 2046 1112 2124 καὶ
1131 2048 1323 2146 σπηλαίοις
1339 2050 1399 2126 καῖ

67 2165 70 2168 ’
124 2155 205 2234 ταῖς
231 2151 338 2233 ῦπαῖς
362 2158 427 2247 τῆς
450 2158 518 2251 γῆς
535 2149 821 2252 ἀγωνιζομένων
838 2149 953 2225 ῦσίων
969 2152 1140 2248 πατέρων
1155 2180 1194 2226 τε
1211 2151 1277 2226 καὶ
1293 2151 1401 2227 ἀδελ-

125 2259 225 2351 φῶν,
251 2260 320 2327 τοῦ
345 2251 490 2351 Κυρίου
516 2250 743 2349 δεηθῶμεν.]

196 2367 301 2468 Ὑπὲρ
334 2371 535 2460 πλεόντων,
570 2366 890 2468 ὁδοιπορούντων,
923 2367 1186 2456 ξενιτευόντων
1217 2374 1401 2465 Χριστια-

122 2480 216 2560 νῶν,
241 2471 305 2545 καὶ
330 2479 409 2547 τῶν
425 2474 467 2546 ἐν
484 2469 764 2566 αἰχμαλωσίαις,
789 2471 853 2545 καὶ
868 2473 1037 2571 ἐξορίοις,
1063 2470 1183 2547 καὶέν
1201 2478 1401 2570 φυλακαῖς,

123 2571 187 2647 καὶ
220 2576 367 2669 πικραῖς
392 2570 574 2655 δουλείαις
600 2572 722 2648 όντων
748 2569 924 2671 ἀδελφῶν
948 2574 1070 2671 ἡμῶν,
1103 2578 1286 2671 εἰρηνικῆς
1311 2577 1402 2648 ἐπα-

47 2714 53 2723 ν
123 2669 240 2747 νόδου
268 2673 408 2762 αὐτῶν,
434 2682 502 2748 τοῦ
527 2671 670 2771 Κυρίου
696 2671 906 2770 δεηθῶμεν.

196 2771 301 2870 Ὑπὲρ
329 2774 493 2874 ἀφέσεως
519 2773 726 2873 ἁμαρτιῶν,
752 2775 815 2849 καῖ
841 2772 1107 2902 ουγχωρήσεως
1132 2774 1400 2873 πλημμελημά-

124 2903 202 2949 των
225 2874 347 2971 ἡμῶν,
373 2875 436 2949 καὶ
462 2874 553 2974 ὑπὲρ
579 2884 646 2951 τοῦ
674 2879 861 2973 ῥωσθῆναι
877 2887 974 2974 ημᾶς
992 2877 1064 2951 ἀπὸ
1081 2874 1200 2973 πάσης
1216 2875 1399 2975 θλίψεως,

125 2977 248 3079 ῦργῆς,
281 2975 473 3066 κινδύνου,
506 2977 570 3053 καὶ
603 2976 787 3080 ἀνάγκης,
820 2979 883 3053 καὶ
916 2976 1198 3062 ἐπαναστάσεως
1231 2981 1398 3079 ἐχθρῶν,

123 3086 191 3152 τοῦ
217 3077 361 3175 Κυρίου
388 3078 597 3177 δεηθῶμεν.

196 3177 299 3277 Ὑπὲρ
327 3179 525 3278 εὐκρασίας
551 3182 685 3279 ἀέρων,
712 3181 869 3278 ὄμβρων
895 3186 1102 3278 εέρηνικῶν,
1129 3177 1282 3278 δρόσων
1304 3182 1397 3284 ἀγα-

123 3283 224 3370 θῶν,
250 3291 406 3378 καρπῶν
432 3283 621 3382 εῦφορίας,
647 3282 783 3367 τελείας
808 3282 1007 3379 εὐετηρίας,
1032 3282 1095 3356 καῖ
1120 3280 1212 3381 ὑπὲρ
1229 3291 1300 3359 τοῦ
1319 3311 1395 3359 στε-

124 3378 250 3481 φάνου
276 3392 343 3457 τοῦ
369 3386 554 3472 ἐνιαυτοῦ,
581 3392 648 3460 τοῦ
673 3383 816 3483 Κυρίου
842 3383 1051 3481 δεηθῶμεν.

195 3483 299 3582 Ὑπὲρ
332 3491 411 3561 τῶν
443 3483 642 3584 παρόντων
673 3487 736 3561 καὶ
770 3486 1054 3582 συνευχομένων
1084 3485 1176 3582 ἡμῖν
1211 3488 1254 3560 ἐν
1278 3484 1393 3582 ταύτῃ

120 3588 169 3682 τῇ
204 3585 293 3688 ἁγίᾳ
327 3586 408 3685 ὥρᾳ
433 3586 496 3662 καὶ
522 3591 563 3664 ἐν
587 3587 701 3663 παντὶ
724 3597 841 3686 καιριῑ
869 3588 1040 3685 πατέρων
1065 3617 1103 3662 τε
1128 3586 1193 3663 καὶ
1218 3587 1395 3688 ἀδελφῶν

119 3686 242 3781 ἡμῶν,
270 3688 445 3786 σπουδῆς,
471 3686 654 3785 καμάτου,
680 3689 743 3764 καὶ
769 3689 985 3789 προθυμίας
1002 3688 1141 3779 αὐτῶν,
1167 3693 1238 3764 τοῦ
1251 3690 1395 3791 Κυρίου

120 3787 331 3886 δεηθῶμεν.

198 3908 272 3982 Καὶ
296 3908 389 4008 ὑπὲρ
414 3905 534 4007 πάσης
557 3916 680 4007 ψυχῆς
693 3912 922 4006 Χριστιανῆς
945 3908 1173 4006 θλιβομένης
1197 3907 1263 3984 καῖ
1279 3939 1396 3985 κατα-

121 4011 363 4107 πονουμένης,
390 4012 509 4096 ἐλέους
534 4012 597 4086 καὶ
621 4011 802 4109 βοηθείας
830 4014 923 4085 Θεοῦ
949 4009 1196 4106 ἐπιδεομένης,
1227 4010 1294 4086 καὶ
1319 4016 1397 4086 ἐπι-

122 4116 285 4209 στροφῆς
310 4116 388 4187 τῶν
412 4112 713 4210 πεπλανημένων,
746 4110 886 4214 ὑγιείας
910 4121 990 4187 τῶν
1015 4109 1298 4202 ἀσθενούντων,
1334 4112 1398 4188 καὶ

123 4210 357 4309 ἀναῤῥύσεως
382 4219 460 4288 τῶν
486 4212 743 4311 ιιέχμαλοίτων,
779 4211 1023 4298 ἀναπαύσεως
1048 4218 1127 4289 τῶν
1151 4243 1398 4312 προκεκοιμη-

122 4314 247 4405 μένων
272 4316 442 4411 πατέρων
466 4347 504 4390 τε
529 4316 593 4391 καῖ
619 4316 806 4416 ἀδελφοῖν,
832 4321 901 4391 τοῦ
925 4316 1068 4410 Κυρίου
1095 4315 1307 4414 δεηθῶμεν.

195 4413 298 4513 Ὑπὲρ
331 4424 399 4491 τοῦ
433 4421 719 4514 εέςακοοσθῆναι
743 4420 806 4493 καὶ
832 4415 1096 4517 εῦπρόςδεκτον
1121 4419 1301 4520 γενέσθαι
1327 4416 1398 4517 τῆν

122 4513 249 4611 δέησιν
287 4517 396 4612 ἡμῶν
427 4515 586 4594 ἐνώπιον
619 4525 687 4595 τοῦ
722 4524 834 4611 Θεοῦ,
876 4520 939 4596 καὶ
972 4528 1041 4596 τοῦ
1072 4523 1398 4621 καταπεμφθῆναι
