3044 4912
605 319 616 379 .“
666 298 743 374 423

158 474 290 569 Τανίτης
314 483 375 567 τῆς
401 473 496 567 εὐχῆς
521 476 746 573 τελεσθείσης,
778 482 837 552 καί
861 474 924 552 τοά
946 490 1049 573 χοροῦ
1074 480 1273 577 ψάλλοντος,
1300 487 1340 556 τὸ

105 575 153 662 ἱξο
181 580 325 661 καὶτῶν,
352 577 383 661 5,
404 605 441 648 τε
462 577 568 668 ἱερεὺς
598 580 657 649 καί
686 579 705 650 ὸ
727 577 881 665 διάκονος
911 580 1083 674 ψάλλουσι
1103 587 1142 657 τὸ
1162 584 1340 676 τριςάγιον,

105 680 126 750 τὸ
144 680 189 748 τὰ
208 680 316 751 λοιιτὸ
334 687 500 763 ποιοῦσιν,
522 677 568 763 ῶς
589 682 624 753 ὸν
644 690 685 775 τῇ
698 683 940 776 Χρυσοστάμου
960 685 1159 780 λειτουργίᾳ.
1180 688 1282 758 Μετὰ
1302 690 1341 760 ὸὸ
1465 710 1470 717 ·

105 816 106 835 ¹
129 778 320 872 εὐαγγέλιον
341 779 361 853 5
383 779 537 864 διάκονος
1216 790 1238 813 “’

144 892 320 982 Ελσιιομεν
343 883 478 970 πάντες
502 891 541 972 ἐξ
565 887 649 985 ὅλης
674 896 739 986 τῆς
754 898 888 988 ψυχῆς.
928 888 1043 992 Κύριε
1057 886 1339 995 παντοκράτωρ,

118 987 206 1073 Θεὸς
231 996 321 1064 τῶν.
363 989 440 1061 Ἔτι
465 985 632 1086 δεόμεθα
657 989 750 1091 ὑπὲρ
775 1001 864 1070 τῶν.

298 1135 336 1205 Ὁ
359 1135 466 1228 ίερεὸς
485 1137 575 1227 λέγει
594 1139 654 1229 την
675 1136 771 1231 εὐχὴν
790 1138 912 1234 ταύτην
931 1148 1107 1230 μυστικῶς.

151 1237 265 1336 Κύριε
292 1240 312 1316 5
342 1241 428 1328 Θεὸς
452 1242 574 1340 ἡμῶν,
609 1244 678 1342 τὴν
703 1247 828 1343 ἐκτενῆ
853 1243 995 1345 ταύτην
1019 1247 1162 1324 ἱκεσίαν
1186 1247 1340 1348 πρόςὸε-

105 1345 285 1442 aym&

154 1477 207 1544 Τὸ
227 1473 313 1545 αὸτά
333 1474 352 1545 ὸ
374 1473 537 1559 διάκονος,
564 1477 623 1547 καί
642 1476 792 1549 §nawa
812 1475 898 1569 ὖεσὸρ
920 1483 985 1548 τῶν
1005 1483 1263 1574 κυνηγουμένων,
1292 1480 1339 1566 ῶς

121 1585 164 1670 τῇ
184 1584 244 1646 τοῦ
265 1575 507 1668 Χρυσοοτόμου
528 1577 717 1672 λειτουργίᾳ
738 1580 837 1670 λέγει.

149 1684 324 1769 Εὔξασθε
350 1684 385 1757 οἱ
410 1680 678 1780 κατηχούμενοι
703 1691 758 1783 τῷ
783 1684 923 1786 Κυρίῳ.

152 1785 199 1860 Οί
224 1784 346 1860 πιστοὶ
372 1783 474 1882 ὑπέρ.

150 1883 347 1984 Κατηχήση
372 1887 499 1972 αὐτοῖς
523 1883 601 1962 τόν.

142 1987 382 2086 Ἀσιοκαλάψῃ
409 1988 546 2073 αὐτοῖς.

144 2087 285 2186 Ἑνυίσῃ
311 2087 457 2175 αὐτούς.

150 2199 303 2281 Σῶσον,
329 2190 486 2288 ἐλέησον.

151 2293 199 2369 Οἱ
223 2291 491 2391 κατηχούμενοι
516 2290 583 2374 τὸς
603 2286 777 2389 κεφαλάς.

105 2438 153 2533 ίγη
174 2439 261 2532 άπερ
282 2448 348 2511 τῶν
367 2440 615 2532 κυνηγουμένων
636 2439 704 2527 πρὸ
725 2446 785 2528 τῆς
806 2434 903 2528 άγίας
924 2435 1106 2533 άυαφορᾶς,
1128 2435 1168 2532 ἣν
1189 2437 1208 2510 5
1232 2439 1339 2532 ίερεὸς

558 2540 647 2628 λέγει
667 2547 842 2627 μυστικῶς.

148 2645 264 2746 Κύριε
291 2646 311 2722 5
335 2646 423 2730 Θεὸς
445 2645 567 2743 ἡμῶν,
594 2645 614 2719 5
640 2649 682 2719 ἐν
708 2645 882 2744 οὐρανοῖς
906 2654 1092 2724 κατοικῶν
1115 2675 1148 2748 p.
1163 2650 1248 2724 349.

127 2763 251 2837 ,Μετὰ
282 2764 341 2852 τὴν
373 2759 566 2854 ἒκφῶνησιν,
599 2758 618 2830 ὸ
649 2759 756 2850 ίερεὸς
787 2757 930 2844 ἐξαπλοῖ
959 2763 999 2831 τὸ
1025 2760 1156 2854 είλητὸν
1186 2763 1271 2833 κατὰ
1298 2765 1337 2834 τὸ

105 2858 221 2956 ''5³⁶⁶-

591 2944 629 3015 Ὁ
652 2943 815 3027 διάκονος.

138 3053 247 3131 Ὅσοι
279 3049 547 3149 κατηχούμενοι
585 3051 803 3148 προέλθετε,
840 3051 875 3124 οἱ
906 3047 1175 3147 κατηχούμενοι
1207 3054 1337 3153 προελ-

105 3185 166 3244 ετε,
194 3154 274 3229 ὅσοι
299 3150 566 3249 κατηχούμενοι
599 3152 809 3250 προέλθετε,
842 3147 894 3247 μή
926 3181 982 3236 τις
1005 3160 1084 3226 τῶν
1108 3152 1337 3249 κατηχουμέ-

105 3286 156 3332 ον.
188 3256 297 3334 Ὅσοι
326 3255 459 3331 πιστοί.
490 3256 568 3328 Ἔτι
592 3253 654 3328 καὶ
681 3255 746 3341 ἔτι,
772 3256 814 3329 ἐν
838 3248 963 3350 εἰρήνῃ
988 3261 1057 3329 τοῦ
1082 3252 1226 3351 Κυρίου
1251 3253 1338 3352 δεη-

105 3366 211 3457 ἥμιν.

148 3468 189 3543 ‘0
208 3469 318 3561 χορός.
369 3455 482 3556 Κύριε
507 3455 665 3554 ίλίησον.

562 3706 650 3796 λέγει
670 3711 846 3793 μυστικῶς.

170 3812 232 3888 Σὺ
258 3809 371 3909 Κύριε
396 3811 604 3896 κατίδειξας
628 3811 719 3908 ἡμῖν
744 3809 788 3886 τὸ
813 3810 908 3912 μίγα
933 3817 1045 3885 τοῦτο
1069 3817 1134 3906 τῆς
1154 3807 1337 3906 συντηρίας

105 3912 285 4013 σαιήριον,
312 3914 360 3989 σὺ
384 3913 612 4010 κατηξίωσας
635 3913 735 4010 ἡμᾶς
758 3912 847 3997 τοὺς
869 3909 1066 3995 ταπεινοὺς
1080 3913 1145 3985 καί
1161 3911 1337 3996 ἀναξίους

105 4014 224 4101 ῶλσυς
250 4043 332 4106 σου,
357 4018 534 4119 γενέσθαι
560 4013 793 4117 λειτουργοὺς
816 4022 884 4090 τοῦ
910 4012 1021 4115 άγίου
1042 4035 1111 4088 σου
1127 4014 1337 4109 θυσιαστη-

105 4146 162 4197 ου.
214 4117 278 4193 Σὺ
309 4116 496 4193 ἱκάνωσεν
521 4115 619 4212 ἡμᾶς
643 4124 687 4211 σγ*
714 4113 874 4212 δυνάμει
899 4122 967 4190 τοῦ
992 4112 1101 4215 ἁγίου
1127 4110 1338 4210 πνεύματος

105 4250 116 4306 ς
140 4217 210 4315 τὴν
228 4218 432 4295 ’διακονίαν
455 4216 608 4314 ταύτην,
632 4220 697 4292 ἵνα
723 4215 977 4316 ἀκατακρίτως
1001 4213 1156 4300 στάντες
1176 4213 1336 4292 ἐνυίσιιον

105 4331 130 4406 λς
155 4320 264 4424 ἁγίας
289 4320 397 4418 δόξης
422 4346 504 4409 σου,
529 4315 773 4421 προςάγυιμίν
799 4344 857 4395 σοι
881 4317 1027 4394 θυσίαν
1053 4318 1235 4402 αλνίσειος.
1272 4317 1336 4393 Σὺ

105 4424 139 4523 λρ
171 4423 205 4498 εί
237 4423 258 4497 5
290 4427 452 4526 ἐνεργῶν
475 4421 523 4496 τὰ
548 4419 672 4497 πάντα
697 4424 738 4496 ἐν
763 4429 865 4497 πᾶσι.
917 4419 993 4505 Δὸς
1016 4416 1130 4517 Κύριε
1153 4419 1218 4495 καὸ
1242 4417 1336 4516 ὑπὲρ

105 4532 146 4602 ὸν
167 4523 357 4625 ἡμετέραν
383 4520 676 4623 ἁμαρτημάτων,
702 4514 766 4599 κθ
780 4530 860 4601 τῶν
875 4531 944 4600 τοῦ
960 4530 1054 4598 λαοῦ
1072 4514 1354 4635 άγνοημάᾷιυνς·

232 4630 237 4641 ’
1079 4641 1139 4697 τευ.
