3044 4912
667 240 726 363 ⁹¹·

61 423 118 498 καὶ
141 421 349 531 ἁγιάζοντα
371 425 482 525 ἡμᾶς,
508 428 622 515 αὐτὸς
644 426 847 534 εὐλόγησεν
870 431 940 530 τὴν
963 432 1149 535 πρόθεσιν
1171 437 1328 538 ταύτην,

63 525 119 601 καὶ
141 524 337 655 πρόςδεξαι
361 528 480 627 αὐτὴν
504 535 555 615 εἰς
577 530 623 608 τὸ
646 530 919 632 ὐπεραυράνιόν
941 562 1010 612 σου
1035 536 1325 643 θυσιαστήριον·

66 654 329 759 μηημονευσον,
365 630 417 717 da
451 630 600 734 ἀγαθὸς
630 632 694 711 καὶ
718 633 1000 735 φιλάνθρωπος,
1032 647 1112 715 τῶν
1135 670 1329 746 προςενεγ-

68 758 218 822 ιωνιων,
242 759 308 807 και
332 731 385 809 δι’
406 733 472 818 οὓς
487 731 738 839 προςήγαγον·
763 736 827 812 καὶ
843 736 943 835 ἡμᾶς
959 741 1227 841 ἀκατακρίτους
1244 746 1329 822 θια-

71 828 224 928 φύλσξον
255 836 297 912 ἐν
328 843 377 932 τῖγ
406 835 597 940 ἱερουργίᾳ
627 845 707 913 τῶν
738 837 858 916 θείων
890 865 960 916 σου
993 845 1226 942 μυστηρίων·
1270 848 1330 923 ότιΙ

71 932 228 1034 ἡγίασται
251 935 316 1011 καὶ
340 934 560 1023 δεδόξασται
575 938 620 1014 τὸ
637 937 824 1039 πάντιμον
839 941 901 1016 καὶ
917 945 1188 1070 μεγαλοπρεπὲς
1206 946 1327 1045 όνομά

73 1058 140 1125 σου,
170 1043 239 1112 τοῦ
265 1038 418 1137 Πατρὸς
450 1038 513 1114 καὶ
544 1047 612 1116 τοῦ
645 1041 731 1116 Υίοῦ
764 1041 828 1118 καί
858 1052 926 1121 τοῦ
952 1044 1063 1146 αγίου
1089 1047 1326 1146 Πνεύματος,

73 1144 132 1213 νῦν
153 1137 215 1213 καί
241 1138 299 1214 ἀεὶ
324 1139 387 1215 καί
411 1146 461 1225 είς
484 1140 572 1228 τούς
596 1147 839 1229 almenardo
865 1141 1024 1222 αίαίνων.

602 1289 640 1359 ‘0
663 1290 778 1382 ἱερεύς.

135 1373 272 1474 Ελρήνη
297 1385 422 1454 πᾶσιν.

578 1475 616 1544 Ὁ
638 1477 800 1560 διάκονος.

134 1558 244 1660 Κύριε
270 1561 481 1666 εὐλόγησαν.
1360 1650 1364 1657 .

603 1660 641 1732 ‘0
665 1661 780 1754 ἱερεύς.
1354 1682 1395 1747 ,a

135 1762 340 1869 Εὐλογητὸς
366 1765 386 1842 ὃ
414 1767 513 1858 Θεὸς,
546 1767 567 1842 ὸ
593 1766 759 1871 εὐλογῶν
782 1767 846 1844 καὶ
871 1767 1037 1871 ἁγιάζων
1063 1768 1205 1856 πάντας
1229 1764 1328 1870 ἡμᾶς

73 1862 121 1937 ε’πί
148 1874 191 1962 τῇ
227 1868 403 1965 προθέσει
433 1877 513 1945 τῶν
543 1868 664 1946 θείων
688 1871 752 1945 καὶ
777 1867 977 1969 ἀχράντων
1001 1872 1229 1969 μυστηρίων,
1263 1876 1327 1951 καί

74 1963 127 2049 τὸς
147 1970 332 2066 μακαρίας
356 1970 481 2068 ψυχάς
507 1970 715 2047 ἀναπαύων
730 1972 823 2068 μετά
841 1971 961 2075 ἁγίων
977 1973 1039 2048 καὶ
1058 1972 1228 2066 δικαίων,
1253 1985 1327 2054 νῦν

74 2066 124 2140 καί
147 2068 202 2143 dd
227 2071 290 2146 καὶ
316 2076 367 2156 είς
390 2071 478 2157 τούς
503 2078 642 2157 αίῶνας
667 2080 746 2149 τῶν
771 2070 932 2150 αλαίνων.

575 2202 614 2273 Ὁ
637 2203 800 2286 διάκονος.

137 2309 260 2384 XVIII.
290 2310 369 2403 [Ἓν
395 2307 511 2410 σοφία
536 2307 769 2409 πρόσχωμεν.

515 2435 676 2531 ’Ἀρχεται
696 2439 715 2510 d
738 2437 853 2530 λερεύς.

136 2544 310 2622 Πιστεύω
343 2551 393 2631 ele
425 2547 491 2624 ἕνα
526 2546 618 2621 Θεὸν
653 2545 806 2642 Πατέρα
838 2540 1139 2643 παντοκράτορα,
1175 2548 1328 2644 ποιητὴν

36 2742 40 2747 Ι
76 2647 223 2741 οὐρανοῦ
256 2649 319 2724 καὶ
351 2657 433 2750 γῆς·
468 2647 531 2724 καὶ
563 2653 614 2731 είς
646 2648 712 2723 ἕνα
737 2643 878 2745 Κύριον
896 2646 1043 2743 Ἰησοῦν
1068 2650 1236 2746 Χριστὸν
1261 2650 1328 2727 τὸν

80 2749 150 2825 lide
173 2754 244 2827 τοῦ
273 2755 377 2826 Θεοῦ.
416 2764 487 2832 Καὶ
507 2763 550 2832 τὰ
571 2760 647 2852 ἑξῆς
666 2769 727 2832 τοῦ
749 2761 917 2849 συμβόλου
938 2767 998 2852 τῆς
1018 2760 1185 2848 πίστεως]

338 2896 482 2968 Ἔπειτα
503 2897 680 2982 ἐπεύχεται
698 2895 811 2978 κλίνας
830 2897 888 2967 τὸν
910 2894 1041 2983 αὐχένα.

134 3023 225 3097 xlx.
255 3020 299 3098 Ὁ
323 3017 478 3098 πάντων
506 3017 593 3104 Θεὸς
617 3018 680 3094 καὶ
706 3014 904 3115 Δεσπότης,
937 3019 1063 3103 άξίους
1095 3019 1192 3115 ἡμᾶς
1218 3022 1329 3116 άπὲρ-

67 3148 171 3222 γασαι
195 3126 263 3220 τῆς
287 3122 388 3222 άίρας
411 3118 547 3218 ταύτης
571 3120 658 3205 ταὸς
684 3120 859 3206 ἀναξίους
883 3117 1146 3220 φιλάνθρωπα
1172 3122 1237 3197 ἵνα
1262 3152 1330 3197 κα-

63 3333 140 3383 ειοαιλ.
173 3330 266 3381 lleiuda
294 3328 427 3379 Archidiau
456 3320 504 3376 Ἐν
533 3325 621 3393 σοφίᾳ
650 3327 720 3376 θεοῦ
748 3316 929 3392 πρόσχυμεν.
963 3324 993 3376 Et
1021 3326 1105 3391 Incipit
1128 3328 1254 3378 Sacerdos.
1280 3343 1331 3377 πι-

59 3408 145 3467 utarim
164 3414 204 3471 εἰς
220 3409 271 3463 ἕνα
287 3409 358 3465 θεόν
374 3411 432 3461 κτλ.

141 3500 170 3550 tt.
196 3499 254 3548 l’oat
271 3498 372 3549 Alleluia
390 3498 510 3561 llpmnus:
534 3495 585 3546 Noa
609 3497 649 3561 qui
668 3495 796 3545 Cherubim
820 3495 919 3558 mpetico
937 3503 1147 3559 repraesentamus
1165 3505 1210 3546 ete.
1247 3497 1329 3546 Oratio

57 3601 120 3650 qnae
144 3585 234 3634 dicitnr
257 3583 316 3634 dum
341 3582 475 3647 procedunt
498 3583 586 3631 Sancta
603 3594 632 3628 ex
649 3580 675 3631 S.
693 3580 805 3643 llionpsio
822 3577 978 3644 Areopagita:
1003 3571 1034 3627 τὸ
1058 3570 1175 3644 φρικτόν
1197 3590 1249 3628 σου
1272 3577 1329 3629 κτλ.

56 3670 232 3734 Βεροιίῑλιροε
259 3668 329 3718 donia
358 3668 381 3717 in
410 3674 492 3716 anneta
516 3680 599 3715 menan
618 3664 765 3728 mysticoque
783 3664 869 3726 hymno
888 3679 933 3728 pen
950 3663 1067 3727 populum
1086 3663 1152 3713 linito
1170 3664 1227 3713 lucit
1243 3663 1330 3714 Sacer·

54 3757 101 3807 dos
119 3756 258 3809 orationem
281 3751 470 3817 propositionis:
495 3741 509 3798 ὁ
526 3742 601 3811 θεὸς,
620 3741 634 3797 ὁ
651 3741 717 3803 θεὸς
732 3739 812 3813 ἡμῶν
828 3747 886 3798 κτλ.
904 3757 930 3797 ut
948 3763 969 3797 c.
980 3747 1009 3796 l'l
1030 3755 1054 3796 at
1069 3738 1216 3811 εὐλογητὸς
1233 3738 1248 3796 ὃ
1265 3735 1332 3804 θεός

52 3840 113 3890 κτλ.
132 3847 162 3889 nt
179 3838 254 3889 att.
289 3837 418 3887 lliaoonna.
437 3836 564 3900 Sapienter
582 3834 741 3884 attendamur.
766 3830 883 3896 Pnpnlna.
901 3831 980 3881 Credo
999 3831 1022 3880 in
1040 3844 1114 3880 nnnm
1132 3831 1215 3880 [lenm.
1243 3831 1331 3882 Sauer-

50 3927 101 3978 doa
119 3932 178 3975 orat
195 3921 261 3988 apud
278 3936 306 3973 aa
324 3923 418 3987 ipsum:
438 3914 537 3975 Οὐδεὶς
552 3907 626 3976 άξιος
643 3919 697 3968 κτλ.
715 3927 742 3969 ut
759 3918 783 3967 iu
800 3917 904 3979 liturgia
923 3915 1096 3978 chrysostomi.

140 4009 248 4059 loannea
271 4007 336 4058 Uaro
360 4009 386 4058 in
410 4005 544 4056 Commeat.
559 4021 580 4054 ε.
591 4003 631 4054 21.
665 4003 781 4053 obuoluto
806 4002 918 4052 introitus
940 3999 1025 4050 ordine
1048 3998 1169 4049 Sucordoa
1192 4000 1277 4065 incipit
1302 4015 1332 4053 no

47 4096 129 4147 dicit:
153 4093 282 4144 Credimus
309 4093 333 4142 in
356 4104 430 4142 unum
457 4089 534 4140 lleum
558 4097 603 4139 eto
638 4087 767 4139 Sciendum
785 4094 830 4146 eat,
855 4085 920 4150 quod
938 4085 967 4134 uh
985 4083 1155 4148 Apostolorum
1174 4093 1283 4149 temporo
1299 4085 1332 4136 ud

49 4180 245 4232 Constantinum
270 4178 442 4241 imperatorem
464 4174 498 4224 uh*
518 4174 609 4224 incensi
634 4189 663 4222 ao
684 4172 796 4222 introitur
815 4170 900 4221 ordiue
918 4168 978 4220 nihil
995 4167 1127 4229 dicebatur,
1144 4169 1187 4219 aad
1206 4185 1220 4218 a
1236 4169 1333 4232 liturgia

47 4264 180 4316 Sacerdos
198 4262 336 4314 inchoabat.
371 4259 482 4324 Synodua
499 4273 555 4310 nero
573 4257 623 4309 31ss
641 4234 735 4319 mefinu¹
754 4272 815 4322 quae
833 4255 881 4306 hoo
892 4252 1032 4318 Symbolum
1050 4253 1132 4314 edidit,
1151 4254 1203 4318 ipau
1222 4260 1245 4303 et
1262 4253 1331 4315 illud,

51 4350 118 4400 iuxta
146 4346 324 4398 nonnullorum
346 4344 489 4394 senteutiam
513 4344 610 4394 recitari
634 4350 689 4392 ante
706 4343 830 4392 introitum
847 4339 967 4402 Liturpiee
987 4339 1122 4388 immediato
1139 4347 1195 4402 poet
1212 4337 1333 4400 Euunpelii

51 4436 188 4486 lectionem
208 4432 342 4496 praecepit,
360 4437 433 4493 utque
450 4427 535 4478 fideles
553 4442 599 4478 nna
618 4442 672 4477 cum
690 4426 821 4477 Sacerdote
839 4427 918 4490 ipsum
937 4424 1051 4474 dicerent.

145 4515 284 4585 capntt
318 4514 413 4573 llaheut
436 4513 563 4565 collectam
581 4510 612 4562 hl.
632 4519 656 4564 et
671 4511 699 4564 ll.
732 4509 773 4562 hh
797 4511 854 4562 hae
876 4509 1018 4562 collecta
1040 4505 1336 4560 tortelluronorel

1094 4594 1134 4649 ηε
