3044 4912
824 259 846 331 6

156 470 163 500 t
195 452 242 514 die
262 449 467 529 oosldmeade
487 442 659 510 christliche
673 443 746 507 Welt
759 454 900 526 oeraorgt
913 447 979 509 aad
992 447 1025 507 in
1040 443 1147 517 Lebrc,
1171 440 1468 526 lugenduaterricbt,

194 557 236 616 dn
257 552 359 622 Gebet,
392 553 425 613 ι’νι
446 547 690 630 lodprcieaogen
717 546 797 608 lourz
827 550 860 611 in
889 548 952 611 dere
978 565 1098 628 ponzen
1123 547 1253 628 dirigere
1273 547 1382 612 Kreise
1412 551 1469 613 der

194 653 333 733 Religion
353 650 540 715 eoberctleen
559 647 696 730 ροῑαειιπ
718 648 855 712 bdttcrt.“
906 648 1018 711 Similia
1046 647 1124 730 apud
1144 649 1330 711 vetustiores·
1346 649 1466 712 theolo-

195 773 249 836 gos
272 752 438 816 sexcenties
460 759 627 814 occurrunt.
669 749 762 832 Igitur
783 757 1015 814 consentaneum
1036 758 1115 827 erat,
1136 749 1201 823 illas
1221 750 1372 831 liturgias,
1394 771 1466 834 per-

193 874 296 938 peram
318 853 460 934 apostolis
482 852 623 928 tributas,
655 851 697 914 ita
723 851 761 914 ad
788 871 860 915 suae
887 851 983 932 gentis
1011 851 1139 932 palatum
1161 853 1401 928 accommodare,
1435 864 1468 915 ut

195 957 306 1039 quarti,
336 955 430 1037 quinti
456 955 503 1017 vel
524 955 600 1018 sexti
626 952 736 1016 saeurli
768 972 844 1035 opus
878 973 946 1017 esse
976 954 1222 1017 demonstrarent
1275 954 1361 1017 Aliud
1397 955 1467 1035 quid

195 1077 253 1140 quo
276 1056 386 1119 nodum
409 1056 575 1136 expediret,
598 1055 774 1136 excogitavit
792 1055 927 1118 Andreae
941 1055 1037 1118 Riveti
1058 1057 1156 1131 furor,
1179 1055 1312 1118 docendo
1333 1055 1466 1137 liturgias

155 1140 160 1165 ¹
194 1159 231 1222 ab
253 1161 319 1239 ipso
341 1157 522 1221 Antichristo
545 1158 687 1220 multatas
709 1176 787 1221 esse.
824 1157 941 1220 Etenim
963 1158 1014 1239 qui
1034 1158 1124 1220 huius
1146 1157 1267 1219 lurluris
1291 1166 1361 1220 sunt
1381 1158 1466 1219 fana-

195 1261 261 1336 tici,
283 1259 364 1340 quod
386 1259 443 1321 sibi
465 1259 635 1321 adversatur
656 1266 743 1339 atque
766 1258 924 1334 obnititur,
953 1259 1011 1322 hoc
1032 1259 1142 1321 diaboli
1164 1267 1364 1322 commentum
1385 1278 1466 1322 uun-

194 1380 302 1444 oupare
325 1361 424 1422 solent
444 1368 531 1439 atque
552 1360 660 1421 inlerni
680 1361 894 1442 progeniem.¹)

279 1463 378 1536 Nunc,
407 1469 437 1522 et
463 1459 574 1540 Scyllae
603 1469 633 1523 et
659 1459 819 1542 chaphtis
840 1461 1004 1541 gurgitibus
1034 1461 1183 1536 ostensis,
1222 1461 1408 1541 postulamur
1435 1471 1469 1524 ut

195 1584 259 1628 eam
281 1565 358 1627 nam
372 1563 474 1644 paucis
492 1562 657 1642 aperiamus
673 1582 761 1644 quam
775 1581 832 1624 nos
849 1562 983 1625 ducimus
999 1582 1067 1626 esse
1081 1571 1192 1625 rectam
1207 1571 1238 1625 et
1251 1582 1360 1626 veram.
1392 1563 1468 1626 Ante

137 1710 161 1719 .,
194 1665 293 1728 omnia
314 1664 440 1728 tenenda
455 1664 512 1726 erit
525 1663 745 1745 praetermissis
760 1661 1106 1747 ψευδοπνεαματικῶν,
1128 1675 1246 1745 praeter
1260 1673 1393 1728 naturam
1409 1667 1468 1729 ho,-

118 1792 129 1810 ‘
194 1767 283 1830 minis
305 1766 517 1846 disputantium
536 1765 814 1839 declamationibus,
836 1766 911 1827 ritus
934 1765 1023 1827 divini
1046 1785 1080 1827 ao
1101 1766 1346 1829 caerimoniarum
1369 1767 1468 1847 digni-

194 1877 239 1931 tas
269 1876 298 1930 et
325 1868 529 1946 necessitas.²)
572 1867 751 1946 Apostolos,
782 1866 907 1929 Iudaicis
934 1866 1127 1946 religionibus
1161 1876 1316 1942 assuetos,
1355 1875 1469 1930 tantum

196 1969 280 2033 abest
313 1978 346 2032 ut
374 1989 391 2032 a
419 1970 498 2032 curis
529 1968 675 2050 liturgicis
708 1968 889 2031 abstinuisse
923 1967 1094 2044 credamus,
1127 1976 1161 2031 ut
1191 1969 1252 2031 reri
1285 1969 1468 2032 simillimum

194 2072 249 2146 sit,
284 2091 336 2134 eos
365 2071 471 2133 rrtibus
501 2089 619 2151 quoque
647 2070 777 2132 externis
805 2077 948 2132 attentum
976 2069 1106 2132 animum
1134 2070 1336 2148 advertisse.³)
1387 2072 1470 2133 Facit

193 2173 350 2235 nobiscum
371 2173 564 2236 'lhierscbius
585 2172 663 2234 llist.
684 2172 763 2233 Eocl.
785 2172 808 2232 l.
830 2192 859 2252 p.
873 2173 935 2236 298
965 2206 1035 2244 ‚,-
1056 2173 1135 2235 lber
1156 2173 1233 2235 coci
1255 2174 1351 2252 αἰσίαν
1373 2173 1469 2235 doben

194 2279 253 2337 coir
276 2275 383 2337 Gruod
403 2293 512 2356 perag,
544 2275 601 2336 den
624 2273 730 2335 Cultus
752 2291 814 2335 παν
834 2273 896 2335 leit
918 2273 969 2335 der
990 2272 1144 2336 lebannes
1173 2277 1240 2336 coeit
1262 2273 1380 2335 reiolter
1401 2285 1469 2336 eret-

194 2375 311 2439 roicleelt
331 2396 374 2437 zo
396 2376 524 2446 draken,
554 2373 601 2436 als
633 2374 679 2436 die
705 2373 905 2453 gewdbnliclre
925 2375 1128 2437 orleirclriicbe
1151 2373 1344 2454 Vorstellaop
1364 2379 1468 2437 ποῖαι.

194 2477 235 2540 lle
259 2477 371 2558 crgiebt
392 2476 455 2538 sicle
476 2493 536 2538 ooo
558 2474 660 2548 selbot,
683 2493 770 2536 ιοοππ
785 2476 830 2537 die
844 2478 921 2537 zwei
934 2475 1026 2539 reboo
1042 2478 1115 2539 obeo
1130 2478 1343 2556 aagedeateteo
1358 2475 1470 2537 Webe-

196 2579 293 2641 beiten
326 2576 418 2638 sebon
450 2575 566 2639 domnis
600 2576 654 2637 der
680 2574 791 2637 Kircbe
819 2594 891 2637 zum
919 2576 1123 2639 Bewusstseirt
1146 2577 1318 2658 gclommerr
1344 2596 1468 2640 waren:

196 2680 266 2741 dass
294 2679 340 2741 die
365 2677 528 2758 pdttlioberr
550 2676 775 2757 Anordnuagere
803 2681 835 2738 ιὀο
862 2677 915 2739 der
942 2677 1051 2741 Kirolre
1079 2683 1234 2742 cinerariis
1266 2682 1314 2740 ein
1342 2679 1469 2742 biberes

193 2779 359 2860 geistlicbes
381 2779 537 2859 daologon
558 2798 600 2840 zo
622 2780 716 2841 denen
744 2779 794 2841 des
816 2778 904 2841 litera
928 2779 1125 2843 testamento
1147 2781 1225 2856 sind,
1247 2781 1311 2842 aad
1333 2781 1403 2842 dass
1426 2786 1470 2844 sic

96 2886 101 2897 '
195 2882 383 2944 codrerseits
405 2879 497 2944 seibst
517 2880 580 2942 sicle
602 2880 648 2942 als
669 2880 835 2943 riobtberes
855 2881 961 2944 Attila
982 2901 1024 2943 zo
1045 2886 1128 2944 einer
1150 2881 1353 2945 bimorliscleea
1369 2882 1470 2962 Solig-

195 2981 255 3044 lceit
282 2981 450 3044 ocriolten.
504 2981 574 3044 Wor
602 2983 671 3054 dos,
704 2987 758 3044 ιοιό
786 2982 868 3046 aicit
895 3002 938 3044 zo
965 2984 1121 3063 zweifclo,
1159 3002 1201 3045 zo
1223 2986 1324 3045 ιοίπιε
1345 2983 1409 3045 leit
1430 2988 1470 3046 ιἰπ

266 3250 289 3312 l)
307 3251 358 3302 lluc
375 3252 478 3315 pertinet
496 3251 601 3302 Nealii
621 3253 697 3303 ironia
716 3253 918 3304 adlienaldotinm
938 3253 1062 3303 alludens:
1081 3252 1169 3302 Tetral.
1189 3253 1233 3303 Lit.
1252 3253 1355 3318 plllli
1374 3279 1468 3314 ‚,--—

196 3335 325 3385 Honestius
343 3350 401 3385 sano
419 3344 443 3386 et
459 3336 612 3402 pbilosophis
629 3337 724 3400 dignius
748 3338 812 3388 loret
829 3337 979 3388 calvinianos
1003 3338 1033 3387 ad
1056 3337 1116 3388 baec
1142 3338 1194 3402 ipsa
1220 3337 1300 3388 cilicia
1325 3352 1468 3403 provocare,

197 3421 265 3485 quasi
283 3421 329 3469 ium
348 3421 372 3469 in
396 3421 492 3470 saeculo
517 3422 587 3471 tertio
611 3429 739 3486 corruptae
762 3424 897 3473 testimonia
921 3423 1044 3473 doctrinae
1073 3431 1102 3472 et
1125 3423 1286 3485 rugientis
1310 3423 1413 3474 adbuc
1436 3426 1470 3473 in

197 3505 369 3555 cunabulis
388 3505 567 3569 primordia
584 3507 806 3557 Antichristi.“
841 3506 957 3558 'lbieracb
975 3506 1100 3569 llircbeng.
1119 3507 1196 3558 Prael.
1215 3507 1246 3557 tx
1263 3507 1324 3570 ,‚llie
1342 3507 1470 3558 leierlicbc

195 3589 319 3653 nubetong
337 3590 428 3651 Colles,
453 3590 492 3640 die
510 3591 658 3654 ebroardigo
677 3591 777 3655 Strenge
795 3593 838 3642 der
855 3593 931 3642 Zucbt
954 3591 1002 3641 und
1026 3591 1064 3641 die
1082 3591 1200 3641 Antoritat
1222 3591 1323 3654 beiliger
1342 3592 1468 3642 Ueberlie·

196 3676 280 3738 lerung
298 3688 376 3724 waren
397 3676 439 3724 der
457 3675 542 3725 llirebe
560 3675 708 3737 mendich,
730 3691 776 3726 von
793 3677 885 3738 inlang
902 3691 940 3725 an.
975 3676 1022 3724 Das
1040 3675 1135 3740 Prineip
1154 3676 1197 3726 dcr
1215 3675 1331 3738 Ordnung
1352 3677 1384 3726 ist
1401 3677 1469 3727 nieht

196 3767 245 3809 erst
263 3759 338 3809 durch
355 3759 492 3809 rdmiecben
511 3760 698 3810 llerrscbersinn
722 3761 782 3810 oder
805 3761 880 3810 durcb
905 3760 1087 3810 aulleimenden
1106 3760 1259 3810 Plallenstolz
1283 3761 1307 3810 in
1330 3761 1366 3810 sie
1385 3762 1469 3813 binein

195 3843 364 3904 gslrcmmen.“
401 3843 542 3908 Hippolytus
560 3845 705 3908 intersigna
723 3845 859 3895 antichristi
877 3846 965 3894 relert:
984 3837 999 3904 ἡ
1017 3838 1181 3908 Αειτοοιργία
1198 3838 1386 3908 adsedsione«,

264 3925 288 3984 2)
306 3928 423 3978 Conleras
441 3944 501 3993 quae
519 3929 690 3994 disputavimus
709 3930 767 3979 Col.
786 3930 831 3978 bit.
848 3929 898 3978 Vcl.
914 3929 955 3978 lll.
974 3928 1069 3994 plisq.

263 4009 288 4071 3)
306 4012 369 4061 Sane
386 4014 465 4062 omnis
482 4014 588 4063 omnium
607 4014 755 4077 liturgiarum
781 4014 835 4063 lons
852 4015 951 4066 scaturit
969 4029 997 4063 ex
1015 4014 1055 4063 illa
1073 4029 1130 4066 soce
1148 4014 1246 4064 Paulina
1264 4014 1338 4065 lCor.
1352 4014 1408 4075 xlv,
1420 4015 1469 4065 40:

194 4086 286 4143 πάντα
309 4087 485 4162 εἷσχημόναις
506 4091 552 4145 καὶ
574 4091 644 4146 κατὰ
661 4091 738 4154 τάξιν
760 4093 888 4163 γινέσθω.
938 4099 1004 4149 Adde
1034 4099 1192 4164 apostolicum
1217 4103 1293 4149 sirum
1317 4098 1469 4151 Clementem

195 4181 214 4230 l.
233 4181 302 4245 epist.
322 4181 352 4231 ad
370 4182 478 4232 Corinth.
497 4182 515 4241 l,
530 4181 563 4231 40
586 4174 678 4230 πάντα
694 4173 768 4238 τάξει
784 4181 873 4230 ποιεῖν
890 4173 1050 4250 ὀφείλομεν,
1079 4175 1131 4232 ὅσα
1149 4177 1163 4231 d
1182 4179 1314 4243 decredere
1336 4177 1469 4233 ἐπιτελεῖν

138 4266 145 4273 “
194 4256 329 4313 ἐκέλευσεν
345 4259 414 4313 κατὰ
431 4259 541 4330 καιροὺς
558 4262 738 4334 τεταγμένους
755 4260 803 4320 τάς
821 4281 849 4316 τε
861 4263 1026 4336 προσφορὰς
1035 4263 1080 4317 καὶ
1093 4265 1261 4336 λειτουργίας
1273 4261 1464 4324 ἐπιτελεῖσθαι,

194 4342 241 4395 καὶ
259 4340 306 4396 οὐκ
324 4342 380 4409 εἰκῆ
398 4343 414 4410 ἢ
434 4341 555 4403 ἀτάκτως
571 4346 712 4415 γίνεσθαι,
740 4342 799 4400 ἀλλ’
820 4345 981 4419 ὡρισμένοις
1005 4355 1110 4420 καιροῖς
1126 4349 1171 4402 καὶ
1189 4345 1281 4422 ὥραις.
1308 4380 1341 4389 -
1366 4346 1394 4401 οἱ
1417 4340 1469 4402 οὖν

194 4432 252 4485 τοῖς
269 4430 517 4501 προστεταγμένοις
533 4436 638 4504 καιροῖς
654 4435 795 4492 ποιοῦντες
814 4432 861 4494 τὰς
877 4434 1043 4506 προσφορὰς
1054 4431 1153 4497 αὐτῶν,
1174 4430 1368 4507 εὖπρόσδεκτοί
1379 4451 1408 4489 τε
1419 4431 1470 4486 καί

192 4530 335 4584 μακαριοι.
