3044 4912
738 341 811 416 322

141 549 204 595 uno
226 538 342 594 tantum
362 526 511 591 volumine
533 526 711 602 continetur,
734 535 805 590 sunt
826 526 935 607 quihus
957 526 1117 591 duodecim
1132 526 1335 594 uoluminibus
1355 531 1398 595 iis·

144 651 204 714 que
224 630 299 695 satis
322 624 492 711 ingentibus
513 647 569 709 pro
591 630 740 692 mensium
761 647 886 717 numero
909 629 1119 710 disponuntur.
1144 630 1213 705 Quo
1236 632 1395 699 factumue

142 742 178 797 ut
198 732 407 815 Panegyricus,
430 750 447 794 a
470 730 597 794 dirersis
620 730 652 793 in
674 730 808 793 diversos
830 730 906 794 lines
926 730 1076 808 redactus,
1099 733 1176 814 typis
1198 752 1261 796 non
1284 752 1394 799 excuso

142 835 192 898 sit.
237 834 352 915 Singuli
376 843 474 897 tamen
497 850 663 909 sermones,
687 832 812 894 summis
834 832 1046 896 festivitatibus
1068 833 1214 897 recitandi
1239 836 1393 918 ePenegr·

141 937 206 1000 ricc
227 936 418 1017 transscripti
440 935 562 998 suntin
583 934 706 997 Menaea
728 933 863 1015 aliosque
883 933 978 997 libros
993 935 1228 1011 ecclesiasticos,
1251 938 1297 1001 uti
1308 956 1392 1002 uerno

141 1038 292 1119 paschalis
314 1040 347 1103 S.
370 1035 574 1118 chrysostomi
595 1035 704 1114 legitur
724 1036 755 1098 in
777 1035 1001 1099 Pentecostario
1024 1044 1080 1099 etc.

217 1140 295 1203 xvl.
310 1137 600 1216 llirmologium,
622 1128 912 1220 Ελρμολόμιον.
927 1130 1211 1224 νοσσιιιελρμός,
1229 1157 1318 1219 quam
1332 1158 1393 1202 nuo·

141 1239 216 1304 nulli
249 1248 433 1322 componunt
459 1257 527 1302 cum
548 1238 725 1301 Latinorum
747 1238 898 1312 Tracta,
928 1239 1142 1321 interpretatur
1162 1240 1298 1304 Zonaras
1321 1242 1393 1304 Com

140 1350 233 1405 ment
255 1342 287 1404 in
310 1342 447 1405 (lenones
468 1339 676 1403 Anastasimos
697 1340 906 1402 Damasceni
897 1359 928 1402 m
950 1342 1122 1422 prooemio:
1144 1334 1268 1461 εἶρμὸς
1296 1336 1395 1407 oeu-

139 1463 234 1527 γεται
255 1434 303 1518 ὥς
324 1433 528 1506 ἀκολουθίαν
548 1435 623 1504 τινὰ
643 1461 701 1504 και
690 1434 814 1518 τάξιν
827 1436 950 1523 μέλους
963 1438 1021 1506 καὶ
1034 1434 1195 1535 ἆρμονίας
1210 1438 1326 1520 διδοὺς
1337 1442 1415 1541 τοῖςῇ

138 1537 208 1625 μετ’
224 1535 328 1607 αὐτοῦ
347 1534 559 1628 τροπαρίοις
581 1536 667 1628 πρὸς
681 1537 792 1627 γὰρτὸ
807 1543 873 1606 τῶν
888 1536 1010 1628 ελρμῶν
1022 1532 1179 1627 μέλος’
1137 1565 1273 1609 κακεινα
1287 1536 1395 1630 ρυθμί-
1413 1552 1415 1585 ²

140 1640 254 1722 ζονται
273 1639 331 1708 καὶ
350 1639 437 1765 πρὸς
457 1638 589 1765 έκεῖνφν
610 1635 842 1730 ἀναφερόμενα
862 1664 922 1708 του
906 1639 1175 1732 μελωδήματος
1189 1638 1348 1711 ἐκεῖνον’
1329 1665 1395 1710 σκο-

139 1737 404 1830 λουθοῦσινῆ“
384 1767 439 1810 οτι
459 1736 601 1831 συνείρει
622 1767 679 1810 και
668 1737 917 1827 συμνιλέκειί
903 1767 1010 1832 εαυτφ
1030 1743 1115 1812 κατὰ
1134 1742 1173 1811 τὸ
1190 1740 1323 1830 μέλος(
1305 1769 1324 1812 ο
1338 1739 1395 1830 eieu

138 1841 203 1929 μὸς
222 1843 262 1912 τὸ
282 1841 476 1935 τρονιάριον.
483 1848 505 1926 ¹)
539 1847 705 1909 hdiieietur
725 1846 881 1911 doctrinae
902 1847 1080 1930 exemplum.
1109 1849 1250 1962 Hirmus:

442 1940 585 2033 ἀνάρχου
608 1940 801 2033 μεννήτορος

447 2042 528 2127 Υἱὸς
542 2044 631 2125 Θεὸς
650 2071 707 2114 και
697 2042 847 2134 Κύριος

442 2145 630 2237 σαρκωθείς
651 2146 687 2215 ἐκ
700 2144 883 2235 Παρθένου
903 2142 983 2235 ἡμῖν
1003 2145 1163 2239 έπέφανε,

440 2248 483 2316 τὰ
504 2244 720 2334 έσκοτισμένα
742 2243 897 2337 φωτίσαι,

441 2355 634 2438 συναγαγεῖν
654 2348 698 2417 τὰ
718 2347 982 2438 έσκορνιισμένα·

441 2451 495 2519 διὸ
517 2450 576 2540 τὴν
596 2446 807 2538 πανάμνητον

443 2548 608 2619 Θεοτόκον
628 2548 861 2638 μεγαλύνομεν.
904 2557 1082 2638 Troparium
1103 2557 1249 2639 primum:

442 2649 525 2719 ἰδεῖν
548 2651 725 2740 ἐφιέμενος

441 2751 500 2839 τὴν
522 2749 621 2832 δόξαν
642 2758 702 2819 τοῦ
725 2751 854 2821 Θεοῦ(
834 2760 927 2842 ημῶν

441 2849 567 2940 ἀρετῶν
586 2849 753 2947 εὐμορφίᾳ
774 2857 895 2924 σαυτὸν
915 2853 1102 2938 έκάλλυνας,

438 2953 495 3022 καὶ
516 2953 782 3044 λαμπαδηφόρος
804 2955 958 3047 εἰσῆλθες

441 3053 489 3136 εἷς
510 3056 693 3146 φιοτεινοὺς
710 3064 890 3148 νυμφῶνος
905 3056 1067 3147 Ἀγγέλιυν

440 3157 546 3225 συνών
566 3166 613 3248 τῷ
634 3156 793 3251 Ascalon
816 3184 876 3229 σου

441 3256 620 3328 ἀπολαύων
642 3267 700 3350 τῆς
713 3260 882 3342 θεώσειος.
926 3266 1103 3347 Troparium
1126 3267 1309 3330 secundum:

440 3358 486 3441 οἷς
507 3356 633 3450 ὄρθρος
660 3360 707 3442 ὥς
726 3361 822 3452 ἥλιος

440 3459 604 3531 ἀνέτειλεν
625 3461 645 3553 ἦ
667 3462 838 3554 μνήμησου

436 3564 498 3644 τὰς
519 3565 554 3634 έν
577 3563 669 3656 ζόφφ
690 3562 828 3654 καρδίας
847 3562 1125 3655 καταφωιίζουσα

439 3665 480 3734 σὺ
501 3666 563 3757 γὰρ
584 3665 642 3735 καὶ
663 3665 776 3757 φωτὸς
795 3666 852 3734 καὶ
871 3663 997 3755 ἡμέρας

439 3765 484 3848 ὡς
505 3765 644 3858 ἀληθῶς
668 3766 747 3848 Υἱὸς
769 3767 972 3858 ἕγνωρίσθης

438 3866 590 3959 θεόφρον
618 3865 781 3955 εὐδόκιμε.

438 3971 496 4038 διὰ
516 3967 614 4037 τοῦτό
637 3994 675 4037 σε
694 3970 898 4059 μεραίρομεν.

218 4078 358 4141 Continet
379 4078 593 4156 llirmologium
617 4095 719 4139 omnes
743 4076 887 4139 Octoechi
909 4077 1023 4138 hirmos
1046 4076 1185 4138 herilium
1208 4094 1243 4137 ac
1260 4078 1393 4158 Deiparae

134 4181 367 4244 sollemnitatum
391 4190 420 4242 et
441 4180 533 4241 totius
557 4179 637 4242 anni.
680 4179 816 4260 Inspexit
837 4178 961 4241 hllatius
985 4179 1016 4238 in
1038 4179 1223 4242 Bibliotheca
1241 4180 1394 4242 Barberioa

218 4436 241 4495 ll
260 4437 339 4500 Typle.
359 4436 455 4486 Consl:
470 4421 666 4500 ‘Olilnucc'
639 4447 663 4482 ει
665 4447 710 4481 ναι
727 4426 811 4498 μία
797 4449 814 4480 ιι
817 4448 867 4497 ρχρ
885 4430 931 4481 καί
948 4431 1188 4529 τώνΤροπαρίησν
1207 4432 1312 4485 καιῦλτ
1312 4448 1329 4482 ν
1342 4431 1400 4482 Ὠι

131 4514 172 4565 ἀῶ
151 4532 198 4580 ων,
222 4517 270 4568 καλ
294 4511 388 4574 ἀτελῶς
409 4509 475 4567 olco
498 4533 546 4566 του
531 4512 698 4573 υΚανόνος.
735 4509 880 4586 Τροπάρια
898 4513 929 4566 ἀὲ
945 4516 1072 4583 λέρονιαι
1063 4510 1123 4564 arri
1139 4508 1278 4595 μειιζιςόν
1295 4511 1405 4586 Βλριιον

119 4597 341 4670 ἀκολουθυυνια,
360 4597 457 4668 lucelli
476 4598 505 4653 τὸ
523 4601 606 4668 μέλις
622 4601 748 4671 τρέπεται
765 4598 833 4652 κατὰ
851 4594 881 4652 ai
898 4601 1000 4669 μέτρον
1019 4600 1067 4651 τοῦ
1082 4598 1213 4670 Είρμοῦ.
1279 4626 1287 4641 ·
