3044 4912
688 108 775 183 Ι164

98 292 328 396 σαλαγχνία,
371 293 428 369 ὅτι
464 292 511 370 οὐ
545 287 808 390 δυναίμεθα*
785 299 1001 419 υπενεγκεῖν
1033 290 1101 373 διὰ
1135 293 1206 392 τὴν
1239 293 1382 391 πολλὴν

97 397 210 497 ἡμῶν,
234 395 453 472 ἀσθένειαν·
483 394 577 470 ἀλλά
603 393 760 492 ποίησον
785 393 858 471 σῦν
882 425 937 496 τῳ
963 403 1158 495 πειρασμῷ
1183 424 1248 470 και
1234 394 1381 492 ἔκβα-

99 524 174 591 σιν,
210 507 278 574 τοῦ
311 495 552 574 δόνασθαι”
530 505 630 625 ημᾶς
653 496 877 626 ὑπενεγκεῖν.
931 497 994 573 Σὺ
989 497 1094 626 γὰρ
1120 496 1311 581 ἔδωκας
1288 503 1381 623 ημῖν

98 600 303 700 ἐξουσίανί)
330 606 461 675 πατεῖν
485 595 659 677 ἐποίνω”
639 626 764 698 σφεων
783 599 847 674 καὶ
865 598 1068 697 σκοραίων,
1093 626 1159 675 και
1146 597 1235 674 ἐπὶ
1251 607 1381 675 πᾶσαν

98 703 168 832 τὴγ
194 700 360 799 δύναμιν
384 709 453 777 τοῦ
479 703 633 800 ἐχθροῦ.
656 711 842 804 Ἐκφώνως.
879 700 981 795 [Ὅτι
1006 709 1076 778 σοῦ
1101 699 1204 776 ἐστὶν
1228 699 1381 802 ἡβασι-

100 803 179 880 λεία
204 804 268 880 καὶ
291 834 315 900 η
301 801 531 899 δύναμις]
659 895 699 967 0
727 895 810 979 λαός

171 985 299 1087 Αμήν,
651 1081 661 1108 K
713 1082 723 1108 t
790 1080 799 1107 Ι

661 1087 828 1172 Οιερευς.

178 1178 268 1252 ΧΙΧ.
302 1169 441 1271 Εἰρήνη
466 1179 594 1248 πᾶσιν.

628 1282 667 1353 ‘0
689 1282 853 1369 διάκονος.

209 1391 284 1475 Τάς
308 1389 472 1491 κεφαλὰς
495 1389 603 1487 ἡμῶν
627 1398 682 1488 τῷ
700 1390 825 1486 Ἰησοῦ
848 1389 1007 1466 κλίνατε.

663 1517 701 1588 ‘0
730 1520 822 1602 λαός.

181 1611 245 1687 Σὺ
269 1605 384 1708 κύριε.
609 1624 612 1631 “

552 1703 625 1774 Η0
614 1704 721 1796 ιερεός
740 1706 928 1793 ἐπεύχεται.

181 1812 353 1889 Δέσποτα
377 1806 480 1909 κύριε
506 1840 527 1884 ο
512 1807 701 1901 ‘3⁸65‘
683 1841 702 1885 ο
728 1807 1012 1909 παντοκράτωρ,
1040 1814 1060 1887 6
1084 1810 1342 1911 καθήμενος
1326 1815 1381 1892 επὶ

103 1917 212 2015 767²)
242 1911 443 2043 χερουβία,
477 1910 542 1987 καὶ
574 1908 869 2042 δοξαζόμενος
845 1913 920 1988 υπὸ
945 1915 1055 2013 767³)
1083 1915 1265 2015 σεραφίμ·
1302 1917 1382 2003 ὄέξ

104 2016 259 2097 ῦῦοίτων
262 2013 451 2147 οὐρανὸν
478 2010 673 2104 σκευάσας,
699 2013 763 2090 καὶ
789 2020 866 2099 τοῖς
890 2022 969 2091 τῶν
991 2015 1159 2115 ἀστέρων
1175 2023 1304 2117 χοροῖς
1319 2048 1382 2095 κα-

105 2115 359 2246 τακοσμήσας·
396 2115 416 2191 6
442 2115 532 2192 ἐν
509 2115 682 2214 υιγίστοις
709 2113 933 2212 ἀσωυοίτους
958 2117 1127 2244 ἀγγέλων
1153 2118 1384 2218 συστησάμε-

105 2252 170 2308 νος
202 2217 390 2320 στρατιαῖς,
423 2216 516 2316 πρὸς
541 2215 723 2303 ἀεννάους
747 2190 1001 2347 όόξολογίας
1014 2218 1073 2294 σοὶ
1098 2219 1357 2348 ἒκλίναμεν
1319 2248 1384 2298 τον

107 2324 246 2453 αάχενα
279 2330 358 2396 τῶν
389 2327 528 2417 ψυχῶν
560 2320 624 2395 καὶ
655 2328 734 2398 τῶν
768 2317 956 2417 σωμαίτων
980 2319 1104 2418 ἡμῶν,
1136 2320 1180 2397 τὸ
1205 2330 1274 2420 τῆς
1297 2322 1385 2400 δαυ-

108 2427 206 2509 λείας
231 2420 438 2546 πρόσχημα
456 2419 711 2516 σημαίνοντες,
736 2451 800 2496 και
788 2418 993 2520 δεόμεθά
1019 2447 1102 2513 σου,
1131 2422 1199 2508 τὰς
1225 2447 1387 2500 σκοτοει-

108 2527 182 2610 δεῖς
207 2534 272 2620 τῆς
298 2520 482 2618 ἁμαρτίας
508 2519 734 2620 ἐφόδουςέκ
711 2531 823 2620 κτῆς
854 2523 965 2620 ἡμῶν
992 2524 1161 2610 διανοίας
1187 2526 1387 2617 ἀπόλυσον,

107 2628 171 2704 καὶ
195 2632 276 2708 ταῖς
300 2632 369 2699 τοῦ
395 2623 505 2750 ἁγίου
531 2648 600 2698 σου
627 2622 835 2699 θεοείάεσιν
860 2627 993 2727 αὐγαῖς
1012 2625 1080 2702 τὸν
1096 2627 1297 2759 ηιιετερον
1293 2638 1388 2705 νοῦν

107 2724 487 2826 καταφαίάρυνον,.’
467 2753 565 2808 οπως
595 2733 641 2821 τῇ
674 2721 809 2853 γναίσει
843 2752 912 2802 σου
946 2727 1237 2827 πληθυνόμενοι,
1277 2732 1389 2816 ἀξίως

108 2827 380 2959 μετάσχοιμεν
389 2835 468 2902 τῶν
500 2829 753 2924 προκειμένων
776 2826 868 2924 ἡμῖν
894 2829 1070 2933 ἀγαθῶν,
1102 2839 1170 2906 τοῦ
1197 2829 1390 2931 ἀχρόντου

109 2929 299 3057 σώματος,
319 2929 382 3005 καὶ
408 2937 474 3004 τοῖ
502 2928 627 3025 τιαίου
654 2932 810 3027 αἵματος
837 2939 906 3005 τοῦ
930 2941 1157 3058 αονογενοῦς
1183 2959 1254 3009 σου
1287 2938 1390 3025 Υιοῦ,

108 3043 176 3108 τοῦ
212 3033 358 3127 κυρίου,
396 3030 459 3104 καὶ
495 2998 590 3105 θίοῦ
625 3031 688 3105 ’καὶ
724 3059 889 3130 σωτηρος
921 3033 1032 3131 ημῶν
1057 3036 1178 3164 Ἰησοῦ
1203 3040 1390 3131 Χριστοῦ,

110 3142 318 3254 συγχωρρῖν
351 3132 443 3227 ημῖν
475 3139 553 3208 πᾶν
585 3132 737 3216 εἷόος
715 3143 923 3231 αμαρτιῶν,
961 3135 1026 3210 ἀιά
1058 3165 1133 3234 την
1161 3137 1301 3234 πολλὴν
1327 3140 1392 3215 καὶ

110 3231 391 3332 ἀνεξιχνιαστόν
417 3259 485 3309 σου
512 3232 745 3335 ἀγαθότητα,
768 3233 894 3333 χάριτι
919 3236 983 3311 καὶ
1009 3243 1210 3337 οἶκτιριιοῖς
1234 3239 1299 3313 καὶ
1327 3268 1392 3341 φι-

109 3336 335 3466 λανθρωτιία
361 3343 429 3409 τοῦ
419 3345 680 3462 μονογενοῦς
706 3364 775 3412 σου
808 3340 904 3413 Υῖοῦ
944 3349 1127 3467 Ἔκφώνως,
1165 3339 1217 3413 δι’
1248 3334 1295 3416 οὗ
1327 3343 1393 3417 καὶ

109 3441 198 3536 μεθ’
240 3433 284 3515 οὗ
318 3437 377 3513 σοὶ
409 3468 432 3533 η
466 3434 558 3522 όόξα
590 3438 653 3512 καὶ
685 3438 729 3513 τὸ
760 3437 895 3538 κρότος
931 3441 1002 3515 σὺν
1038 3449 1092 3540 τῷ
1126 3441 1300 3544 παναγίῳ
1328 3445 1393 3519 καὶ

111 3543 280 3639 ζωοποιεῖ)
307 3537 501 3636 πνεύματι

660 3636 836 3728 Ὁῖερεός.

188 3731 324 3803 ΧΧ.Ε
325 3723 432 3823 ῖρίνη
457 3738 583 3801 πᾶσιν.

632 3822 670 3892 Ὁ
693 3821 856 3903 διάκονος.

189 3912 301 3987 Μετὰ
329 3908 455 4012 φόβου
483 3913 619 4010 θεοῦ.4)

200 4053 222 4113 1)
240 4052 328 4096 Fabrie.
346 4048 469 4105 ἐξουσίας.
542 4055 566 4113 2)
584 4032 670 4096 ἀτονία.
689 4045 744 4096 τόν.
815 4043 1083 4114 3)Ρο1οιίσ.ῦιιὸτοῖ·.
1155 4053 1179 4112 4)
1197 4054 1292 4100 Nonius
1302 4060 1396 4113 supplet

112 4132 139 4166 ex
156 4123 238 4167 Iacobo
256 4116 418 4185 προσχοῖμεν.
1254 4151 1261 4155 .

106 4225 415 4239 Μ

199 4291 256 4353 Cap.
276 4289 322 4340 XX.
359 4288 405 4337 lac.
424 4286 464 4336 40.
483 4286 525 4337 41.
559 4286 614 4336 Bas.
634 4286 761 4337 Diacouus.
780 4287 839 4339 Cum
858 4296 944 4338 umore
961 4289 1012 4339 Deo
1030 4288 1190 4340 attendamus.
1225 4289 1336 4355 Populus
1355 4293 1394 4342 di-

112 4378 160 4420 σοι.
179 4369 243 4420 Unus
261 4371 331 4420 Pater
350 4378 455 4418 sanctus.
484 4368 528 4420 Ubi
546 4371 667 4420 Diaconus
686 4371 778 4429 dixerit.
802 4372 862 4424 Cum
880 4374 975 4438 timore,
994 4382 1038 4424 ιιι.
1066 4372 1181 4440 Populus.
1202 4375 1274 4440 Kyrie
1292 4376 1388 4426 eleison
