3044 4912
814 224 864 299 08

205 412 298 513 τρίψ
265 433 342 513 ψας
365 416 444 496 τοῖς
467 413 669 507 μαθηταῖς,
696 405 894 507 ἀνελήφθη
918 411 970 491 εἰς
985 403 1073 490 τούς
1088 402 1285 535 ρύνανούς,
1311 428 1378 481 και
1362 400 1480 479 ἐκα-

205 515 333 612 θέσθη
359 517 400 591 έκ
426 512 489 598 δεξ
469 516 559 598 ξιῶν
584 535 655 586 σου
678 517 748 587 τοῦ
776 515 870 586 θεοῦ
894 507 959 585 καὶ
983 503 1123 609 πατρὸς
1148 507 1276 584 αὐτοῦ.
1286 506 1310 603 1)

283 652 336 727 XI
339 652 373 726 V
409 647 655 746 Μεμνημένοι
688 641 758 723 οὐν
790 639 847 722 ῶν
878 643 979 720 διΗ
958 652 1058 742 ημᾶς
1087 642 1295 740 ὑπέμεινεν,
1329 640 1479 739 εὐχαρι-

206 767 367 866 στοῦμέν
399 792 470 858 σοι,
506 763 569 842 θεὲ
603 760 882 866 παντοκράτορ,
916 763 985 860 οὐχ
1017 762 1108 839 ὅσον
1137 759 1355 862 ὐφείλομεν,
1394 758 1473 835 ἀλλ’

205 884 297 964 ὅσον
329 880 558 983 δυνάμεθα,
577 883 652 973 καὶΙ
671 882 740 982 τὴν
771 879 943 969 διάταξιν
968 881 1086 958 αὐτοῦ
1110 888 1335 981 πληροῦμεν.
1388 868 1477 975 ἕνῇ

204 1003 279 1108 γὰρ
309 1004 418 1083 νυκτὶ
447 1002 685 1105 παρεδίδοτο,
718 1000 848 1100 λαβὼν
880 1002 996 1103 ἀρτον
1026 1005 1108 1085 ταῖς
1133 996 1258 1102 ἀγίαις
1280 995 1345 1074 καὶ
1371 991 1476 1113 ἀμοί-

204 1152 289 1222 μοις
321 1123 437 1199 αὐτοῦ
469 1121 588 1220 χερσὶ,
621 1120 686 1198 καῖ
718 1120 936 1218 ἀναβλέψας
960 1118 1053 1219 πρὸς
1078 1116 1118 1193 σε’
1143 1117 1212 1195 τὸν
1239 1116 1333 1194 θεὸν
1359 1115 1477 1191 αὐτοῦ

203 1241 269 1317 καῖ
292 1241 456 1387 πατέρα,
470 1240 535 1315 καὶ
558 1236 710 1328 κλάσας,
735 1237 859 1314 ἔδωκε
874 1244 952 1322 τοῖς
974 1241 1178 1335 μαθηταῖς,
1204 1232 1336 1312 εἰπεῖν·
1365 1242 1478 1310 τοῦτο

99 1432 107 1445 ,
204 1358 248 1433 ’τὸ
273 1355 481 1504 μυστήριον
503 1364 569 1454 τῆς
592 1365 722 1455 καινῆς
747 1352 946 1501 διαθήκης·
983 1353 1115 1455 λάβετε
1140 1358 1180 1442 ξ
1203 1355 1335 1445 αυτου,
1362 1350 1477 1456 ηάγε·

205 1502 261 1552 τε·
297 1484 409 1552 τοῦτο
399 1472 575 1549 ’.ἐστι
535 1496 589 1555 το
606 1470 716 1589 σῶμά
741 1502 829 1573 μου,
862 1472 905 1550 τὸ
931 1473 1014 1576 περὶ
1038 1481 1186 1550 πολλῶν
1210 1468 1478 1575 θρυπτόμενον

206 1595 306 1679 εἶς’
289 1596 425 1695 άφεοιν
450 1592 663 1692 ἁμαρτιῶν·
700 1588 874 1678 ῶςαύτιος
899 1623 963 1668 και
949 1592 1029 1669 τὸ
1055 1589 1231 1739 πρτήριον
1255 1586 1419 1692 κεράσας
1442 1592 1480 1675 ἐξ

206 1715 312 1789 οίνου
328 1742 392 1787 και
379 1708 556 1801 ὕδατος,
581 1711 645 1789 καὶ
662 1708 832 1814 ἁγιάσας,
858 1710 1102 1788 ἐπέδωκεν’
1057 1717 1196 1802 αυτοῖς,
1217 1711 1354 1815 λέγων·
1382 1707 1478 1785 πίετε

206 1834 246 1917 ἐξ
276 1831 393 1909 αὐτοῦ
417 1826 570 1915 πάντες·
603 1828 715 1908 τοῦτό
740 1834 817 1905 ἐστι
841 1829 885 1906 τὸ
899 1827 1007 1928 ,αἷμά
1031 1859 1125 1928 μου,
1153 1828 1196 1905 τὸ
1222 1828 1307 1929 περὶ
1331 1835 1480 1905 πολλῶν

205 1945 455 2048 ἐκχυνόμενον
478 1946 571 2034 εἶς’
554 1950 691 2050 άφεσιν
715 1948 922 2047 ἁμαρτιῶν
947 1956 1059 2030 τοῦτο
1085 1954 1218 2024 ποιεῖτε
1233 1952 1285 2033 εἰς
1300 1946 1373 2045 τὴν
1387 1944 1479 2043 ἐμὴν

163 2093 169 2103 ·
206 2065 429 2167 ἀνάμνησιν.
476 2063 604 2153 ὁσάκις
633 2064 707 2170 γὰρ
734 2066 801 2143 ἐὰν
826 2066 975 2165 ἐσθίητε
999 2066 1119 2144 τόν”
1094 2094 1211 2212 ριρτον
1234 2073 1385 2156 τοῦτον,
1416 2060 1479 2139 καὶ

206 2186 334 2285 πίνητε
358 2217 402 2262 το
427 2181 605 2287 ποτήριον
628 2192 752 2277 τοῦτο,
778 2185 846 2264 τὸν
870 2182 1106 2264 θάνατον
1069 2216 1137 2262 τον
1161 2183 1254 2284 ἐμὸν
1271 2180 1481 2286 καταγγέλπ

206 2306 349 2396 λετε,”
324 2335 430 2407 αχρις
456 2304 505 2381 ἀν
530 2307 642 2380 έλθῶ.
683 2305 911 2404 μεμνημένοι
936 2302 1068 2382 τοίνυν
1091 2312 1160 2381 τοῦ
1185 2299 1337 2389 πάθους
1361 2301 1479 2379 αὐτοῦ

203 2423 269 2500 καὶ
299 2431 368 2498 τοῦ
394 2420 589 2517 θανάτου,
621 2420 686 2497 καὶ
716 2432 781 2521 τῆς
805 2426 846 2499 ἐκ
871 2433 1015 2522 νεκρῶν
1041 2420 1292 2511 ἀναστάσεως,
1325 2420 1390 2497 καῖ
1413 2427 1482 2517 τῆς

205 2546 256 2625 είς
288 2537 471 2638 οὐρανούς
502 2536 703 2629 ἐπανόδου,
736 2540 801 2616 καὶ
831 2550 896 2639 τῆς
927 2539 1129 2640 μελλούσης
1161 2541 1278 2619 αὐτοῦ
1304 2539 1480 2637 δευτέρας

205 2657 423 2755 παρουσίας,
456 2660 498 2733 ἐν
528 2651 553 2755 ᾗ
586 2660 729 2757 ἔρχεται
759 2658 854 2757 μετὰ
889 2658 997 2758 δόξης
1022 2656 1321 2756 καὶδυνάμεως,
1353 2664 1479 2758 κρῖναι

206 2775 349 2866 ζῶντας
380 2774 444 2850 καὶ
475 2775 639 2874 νεκρούς,
671 2775 735 2852 καὶ
767 2776 976 2855 ἀποδοῦναι
1009 2775 1152 2876 ἑκάστῳ
1185 2777 1280 2853 κατὰ
1312 2775 1362 2851 τά
1387 2778 1479 2879 ἔργα

207 2893 338 2983 αὐτοῦ,
364 2894 617 2995 προςφέρομέν
642 2918 701 2970 σοι
724 2904 778 2994 τῷ
804 2898 952 2993 βασιλεῖ
974 2895 1037 2970 καὶ
1066 2900 1158 2994 Θεῷ,
1194 2893 1288 2970 κατά
1314 2893 1386 2992 τὴν
1411 2893 1481 2969 αὐ-

205 3020 273 3088 τοῦ
299 3008 482 3103 διάταξιν,
507 3011 576 3090 τὸν
601 3014 718 3112 ἄρτον
743 3022 890 3104 τοῦτον,
916 3013 980 3090 καί
1004 3010 1244 3116 τάζποτήριον
1265 3021 1392 3103 τοῦτο,
1418 3010 1481 3089 εὐ·

202 3130 466 3229 χαριστοτῖντές
502 3159 560 3207 σοι
584 3131 635 3208 δι’
667 3132 797 3223 αὐτοῦ,
824 3135 884 3233 ἐφ’
915 3131 970 3218 οἷς
993 3131 1222 3231 κατηξίωσας
1245 3131 1344 3229 ἡμᾶς
1370 3126 1481 3209 ἑστά-

205 3278 270 3325 ναι
297 3245 458 3325 ἒνῶπιόν
483 3274 565 3340 σου,
597 3250 661 3325 καὶ
684 3248 885 3349 ἱερατεύειν
911 3276 982 3341 σοι,
1007 3252 1070 3327 καὶ
1096 3251 1271 3347 ἀξιοῦμέν
1297 3274 1352 3340 σε,
1375 3248 1482 3333 Ι’ὅπως

205 3367 370 3464 εὐμενῶς
401 3367 599 3465 ἐπιβλέιμης
630 3370 690 3444 ἐπὶ
719 3370 777 3446 τά
791 3369 1013 3470 προκείμενα
1039 3369 1146 3469 δῶρα
1172 3378 1290 3444 ταῦτα
1317 3364 1480 3446 ε’νιύπιόν

207 3508 289 3575 σου,
316 3482 364 3560 σύ
391 3483 410 3559 ὃ
437 3484 611 3583 ἀνενδεὴς
631 3487 730 3579 Θεὸς,
756 3489 819 3564 καῖ
844 3484 1045 3585 εὐδοκήσης
1069 3490 1126 3563 ἐπ’
1158 3488 1283 3572 αὐτοῖς
1299 3492 1350 3572 εὶς
1366 3486 1481 3585 τιμὴν

202 3650 513 3664 ——————-

293 3728 317 3789 1)
342 3728 380 3778 Uli
405 3726 554 3792 praecedens
573 3726 655 3779 Oratio
680 3730 771 3780 orando
797 3731 907 3794 exposuit
931 3729 1063 3780 doctrinam
1089 3728 1119 3781 de
1137 3727 1215 3788 Ρτῑτε,
1239 3728 1271 3777 itu
1290 3742 1352 3792 quse
1369 3726 1483 3792 seqnitur

208 3812 327 3876 τρρεΙΙττί
351 3820 432 3877 potest
455 3813 611 3878 paraphrasis
635 3814 728 3865 articuli
746 3814 853 3865 secundi.
890 3814 960 3874 Quod
977 3814 1083 3877 Litargia
1101 3814 1181 3863 minus
1199 3820 1266 3863 curat
1282 3812 1400 3876 Spiritum
1415 3812 1481 3862 Snu-

208 3903 272 3945 ctum
292 3897 397 3947 ostendit
414 3905 531 3947 τεττοετσι
550 3898 602 3947 ελσε
620 3899 745 3961 originem.
781 3898 944 3962 chrysost
964 3900 1034 3949 Hom.
1052 3897 1086 3948 24
1103 3899 1127 3948 in
1147 3898 1238 3950 icon:
1261 3888 1394 3962 εὐλογίαν
1410 3887 1484 3946 ὅταν

206 3968 288 4042 stad,
304 3970 395 4029 πάντα
413 3973 581 4031 ἀναπτύσσει
598 3974 647 4031 τὸν
663 3981 709 4044 τῆς
725 3975 882 4048 εὐεργεσίας
899 3980 947 4030 τοῦ
962 3980 1031 4031 θεοῦ
1046 3973 1200 4050 θησαυρόν,
1216 3978 1264 4031 καλ
1279 3977 1335 4029 τῶν
1343 3970 1481 4048 μεγάλων

206 4055 321 4111 ἐκείνων
345 4054 565 4133 ἀναμιμνήσκων
589 4062 701 4129 δωρεῶν
723 4063 771 4113 καλ
793 4061 847 4132 γὰρ
869 4063 917 4114 καλ
939 4058 1018 4131 ἡμεῖς
1041 4061 1214 4133 ἐπιλέγοντες
1236 4063 1272 4129 τῷ
1289 4066 1414 4133 ποτηρίῳ
1432 4057 1483 4121 τάς

207 4135 333 4213 ἀφάτους
354 4140 513 4213 εὐεργεσίας
535 4146 582 4198 τοῦ
596 4147 664 4199 θεοῦ
680 4146 728 4197 καλ
750 4140 1087 4217 ὅσωνάπολελαύκαμεν,
1111 4142 1196 4207 οὕτως
1212 4139 1280 4198 αὐτὸ
1296 4138 1481 4219 προςάγομετ

207 4228 255 4280 καλ
272 4229 469 4296 κοινωνοῦμεν,
487 4224 718 4299 εὐχαριστοῦντες,
735 4224 776 4282 ὅτι
793 4231 837 4295 τῆς
854 4223 960 4295 πλάνης
976 4220 1118 4296 ἀπήλλαξε
1132 4248 1159 4283 τε
1177 4230 1231 4283 τῶν
1249 4226 1412 4300 ἀνθρώπων
1428 4232 1480 4301 γί-

208 4327 271 4370 νος·
291 4307 331 4365 ὅτι
347 4310 460 4382 μακράν
477 4304 564 4378 ὄντας,
583 4309 666 4383 ίγγύς
682 4312 826 4378 ἐποίησεν·
844 4312 885 4367 ὅτι
903 4313 1003 4367 ἐλπίδα
1019 4312 1058 4386 με)
1076 4317 1191 4385 ἔχοντας
1206 4315 1253 4367 καλ
1270 4313 1374 4375 ἀθέους
1391 4314 1424 4368 ἐν
1442 4312 1482 4383 τᾷ

207 4386 303 4463 κόσμῳ
326 4393 465 4464 ἀδελφοὺς
486 4394 585 4449 ἑαυτοῦ
605 4391 787 4451 κατεσκεύασε
810 4399 858 4450 καλ
874 4394 1125 4471 συγκληρονόμουε,
1148 4395 1219 4472 ὑπὲρ
1236 4393 1341 4455 τούτων
1357 4400 1420 4453 καὶ·
1416 4398 1482 4453 '¹⁰5¹'

207 4470 338 4531 τοιούτων
354 4473 485 4533 ἁπάντων
504 4478 733 4552 εὐχαριστοῦντες,
751 4477 822 4536 οὕτω
838 4479 983 4555 πρύςιμεν.
