3044 4912
816 256 889 331 268

235 451 268 514 2.
302 437 495 530 ΤοῦἍγίοο
514 437 735 528 Μάρτνρος
749 434 994 526 Μάμαντος·
1017 433 1115 517 οὗτὸς
1136 427 1176 526 ἦν
1196 435 1238 505 ἐν
1255 432 1387 516 πόλεως
1399 433 1464 524 sm

300 569 382 633 γρας
395 539 638 633 Παφλαγόνων,
659 540 717 609 καὶ
736 541 822 627 μετὰ
842 539 901 630 τὴν
915 546 947 607 Γ
944 539 1072 630 ἑννηοιν
1093 533 1197 607 αάτοῦ
1216 535 1335 624 μείνας
1353 535 1464 624 χρόνοις

300 645 399 715 πέντε
421 639 565 735 άφωνος,
589 640 709 711 ἔπειτα
724 639 882 733 φωνήσας
894 638 1080 728 Ῥωμαϊστί,
1102 636 1226 725 Μάμα,
1250 637 1463 707 cremamur

300 745 408 828 οῦτως
427 743 563 836 ἐκλήθη,
586 741 742 834 άθλήσας
762 743 798 813 ίν
820 741 888 813 ἔτει
909 751 983 813 266.
1003 741 1060 810 καὶ
1080 747 1142 809 τοῦ
1163 740 1198 810 ἐν
1212 738 1341 830 ‘Arione
1353 739 1464 828 Πατρὸς
1484 764 1487 769 ·

299 846 392 940 ἡμῶν
411 843 599 915 Ἰωάννου
626 852 697 915 τοῦ
719 851 960 937 Νηστεοτοῦ
981 839 1195 932 Πατριάρχοο
1216 848 1466 912 Romamne

299 947 441 1030 πόλεως,
464 947 554 1030 ὅςτις
573 940 615 1039 ἦν
634 946 670 1017 ἐν
692 944 761 1016 ίτει
782 954 869 1017 619μ

366 1052 478 1107 Arm·
495 1056 633 1120 Stephanus
653 1056 811 1107 Uuisirienair.

236 1159 266 1223 3.
301 1157 498 1219 trahimus
525 1156 627 1237 Episc.
660 1155 855 1219 Nicomediae
889 1145 1084 1238 ίερομάρτυς
1104 1153 1178 1217 288.
1231 1151 1468 1215 'i'ireoctistus

297 1251 523 1345 ,συνασκητής
542 1260 603 1320 τοῦ
622 1250 767 1340 μεγάλου
789 1248 989 1336 Εὖθυμίοο“
1011 1246 1106 1330 ὅσιος
1126 1245 1239 1338 πατήρ
1261 1257 1337 1318 451.

365 1358 478 1413 Arm·
491 1360 607 1410 Ezechiel
626 1361 714 1424 Proph.
733 1360 860 1409 Zachariae
879 1359 966 1423 Propiu.
1001 1354 1048 1409 A.
1066 1357 1158 1422 osopo
1176 1357 1360 1422 leuius-Propi
1503 1372 1512 1427 a

208 1448 266 1508 ,4.
298 1444 460 1524 Bahyias
482 1443 584 1523 Episc.
608 1443 785 1505 Antiochiae
808 1434 1004 1526 ίερομάρτνς
1024 1443 1099 1506 253.
1128 1441 1253 1503 Moses
1276 1441 1388 1520 Propi.
1403 1429 1471 1502 θεό-
1506 1438 1512 1503 f

299 1565 413 1698 πτηςΔ.
433 1647 524 1712 'iSept
544 1647 673 1696 Dioscorus
693 1646 755 1696 Patr.
772 1646 836 1695 tier.
855 1645 888 1695 25
905 1642 927 1706 †
944 1645 1001 1695 454.

234 1750 265 1810 5.
298 1747 519 1822 Zacharias,
542 1748 631 1809 Pater
651 1746 773 1809 Ioannis
794 1746 956 1828 Baptistae.

364 1847 412 1900 lt.
449 1850 547 1914 Magnus
573 1850 687 1914 Princeps
713 1850 788 1901 Giieb.
832 1849 943 1903 Arm·
976 1842 1083 1899 'loannes
1109 1862 1264 1913 praecursor.
1299 1843 1373 1898 Iobus
1399 1849 1471 1898 iustus

299 1929 409 2000 copi·
434 1935 559 1985 ieremiam
579 1935 616 1984 Pr.
636 1942 832 1985 commemorant.
869 1932 914 1987 A.
939 1933 1035 1999 BSept.
1052 1932 1132 1984 iteam
1149 1933 1238 1998 Proph.
1258 1933 1395 1992 Zacharias,
1411 1931 1472 1981 Bara-

298 2021 365 2070 ehiae
382 2020 455 2082 itlius,
477 2029 546 2085 pater
563 2019 660 2071 ioannis
678 2017 806 2083 Baptistae.

234 2106 264 2169 6.
294 2095 599 2190 ἩἈνάμνησις
626 2104 699 2166 τοῦ
725 2094 945 2186 γεγονότος
972 2093 1193 2185 θαύματος
1222 2095 1259 2164 ἐν
1281 2097 1471 2173 Κολοσσαῖς,

295 2196 372 2290 ἤτοι
392 2199 428 2270 ἐν
449 2198 597 2283 Χοίταις,
619 2200 733 2288 παρὰ
753 2203 826 2267 τοῦ
845 2194 1191 2288 Ἀρχεστρατήγοο
1213 2194 1395 2286 Μιχαάλ.

365 2302 476 2375 copi·
494 2308 636 2360 Athanasius
655 2307 724 2357 Pater·
742 2306 804 2355 iiiex.
824 2305 857 2356 28
875 2303 896 2366 †
914 2305 972 2356 tut.
1007 2303 1053 2358 Δ.
1072 2305 1164 2372 98ιρῑ.
1183 2305 1286 2381 ΜίεΙιεε1
1302 2307 1372 2356 tinch.

232 2411 263 2472 7.
287 2409 423 2483 Sozoa,
458 2410 555 2472 ovium
578 2416 681 2490 pastor
703 2406 916 2487 inLycaouia,
949 2407 1068 2488 Martyr.
1091 2407 1165 2472 288.
1214 2399 1406 2490 Προεόρτια
1424 2405 1473 2488 τῆς

296 2502 484 2593 γεννήσεως.

363 2608 412 2661 R·
440 2613 543 2661 ioannes
568 2611 677 2675 treniep.
702 2613 794 2675 primus
813 2611 947 2673 Norogrodi
966 2602 987 2665 †
1007 2609 1079 2661 1186.
1115 2609 1223 2660 Strahi
1242 2625 1266 2675 p.
1279 2610 1336 2661 114.
1371 2607 1473 2662 Am·

297 2696 430 2744 Concilium
449 2695 587 2744 Nicucnum.
622 2693 666 2747 A.
698 2695 803 2759 liiSept.
828 2696 941 2745 Natiuitas
960 2695 1076 2745 Dominae
1100 2704 1197 2746 nostrae
1216 2695 1312 2745 ituriae.
1344 2696 1418 2746 Βατία
1441 2709 1474 2744 rer

297 2779 447 2842 ¹aethiopum,
466 2780 506 2844 qui
526 2780 611 2828 testum
631 2780 708 2829 crucis
728 2780 836 2829 instituit.

232 2861 264 2924 8.
296 2861 486 2923 Nativitas
508 2863 647 2924 Beatae
670 2862 855 2942 Virginis.

364 2961 476 3016 Arm·
494 2965 606 3015 Natiuitas
624 2965 648 3013 Β.
659 2965 682 3014 V.

229 3049 262 3112 9.
294 3048 461 3110 [oachim
484 3059 514 3110 et
534 3049 650 3122 Anna,
675 3049 818 3111 Parentes
832 3049 941 3112 Beatae
957 3049 1096 3129 Virginis,
1119 3042 1343 3133 θεοπάτορες.
1374 3051 1476 3111 Seue·

296 3150 445 3222 rianus,
467 3150 551 3210 Miles
574 3149 756 3211 Sebastenus
778 3151 862 3212 Mart.
884 3154 957 3215 255.

363 3248 412 3301 R·
432 3252 553 3314 Depositio
574 3251 668 3315 iosepiri
687 3252 843 3303 Voiotziousis
862 3251 883 3314 †
903 3254 975 3303 1516.
1012 3251 1056 3306 Δ.
1077 3253 1107 3302 12
1118 3254 1183 3316 Sept.
1203 3252 1304 3303 Michaei
1322 3254 1393 3305 tinch:

213 3338 263 3399 10.
296 3335 518 3408 Menodora,
542 3335 772 3409 Metrodoro,
795 3337 1062 3417 Nymphodoro
1084 3338 1171 3398 Mart.
1193 3339 1266 3401 394.

213 3440 263 3500 11.
296 3435 506 3496 Theodora.
536 3428 655 3518 ,Αὕτη
688 3441 918 3519 περιπεσοῦσα
939 3431 987 3513 είς
1009 3432 1183 3522 ἁμαρτίαν,
1217 3427 1303 3500 εἶναι
1325 3431 1480 3524 κρύψασα

296 3529 415 3620 ἑαυτὴν
447 3528 515 3599 6πό
548 3529 671 3616 ἔνδυμα
705 3530 824 3620 ἀνδρὸς
857 3533 891 3602 ἐν
917 3532 1126 3626 μοναστρρίῳ
1157 3531 1286 3621 ἀνδρῶν
1308 3536 1480 3615 ποικίλοις

294 3631 504 3719 ὑπομείνασα
530 3631 700 3714 κινδύνους
721 3632 788 3703 ὑπὸ
812 3635 1029 3725 ἐπηρεαομιῦν
1049 3643 1115 3702 τῶν
1138 3633 1315 3721 δαιμόνων,
1345 3636 1481 3722 δάκρυσι

293 3734 472 3821 μετανοίας
494 3733 617 3825 ἐσώθη,
641 3735 700 3803 ἐπὶ
721 3744 780 3825 τῆς
799 3734 973 3822 βασιλείας
994 3734 1157 3826 Ζήνωνος,
1181 3738 1216 3806 ἐν
1238 3735 1307 3807 ἔτει
1328 3749 1427 3808 472.“

212 3845 260 3904 12.
294 3845 527 3903 Autonomos
550 3843 633 3904 Mart.
656 3846 729 3906 252.
1193 3913 1195 3919 ,

212 3945 260 4006 13.
294 3934 499 4024 Ἐγκαίνια
520 3946 590 4005 τοῦ
612 3946 727 4005 Ναοῦ
754 3946 824 4022 τῆς
846 3936 965 4027 ἁγίας
985 3946 1056 4009 τοῦ
1078 3946 1265 4030 Χριστοῦ
1285 3941 1358 4010 καὶ
1382 3949 1481 4011 θεοῦ

293 4036 401 4128 ἡμῶν
424 4036 685 4119 ἀναστάσεως
708 4050 807 4125 (quern
830 4047 998 4108 aedificavit
1020 4049 1234 4110 Constantinus
1256 4050 1384 4127 Magnus
1410 4050 1480 4111 Hie·

293 4146 475 4224 rosoipmis).
497 4139 686 4230 Προεόρτια
708 4149 768 4209 τοῦ
789 4151 943 4232 σταυροῦ.
995 4149 1200 4211 Cornelius
1222 4151 1260 4211 Μ.
1284 4143 1483 4234 ἑκατόνταρ-

291 4267 359 4325 χος,
382 4265 398 4306 a
421 4247 509 4308 Petro
532 4247 708 4328 baptizatus

361 4343 471 4414 copi·
497 4352 592 4400 Festum
618 4354 700 4402 Crucis
720 4352 851 4403 Glorioeac.
887 4350 932 4405 Δ.
963 4354 1068 4417 16Sopt.
1087 4354 1223 4405 tantumno
1243 4354 1437 4421 Hierosolymae,
1455 4372 1483 4407 ex

292 4432 385 4481 Ludoiir
403 4442 482 4484 monto
500 4437 617 4498 signinam
634 4439 832 4488 restaurationem
843 4453 887 4502 per
895 4438 1077 4490 Constantinum
1096 4440 1244 4491 etiielcuam
1260 4442 1359 4503 iactam,
1378 4445 1486 4494 tortasse

292 4514 464 4569 dedicationem
484 4520 566 4586 tempii
584 4536 656 4584 supra
675 4524 864 4574 commemorati.
