3044 4912
708 218 779 293 128

531 397 805 490 Ἀποκρίνεταιό
829 395 944 487 ἰερεός.

183 520 285 609 Δόξα
310 529 364 622 τῷ
394 526 472 621 Θεῷ
498 518 697 625 άμιάσαντι
722 520 786 597 καὶ
812 516 1005 623 άμιάζοντι
1030 514 1173 605 πάντας
1197 520 1302 619 ἡμᾶς.

573 669 684 759 Λέγει
704 668 723 740 ὁ
747 668 909 751 διάκονος.

180 789 413 922 ’ξψῶθητιέ
414 790 455 866 πὶ
480 792 567 877 τοὺς
592 791 776 889 οὐρανοὺς
802 790 822 866 ό
852 791 951 880 Θεὸς,
987 790 1053 864 καὶ
1077 789 1136 865 ἐπὶ
1161 799 1289 868 πᾶσαν
1313 791 1375 888 τὴν

106 904 180 998 γῆν
204 925 226 993 η
213 892 344 980 ειίόξα
370 920 451 982 σου,
483 893 548 969 καί
571 924 597 992 η
583 892 792 993 βασιλεία
818 917 887 969 σου
913 890 1079 991 διαμένει
1104 898 1155 977 εἰς
1179 892 1268 978 τοὺς
1293 898 1375 968 αἰω

107 1025 176 1082 νας
199 1004 278 1072 τῶν
305 993 466 1073 αἰώνων.

106 1145 218 1219 Καί’
205 1146 263 1215 ότε
288 1142 448 1234 μέλλει(
430 1173 449 1216 ο
478 1140 632 1226 διάκονος
656 1141 851 1217 τιθέναι
819 1169 870 1225 εις
895 1144 934 1212 τὸ
955 1142 1180 1234 παρατράπεζ
1177 1168 1225 1227 ον,
1253 1139 1376 1287 λέγειό

684 1243 799 1335 ίερεός.

185 1365 399 1471 Εὐλογητόν
431 1363 628 1461 τὸόνομα
653 1367 797 1464 Κυρίου
829 1373 897 1441 τοῦ
933 1365 1080 1441 Θεοῦ
1057 1374 1180 1462 ημῶν,
1214 1372 1266 1454 εἰς
1288 1368 1381 1453 τοὺς

109 1475 259 1554 αἰῶνας.

630 1578 668 1650 Ὁ
691 1579 853 1663 διάκονος.

160 1702 297 1785 ,Μετὰ
324 1698 451 1802 φόβου
479 1706 585 1793 Θεοῦ,
608 1687 674 1778 Ιιιαί
699 1701 867 1792 πίστεως,
894 1704 958 1779 καὶ
984 1701 1129 1808 ἀγάπης
1153 1706 1381 1805 προςίλθετε.

663 1849 702 1922 ‘0
732 1849 824 1934 λαός.

185 1971 442 2075 Εὐλογημένος
467 1972 487 2051 ό
513 1969 709 2073 ἐρχόμενος
734 1977 775 2051 ἐν
801 1971 957 2070 ὀνόματι
982 1974 1137 2073 Κυρίου.

57 2137 66 2159 *
107 2122 179 2192 Καὶ
204 2119 308 2192 πάλιν
333 2120 391 2193 ὅτε
412 2122 547 2216 ἐπαίρει
567 2124 626 2193 τόν
648 2120 760 2193 δίσκον
781 2120 851 2193 άπὸ
872 2131 933 2193 τοῦ
953 2126 1255 2215 παρατραπέζοο,“)
1282 2126 1383 2216 λέγει.

184 2239 297 2343 Κύριε
322 2243 533 2348 εὐλόγησον.

657 2357 729 2428 “0
718 2360 834 2451 ιερεός.

185 2479 370 2556 Σῶσον
352 2510 372 2555 ο
401 2482 488 2565 Θεὸς
521 2479 589 2556 τὸν
614 2478 707 2557 λαόν
733 2506 814 2571 σου,
841 2481 904 2557 καί
930 2480 1131 2586 εὐλόγησον
1155 2482 1226 2581 τὴν
1250 2493 1384 2583 κληρο-

107 2583 246 2679 νομίαν
271 2608 350 2657 σου

593 2693 665 2764 ‘0‘
654 2696 760 2785 ιερειίς
781 2696 894 2768 πόλιν.

185 2813 285 2902 Δόξα
310 2824 363 2910 τῷ
394 2821 471 2915 Θεῷ
497 2815 617 2914 ἡμῶν,
644 2825 698 2915 τῷ
725 2816 923 2920 ἅγιάσαντι
949 2818 1093 2905 πάντας
1113 2821 1221 2919 ἡμᾶς.

107 2967 179 3037 Καὶ
205 2965 285 3036 ὅταν
312 2964 489 3057 ἀποθῆται
516 2967 555 3036 τὸ
582 2965 745 3058 ποτήριον
773 2966 822 3051 εἰς
848 2968 907 3059 τὴν
934 2967 1031 3059 άγίαν
1051 2968 1230 3060 τράπεζαν,
1252 2969 1383 3059 λέγειό

683 3066 799 3157 ίερεός.

185 3195 252 3286 Είη
287 3189 330 3263 τὸ
364 3192 484 3287 όνομα
510 3191 654 3288 Κυρίου
680 3191 925 3293 εὐλογημένον
950 3197 1000 3276 εἰς
1025 3191 1112 3276 τοὺς
1138 3198 1280 3278 αἰῶνας
1304 3203 1384 3270 τῶν

109 3287 269 3367 αἰιόνων.

425 3405 650 3497 Λόγουσιν“
618 3433 653 3477 οι
675 3405 825 3478 διάκονοι
845 3409 902 3478 καί
924 3436 941 3478 ο
931 3406 1056 3490 (λαός.

183 3523 396 3626 Πλήρωσον
419 3526 463 3604 τὸ
489 3524 610 3625 στόμα
636 3529 745 3627 ἡμῶν
770 3525 943 3615 αἰνίσειός
968 3556 1050 3620 σου,
1076 3526 1203 3628 Κύριε,
1230 3530 1295 3606 καὶ
1312 3562 1385 3627 χα-

106 3636 175 3727 ρᾶς
200 3631 386 3758 ἔμπλησον
409 3629 457 3706 τά
479 3630 626 3728 χείλη
605 3640 726 3761 ημῶν,
754 3629 898 3716 όπως’
878 3629 1156 3760 αναμνήσωμεν
1180 3631 1247 3730 ’τὴν
1265 3631 1385 3719 δόξαν

106 3755 188 3821 σου,
216 3731 304 3830 ἱίλην
328 3730 398 3828 τὴν
421 3731 564 3832 ἡμέραν
588 3733 657 3831 τὴν
680 3730 996 3836 μεγαλοπρέπειάν
1021 3758 1117 3811 σοι).1

639 3884 711 3952 Καὶ
731 3882 846 3952 πόλιν.

182 4001 487 4099 Εὖχαριστοῦμόν
522 4028 593 4092 σοι,
609 4002 822 4133 Χριστε“
804 4034 824 4080 ο
853 4003 995 4088 Θεός
973 4012 1096 4099 ημῶν,
1134 4004 1190 4080 ότι
1221 4005 1385 4102 ἠξίωσας

103 4100 202 4228 ημᾶς
234 4109 431 4199 μετασχεῖν
462 4113 531 4179 τοῦ
563 4101 737 4202 σώματος
767 4105 830 4180 καὶ
864 4103 1020 4201 αἵματός
1052 4132 1134 4196 σου,
1169 4108 1262 4192 εἰς
1245 4110 1385 4236 άφεσιν

105 4203 313 4303 ἁμαρτιῶν,
346 4204 411 4279 καὶ
443 4211 494 4291 εἰς
527 4205 626 4304 ζωὴν
659 4206 824 4283 αἰαίνων.
869 4207 1202 4335 Ἀκατακρίτους
1181 4218 1281 4306 ημᾶς
1307 4206 1387 4309 φό-

104 4309 229 4396 λαξον,
257 4304 493 4407 δεόμεθα,
465 4337 516 4393 ως
541 4309 688 4412 ἀγαθὸς
713 4308 776 4384 καὶ
802 4306 1083 4409 φιλάνθρωπος.

192 4477 215 4539 1)
233 4479 333 4529 Μωωίε
349 4494 419 4539 propo
437 4484 513 4528 altaro.
