3044 4912
658 253 732 331 359

101 440 229 527 ι’ναιν,
265 446 348 513 τοῦ
385 446 610 537 σταυροῦ,
646 449 730 516 τοῦ
755 436 930 569 τάφου,
966 449 1045 537 τῆς
1068 440 1324 543 τριημίρου

101 538 379 629 ναστοίσεαις,
404 549 482 637 τῆς
507 546 571 625 εἰς
597 540 830 635 οὐρανοὺς
854 540 1150 639 αναβασειος,
1176 550 1226 618 τ
1204 571 1254 641 ς
1277 544 1327 619 δτι

101 647 226 728 εξιῶν
260 640 520 742 καθέδρας,
557 651 635 739 τῆς
669 644 889 741 δευτέρας
912 672 990 719 και
1016 573 1230 731 ἑνδόξουη
1236 641 1326 721 ποί-

101 743 421 841 νπαροοσίας
447 747 633 839 (Clem.1.4
660 749 724 820 he
738 747 796 821 31
823 748 970 844 111616)

586 874 796 969 Ἔκφιίνησις.

144 979 205 1054 Τὰ
232 981 286 1055 σὰ
313 982 360 1054 ἐκ
385 987 477 1055 τῶν
502 989 594 1057 σῶν
620 982 692 1057 σοὶ
718 982 1042 1082 προςφίρομεν
1064 983 1137 1079 (Mc.
1151 986 1210 1081 17)
1230 983 1325 1059 κατὰ

101 1078 193 1172 ίντα,
218 1111 282 1156 και
270 1080 371 1157 διὰ
396 1078 530 1157 πάντα.

608 1194 773 1287 Ὁχορός.

141 1300 243 1375 Σί
221 1309 427 1397 υανοῦμεν,
455 1300 494 1375 σε’
520 1302 758 1428 είιλομοῦιιεν,
785 1300 844 1375 σοὶ
869 1300 1172 1402 εὐχαριστοῦμεν,
1197 1297 1326 1403 Κύριε,

101 1431 125 1475 ιι
114 1399 314 1489 δεόμεθά
341 1426 409 1478 σου
436 1401 456 1477 ὁ
482 1402 571 1486 θεὸς
588 1430 708 1499 ημων.

504 1531 575 1602 “O
565 1536 670 1625 ιερεὺς
693 1532 880 1619 ἐπεύχεται.

135 1638 223 1711 Ἔτι
259 1638 583 1767 προςφίρομεν
616 1666 687 1714 σοι
712 1636 797 1735 τὴν
822 1636 973 1740 λογικὴν
996 1634 1150 1739 ταύτην,
1185 1639 1249 1717 καὶ
1274 1640 1329 1716 ἀ-

101 1736 321 1826 αίμακτον
342 1739 581 1868 λατρείαν
617 1745 692 1836 (lac.
715 1744 796 1838 31),
832 1741 895 1814 καὶ
929 1750 1229 1870 παρακαλοῦμεν,
1265 1741 1328 1819 καί

101 1838 224 1934 εόμεθα
249 1840 313 1915 καὶ
338 1839 564 1938 ἱκετεύομεν·
600 1840 911 1971 κατάπεμψον
944 1840 993 1915 τὸ
1029 1839 1211 1939 πνεῦμοί
1243 1868 1329 1921 σου

102 1938 117 2013 ὸ
147 1943 281 2044 ἅγιον
315 1943 431 2040 ἀεί’
411 1951 549 2040 ημᾶς,
584 1944 662 2018 καὶ
696 1944 769 2019 ἐπι
802 1939 857 2017 τδι
890 1941 1176 2041 προκείμενα
1201 1944 1328 2042 δῶρα

103 2050 207 2117 αῦτα
235 2048 348 2138 (Clem
364 2048 421 2119 14.
447 2048 596 2143 Ιοο.32).

147 2157 253 2227 Καὶ
236 2186 254 2228 ο
275 2187 336 2245 μεν
358 2159 512 2241 διάκονος
527 2157 714 2250 ἀποτίθησι
733 2159 772 2228 τὸ
794 2156 964 2285 ῥιπίδιρν,
975 2136 1032 2228 καὶ
1053 2184 1184 2247 ερχεται
1197 2157 1329 2249 ἐγγύτε-

101 2282 127 2325 ον
142 2269 190 2401 τρλ
208 2259 299 2350 ἱερεῖ,
321 2262 377 2329 καὶ
397 2270 635 2349 προςκυνοῦσιν
656 2258 843 2352 ἀμφότεροι
863 2261 935 2349 τρίς
950 2256 1144 2375 ἔμπροσθεν
1158 2256 1252 2351 '59‘
1231 2258 1330 2373 ογίοις

101 2364 190 2446 parci&
171 2389 234 2477 ης,
257 2360 430 2450 εὐχόμενοι
449 2361 528 2433 καθ’
552 2362 700 2445 εαυτούς,
723 2388 779 2433 και
769 2362 1020 2475 λέγοντεςτὸ·
1055 2344 1247 2446 Κύριε,
1230 2379 1250 2423 0
1284 2348 1329 2424 τὸ

101 2447 246 2551 ονιίγιόν
272 2477 340 2525 σου
365 2460 513 2548 πνεῦμα
539 2454 580 2527 ἐν
604 2459 659 2547 τι)
674 2451 780 2547 τρίτῃ
805 2449 886 2578 ὥρρ
911 2456 988 2533 τοῖς
1015 2446 1233 2534 ἀποστόλοις
1260 2477 1330 2525 κα·

101 2552 266 2671 οπίιιψας,
292 2559 403 2627 τοῦτο
429 2552 556 2653 ἀγαθέ
570 2553 621 2649 μὴ
640 2551 876 2647 &marinas
856 2552 917 2679 αρ’
938 2550 1048 2648 ἡμῶν
1067 2591 1125 2635 και
1116 2562 1201 2635 τό
1227 2558 1330 2681 Καρ-

101 2646 151 2726 ίαν
173 2655 352 2751 καθαρὰν
377 2654 507 2729 κτίσον
532 2656 573 2730 εν
592 2653 709 2751 ἐμοί’
692 2685 712 2728 ο
734 2653 821 2737 Θεὸς
837 2652 901 2729 καὶ
916 2661 1065 2748 πνεῦμα
1080 2652 1191 2739 εῦθες
1205 2652 1331 2783 ίγκαί-

101 2778 168 2829 ιοον
192 2760 233 2830 ἐν
258 2762 334 2839 τοῖς
359 2752 524 2857 ἐγκάτοις
548 2785 633 2850 μου.
676 2764 777 2839 Εἶτα·
801 2750 954 2853 Κύριε
936 2786 956 2830 ο
973 2754 1017 2829 τὸ
1033 2750 1230 2857 πανοίγιον.
1257 2754 1328 2885 Μὴ

101 2857 312 2984 ποράίιμῃς)
313 2886 343 2930 ιε
380 2859 452 2931 ἀπὸ
484 2865 552 2933 τοῦ
585 2855 779 2953 προςοίποο
806 2880 885 2931 σου
930 2869 1000 2938 Καὶ
1018 2863 1189 2950 αὖθιςτό
1215 2853 1329 2957 Κύριε

113 2956 150 3031 τὸ
175 2956 370 3058 πανοίγιον.
417 2967 501 3041 Εἶτα
523 2974 581 3063 τὴν
602 2974 749 3063 κεφαλὴν
769 2968 950 3050 ἀποκλίνας
970 2968 1167 3051 ὅδιάκονος,
1188 2997 1245 3040 και
1236 2972 1331 3040 δει-

101 3068 163 3140 τίον
183 3074 243 3142 σὺν
263 3080 311 3189 τῷ
334 3070 520 3187 ιρραρίῳ
486 3099 544 3143 τον
566 3072 660 3162 ἅγιον
674 3069 782 3163 ἀρτον,
805 3074 894 3160 λέγει
906 3078 1081 3159 μυστικῶς.
1115 3055 1330 3161 vayqoor

101 3158 221 3236 ἔσποτα
246 3162 314 3235 τὸν
340 3162 448 3263 ἅγιον
475 3163 608 3258 ἄρτον
640 3174 698 3242 καὶ
725 3172 743 3241 ὁ
772 3170 878 3263 ιερεὺς
910 3169 1127 3260 ἀνιστάμενος
1154 3169 1329 3264 σφραγίζει

101 3274 133 3357 ίς
152 3278 194 3344 τὰ
214 3276 295 3366 ἅγια
316 3280 417 3409 δῶρα,
439 3277 560 3409 λέγιρν·

144 3380 233 3455 Καὶ
258 3382 454 3479 ποίησον
479 3381 558 3456 τὸν
583 3408 666 3476 μεν
684 3380 1037 3476 ἀρτοντοῦτον,
1064 3377 1224 3475 τίμιον
1240 3388 1331 3455 σῶ-

101 3510 123 3555 οι
147 3511 230 3557 του
211 3489 455 3576 Χριστοῦ
482 3508 566 3558 σου
585 3485 697 3577 (Clem.
713 3484 770 3556 14.
788 3484 851 3556 lac.
865 3484 924 3557 32.
942 3483 1003 3558 Μο.
1020 3485 1107 3609 17)·
1117 3491 1330 3576 Ὁδιάκονος.

101 3579 182 3699 μήν.
234 3598 305 3666 Καὶ
321 3590 468 3724 μῦθιςι
450 3624 468 3666 o
491 3594 600 3679 αι’·τός.
644 3580 859 3683 Εῦλόγησον
883 3580 1107 3658 δεσποτα
1068 3611 1112 3656 το
1137 3580 1246 3682 ἅγιον
1261 3609 1332 3657 πο-

101 3682 205 3784 ἷ·ριον
235 3698 292 3767 καί
314 3696 332 3769 ὁ
356 3696 461 3789 ιερεὺς
484 3697 626 3787 εάλομῦν
646 3699 745 3788 λέγει.

149 3802 207 3877 Τὸ
243 3802 366 3878 δὲέν
353 3812 470 3902 ντῷ
497 3803 701 3902 ποτηρίῳ
727 3798 893 3900 τούτῳ,
920 3800 1079 3898 τίμιον
1104 3799 1221 3899 αἷμα
1245 3811 1331 3880 τοῦ

101 3910 274 4045 ριστοῦ
300 3929 383 3979 σου
410 3878 522 4000 (ciem
539 3911 595 3981 14.
621 3909 685 3981 Iac
698 3908 757 3981 32
785 3906 847 3981 Mc.
860 3908 931 4001 17).
962 3913 1177 3997 Ὁδιοίκονος.
1199 3899 1328 4003 Ἀμήν.

101 4020 131 4090 τί
153 4013 295 4101 αὖθις(
277 4046 296 4089 ο
316 4016 468 4101 διάκονος
489 4020 643 4091 δεικνίων
662 4021 748 4109 μετὰ
761 4046 819 4091 τοο
804 4015 1014 4111 ὦραρίοα’
994 4015 1169 4110 αμφότερα
1181 4020 1224 4090 τὰ
1238 4017 1329 4111 ἀγλα,

101 4272 157 4315 τετε
175 4270 200 4313 ελ
216 4264 314 4326 sanguis
333 4264 429 4326 Christi,
452 4264 587 4328 significant
604 4265 717 4317 vocibus:
740 4264 840 4327 ποιεῖν,
857 4252 987 4330 artatur,
1003 4260 1132 4326 τελειοῦν,
1148 4255 1331 4333 ἀποφαίνειν.

101 4351 230 4413 ηιοτιοσεί
255 4348 360 4399 officium
386 4349 450 4401 haud
468 4351 562 4413 ignorat
576 4344 740 4415 μεταβολὴν,
758 4362 829 4417 quam
846 4355 961 4414 operatur
977 4346 1091 4413 Spiritus.
1122 4347 1230 4401 Eundem
1246 4360 1330 4425 τοτεω

101 4434 161 4484 hibet
184 4434 243 4484 Cod.
261 4433 288 4484 B.
311 4435 411 4499 repetita
435 4435 484 4487 vice
508 4435 532 4486 in
555 4449 618 4501 pano
641 4443 665 4487 et
686 4436 741 4487 vino
759 4434 932 4487 consecrando.
965 4433 1049 4501 Neque
1066 4432 1136 4485 τοττι
1151 4448 1165 4483 ε
1182 4432 1330 4487 membranis

101 4516 195 4571 tiniensi
213 4528 237 4571 et
254 4518 478 4585 Cryptoferrntensi.
1069 4600 1089 4654 ⁸2
1112 4596 1128 4631 ἱ

1090 4601 1109 4655 4
