3044 4912
818 240 891 312 388

221 430 318 491 selum
347 425 547 489 occidentales
570 425 709 504 ignorent
731 425 783 486 sed
807 421 881 488 ad'eo
904 434 1013 496 sectae,
1044 423 1230 486 orthodoxae
1252 423 1406 487 eeclesiae
1424 444 1480 507 pre
1520 479 1522 486 A

221 530 346 613 pa'gines
370 529 516 590 nesciunt.
546 527 649 606 Neque
672 535 768 587 tamen
792 526 871 607 qnod
891 546 906 587 a
924 532 1067 588 consueto
1084 544 1166 588 more
1181 524 1320 587 alienum
1336 536 1393 599 est,
1415 524 1479 606 quot
1520 531 1522 548 ¹

221 633 385 694 inauditnm
416 638 445 690 et
472 629 656 699 inusitatum,
684 627 713 688 id
744 646 780 688 ne
808 636 919 689 temere
948 637 979 689 et
1007 626 1229 688 inconsiderate
1252 626 1481 708 reprehendat!

220 734 266 794 vel
289 732 449 804 reliciatur,
477 747 659 808 magnopere
680 728 897 809 providendum
920 737 976 791 est.
1011 729 1097 803 Quod
1120 746 1186 790 eum
1210 726 1262 788 alii
1287 728 1481 807 neglexeram

221 843 282 895 tum
311 832 447 896 (lovellus
476 829 588 907 Anglns
618 829 654 890 ad
684 849 718 892 se
748 831 899 910 pertinere
928 830 1032 903 noluit
1060 831 1110 909 qui
1137 829 1168 891 in
1196 828 1247 889 illa
1278 829 1482 909 particulam

219 937 440 996 enumeratione
468 930 650 1009 singularem
677 932 754 993 sacri
783 931 949 1011 paganismi
977 931 1066 994 ritum
1089 930 1291 1006 investigarit.
1338 918 1485 993 subtiliter

219 1045 251 1098 ut
272 1036 350 1097 solet
371 1053 406 1097 ac
429 1032 530 1094 sobrie
549 1033 663 1093 Gnarus
685 1031 706 1092 Ι.
723 1051 748 1093 c.
771 1051 801 1112 p.
819 1034 880 1096 119
902 1032 1051 1095 rubricam
1067 1031 1227 1094 diiudicat:
1251 1030 1364 1102 „Circa
1379 1050 1480 1093 meren

217 1136 254 1200 ab
278 1135 412 1198 Ecclesia
435 1134 557 1206 Graeca,
587 1134 617 1194 in
648 1134 809 1195 offerendis
839 1152 897 1196 una
925 1152 991 1195 cum
1014 1133 1120 1195 maiori
1143 1132 1283 1213 pluribus
1308 1132 1379 1194 aliis
1401 1130 1480 1212 parti-

217 1238 293 1299 culis
318 1236 516 1307 observatum,
540 1254 627 1314 quern
640 1235 786 1296 llrcudius
809 1235 908 1314 amplo
932 1244 961 1296 et
983 1235 1099 1297 erudite
1116 1253 1255 1296 sermone
1271 1233 1327 1295 lib.
1340 1235 1370 1298 3.
1386 1234 1479 1313 capi.

217 1339 356 1411 illustrat,
385 1336 472 1398 nobis
501 1335 680 1414 compendio
708 1335 738 1397 in
762 1336 935 1398 memoriam
958 1337 1166 1408 revocandum,
1194 1334 1396 1413 Evangelieae
1416 1334 1478 1413 legit

217 1438 397 1500 sacrificium
421 1456 510 1499 unum
534 1437 653 1516 quidem
677 1455 754 1508 esse,
778 1446 839 1498 tum
862 1457 897 1498 ex
918 1436 1056 1499 victimae
1078 1437 1205 1508 oblatae,
1228 1446 1291 1499 tnm
1317 1456 1353 1498 ex
1376 1436 1476 1517 praeci·
1518 1471 1522 1515 1

216 1541 269 1620 pni
292 1538 464 1601 Sacerdotis
492 1538 600 1617 capite,
628 1540 686 1599 fine
714 1557 784 1600 vero
814 1547 845 1600 et
866 1540 983 1612 ellectu,
1012 1547 1044 1599 nt
1066 1540 1144 1618 quod
1168 1538 1391 1601 sacrificiorum
1412 1537 1474 1599 anti·

219 1659 343 1721 quorum
367 1640 568 1719 perfectiones
591 1647 712 1700 cunctas
735 1640 960 1719 complectatur,
983 1639 1294 1719 multiplcromnine,
1325 1639 1473 1700 diversum
1505 1649 1522 1714 Ι

218 1762 285 1823 qne.
317 1742 355 1803 Ut
377 1741 455 1802 euim
480 1741 531 1801 illo
554 1741 632 1802 [leus
655 1759 753 1802 rerum
777 1741 909 1802 omniurn
932 1749 1036 1803 auctor
1056 1741 1186 1821 finisque
1208 1741 1331 1815 celitur,
1353 1738 1471 1823 tmere
1501 1750 1522 1831 Ι

216 1839 307 1908 τικὸν
329 1852 384 1913 est,
408 1843 609 1912 honorarium,
633 1850 663 1903 et
685 1841 850 1903 holocausti
874 1842 978 1916 instar,
1010 1851 1103 1903 totum
1125 1842 1155 1903 in
1180 1842 1245 1904 eius
1267 1842 1467 1905 honoremee
1499 1843 1522 1914 Ι

216 1946 274 2007 dit:
298 1952 328 2006 nt
351 1943 415 2005 eins
440 1943 622 2005 maiestatem
645 1944 778 2023 peccatis
800 1944 954 2006 bominum
978 1943 1132 2016 irritatam,
1165 1943 1314 2023 placatam
1337 1943 1465 2006 redditet

214 2046 399 2117 benevolam,
422 2037 647 2130 ἳλασθητικὸν,
670 2044 909 2125 propitiatorium
923 2052 978 2115 est,
1002 2044 1099 2106 hostia
1115 2044 1256 2106 nimirum
1273 2064 1332 2125 pro
1346 2054 1463 2126 peceato:

215 2158 248 2210 ut
275 2147 489 2210 beneficiorum
518 2145 582 2208 vice
611 2147 672 2208 Dee
703 2147 892 2226 rependitur,
921 2136 1146 2228 εὐχαριστικὸν
1173 2155 1234 2218 est,
1263 2147 1296 2208 in
1325 2146 1462 2226 gratiatur

215 2251 363 2312 actionem
386 2247 534 2322 obtutum,
558 2266 593 2309 ac
614 2248 734 2309 tandem
757 2240 973 2325 ἐπιτευτικὸν,
997 2265 1065 2309 cum
1087 2266 1123 2309 eo
1147 2246 1309 2309 caelestem
1326 2265 1410 2328 opem
1422 2245 1461 2306 in·

214 2350 367 2431 ploramus
396 2355 426 2412 et
448 2349 646 2429 assequimur.
690 2350 744 2411 llis
766 2349 867 2429 itaque
895 2347 1005 2410 finibus
1037 2357 1068 2410 et
1089 2347 1204 2410 allectis
1228 2360 1288 2410 tam
1311 2349 1461 2411 rariisunt
1499 2333 1522 2418 ἰ

215 2451 363 2513 sacrificio
386 2450 599 2528 significandis,
629 2450 834 2528 excogitarunt
855 2451 909 2512 SS.
931 2449 988 2510 PP.
1010 2450 1221 2530 particularum
1245 2450 1460 2513 multitudinem:
1500 2435 1522 2519 fl

215 2563 245 2612 et
272 2552 414 2612 maiorem
444 2553 564 2630 quidem
594 2551 725 2611 hostiam
754 2553 838 2632 quasi
867 2551 1072 2612 holocaustum
1096 2550 1126 2611 in
1149 2552 1202 2612 [lei
1226 2553 1363 2630 gloriam,
1391 2560 1461 2611 tutan
1500 2527 1522 2632 i

215 2658 339 2725 cedere3
373 2653 533 2713 secundani
564 2662 592 2713 et
614 2671 725 2731 paucas
748 2654 831 2725 alias,
859 2653 895 2712 ad
919 2662 1017 2730 grates
1040 2653 1097 2732 ipsi
1122 2654 1333 2731 rependendas
1355 2673 1405 2732 pro
1425 2652 1460 2710 bc·

216 2753 332 2814 neliciis
362 2754 506 2832 Deiparae
539 2753 655 2831 virgini,
686 2754 856 2833 sanctisque
890 2754 1027 2832 plurimis
1051 2753 1205 2815 exhibitis:
1237 2753 1312 2815 alias
1336 2757 1401 2815 item
1422 2770 1460 2830 pn

216 2854 288 2915 viris
316 2868 345 2914 et
372 2854 531 2926 defunctis,
563 2865 622 2914 tnm
646 2855 675 2915 in
700 2864 886 2934 peccaterum
910 2856 1119 2935 expiationem,
1149 2864 1209 2916 tum
1233 2856 1270 2916 ad
1294 2875 1368 2917 nova
1391 2857 1459 2914 bene·

214 2957 280 3018 licia
310 2957 520 3034 consequenda
550 2957 663 3017 efferri:
696 2966 724 3018 et
752 2956 777 3015 si
807 2958 881 3018 lines
909 2958 965 3017 hos
994 2967 1118 3019 cunctos
1147 2976 1204 3017 una
1235 2959 1299 3018 sola
1329 2958 1459 3018 bestiast

215 3058 389 3135 contingere
412 3077 502 3137 posse
525 3059 655 3119 confidat
676 3058 811 3118 Ecclesia
834 3058 1046 3130 Occidentalis,
1070 3059 1154 3120 cuins
1173 3060 1322 3143 Sacerdos
1345 3061 1409 3121 dum
1428 3057 1458 3114 ol-

215 3161 280 3229 lert,
304 3160 351 3219 his
376 3160 531 3238 conceptis
555 3161 652 3221 verbis
676 3169 755 3220 orat:
778 3160 904 3239 Suscipe
928 3170 1028 3220 sancta
1041 3160 1172 3221 Trinitas
1189 3161 1267 3221 hanc
1290 3162 1458 3223 oblationem

215 3280 302 3339 qnam
331 3261 383 3321 tibi
414 3262 567 3321 ollerimus
597 3262 634 3321 ob
666 3263 849 3330 memoriam,
879 3271 935 3322 etc.
981 3262 1080 3322 Utrum
1104 3280 1172 3322 rere
1196 3262 1297 3341 plures
1320 3259 1458 3341 particulas

214 3381 425 3440 nonnunquam
455 3363 557 3422 endem
581 3363 714 3424 Ecclesia
738 3363 888 3433 obtulerit,
919 3362 997 3423 nulla
1021 3364 1136 3424 videtur
1157 3364 1274 3424 ratione
1298 3363 1457 3441 negandum:

214 3464 388 3524 Oblationes
412 3463 490 3524 enim
521 3474 551 3523 ut
573 3465 673 3542 plures
697 3485 786 3544 saepe
810 3475 1041 3524 commemorant
1064 3465 1161 3525 Latini
1184 3464 1242 3525 PP.
1266 3476 1296 3526 et
1319 3466 1395 3526 Ordo
1415 3463 1457 3522 llo·
1508 3459 1517 3495 '-

213 3585 320 3626 manus
346 3576 387 3626 tot
410 3566 490 3625 iubet
513 3584 528 3625 a
552 3567 751 3627 Subdiaconis
775 3567 887 3628 oblatas
910 3566 1040 3644 disponi,
1070 3576 1142 3644 quot
1165 3566 1277 3626 luerint
1298 3565 1403 3646 pupule
1423 3581 1455 3620 sa·
1512 3620 1515 3651 Ε

214 3669 273 3728 cris
303 3668 517 3746 participatum
547 3668 748 3728 necessariae:
780 3688 815 3728 an
840 3687 909 3729 vero
941 3668 978 3729 ita
1004 3668 1114 3728 luerint
1137 3668 1292 3728 ordinatae
1316 3679 1346 3729 ut
1368 3685 1416 3727 nna
1436 3665 1454 3718 ll

214 3769 309 3829 sancti
334 3769 430 3838 unius,
460 3769 552 3829 altera
575 3769 604 3828 in
628 3769 749 3830 alterius
772 3769 916 3829 honorem
940 3768 1105 3840 ollerretnr,
1134 3769 1232 3829 nullus
1262 3789 1329 3830 cunr
1351 3763 1454 3830 aucturi-
1510 3814 1513 3821 .

214 3878 272 3930 tate
296 3870 411 3938 dixerit,
435 3870 487 3929 sed
511 3889 614 3929 enarres
638 3870 725 3930 simul
750 3871 778 3930 in
803 3870 976 3931 memoriam
1000 3870 1119 3940 Christi,
1143 3871 1176 3929 B.
1201 3871 1339 3948 Virginis,
1362 3878 1451 3931 sancto

213 3990 276 4030 rum
300 3972 456 4039 honorem,
480 3989 533 4047 pro
556 3971 686 4031 virorum
711 3982 740 4030 et
762 3971 818 4031 vita
844 3975 1011 4033 iunctorum
1035 3971 1130 4031 salute
1146 3972 1293 4032 immolari
1311 3979 1454 4032 consuetu.

213 4083 259 4130 est
286 4072 507 4132 sentiendum.“
552 4075 588 4132 nr
616 4073 693 4152 quod
722 4073 883 4151 particulas
912 4073 977 4133 illas
1001 4072 1180 4133 sacrificinm
1203 4064 1456 4154 eigoprouairct

212 4165 428 4245 intereundo,
458 4173 485 4232 id
518 4174 615 4234 minus
638 4183 718 4234 recte
741 4174 902 4253 protulisse
926 4173 1051 4234 videtur.
1097 4174 1223 4252 Propius
1247 4181 1283 4235 ad
1307 4193 1402 4236 rerum
1421 4184 1457 4229 ac·

213 4273 305 4332 cessit
328 4273 463 4349 llingius
508 4275 549 4334 Ex
572 4274 636 4334 eins
659 4276 736 4334 enim
760 4275 906 4335 sententia
930 4274 1141 4352 particularum
1164 4276 1323 4337 multitudo
1347 4276 1377 4336 in
1393 4274 1464 4335 disco

213 4374 357 4434 collocata
380 4374 530 4451 significat
552 4376 791 4435 communionem
808 4377 984 4437 Sanctorum
1008 4386 1038 4437 et
1060 4379 1199 4438 unionem
1218 4378 1468 4457 mysticamque

213 4471 292 4533 inter
320 4475 470 4536 Christum
501 4486 531 4537 et
558 4476 684 4537 Sanctus
713 4476 778 4537 eius
809 4477 930 4538 omnino
954 4496 1069 4553 omnes,
1098 4478 1149 4559 qui
1173 4480 1231 4541 lide
1253 4480 1280 4540 ei
1305 4479 1498 4541 adhaerent*
