3044 4912
721 219 793 292 370

202 400 434 503 Ὑηιώθητι
466 402 538 476 ἐπὶ
570 401 679 485 τοὺς
712 400 945 499 οὐρανοὺς
978 400 998 476 ὸ
1035 400 1163 491 Θεὸς,
1197 401 1275 477 καί
1308 410 1374 476 πᾶ-

124 533 209 585 σαν
234 507 316 603 τὴν
341 504 475 607 γῆνιὴ
500 501 612 588 δόξα
639 530 721 579 σου
749 507 823 599 (lac.
851 507 923 601 43).

206 677 374 752 XXXVII·
418 683 502 756 Εἶτα
530 688 641 775 λαβὼν
669 687 726 756 τὸν
754 686 849 775 ἁγιυν
871 684 992 770 δίσκον,
1021 687 1156 778 τίθησιν
1179 686 1242 756 ἐπὶ
1262 685 1321 775 τὴν
1337 710 1376 752 κε-

124 794 233 886 φαλὴν
260 799 319 860 τοῦ
348 788 518 859 διακόνου·
545 790 603 859 καί
630 785 649 859 ὸ
673 786 827 870 ὸιὰκονος
847 790 958 877 λαβὼν
980 785 1081 858 αὸτὸν
1100 788 1186 874 μετὰ
1209 785 1375 875 εὐλαβείας,

122 900 261 984 θεωρῶν
282 890 345 974 ἔξω
367 892 453 981 πρὸς
473 891 532 981 την
552 889 672 980 θίραν,
704 887 801 959 οὐδὲν
822 892 934 979 λέγων,
957 887 1137 980 ἀπέρχεται
1159 888 1210 970 είς
1228 888 1291 979 τὴν
1310 884 1376 975 πρί-

122 1004 230 1075 θεοιν,
257 994 314 1062 καί
341 990 548 1081 ἁποτίθησιν
570 989 684 1060 αὐτὸν·
712 989 731 1062 ὸ
754 993 792 1061 de*
814 990 919 1081 ἱερεὺς
938 989 1176 1082 προςκυνήσας,
1206 991 1265 1060 καί
1286 988 1376 1076 λαβὸν

122 1098 161 1165 τὸ
183 1095 276 1185 ἅγιον
297 1092 469 1184 ποτήριον,
490 1094 547 1163 καί
568 1094 789 1184 ἐπιστραφείς
810 1094 896 1183 πρὸς
916 1094 975 1184 τὴν
995 1092 1114 1183 θύραν,
1137 1091 1202 1185 ὸρᾷ
1222 1094 1282 1162 τὸν
1302 1092 1374 1168 λαὸν,

122 1198 225 1287 λέγων
245 1202 431 1285 μυστικῶς·

206 1299 415 1402 Εὐλογητὸς
447 1298 467 1373 ὸ
497 1298 584 1381 Θεὸς
607 1298 729 1394 ἡμῶν,
758 1313 814 1383 καί
836 1311 1003 1404 ἑκφώνως,
1033 1296 1205 1388 πάντοτε,
1232 1307 1305 1375 νῦν
1326 1295 1373 1374 καί

124 1404 193 1492 ἀεὶ,
219 1401 281 1477 καὶ
308 1407 358 1484 είς
382 1398 469 1483 τοὸς
495 1404 635 1483 αίῶνας
659 1407 737 1477 τῶν
763 1397 924 1475 αλοίνων.
969 1397 1096 1496 Ἀμήν.

165 1535 236 1602 Καί
258 1533 404 1614 ἐξελθὼν
426 1529 444 1600 ὸ
468 1530 629 1614 διάκονος,
651 1533 707 1601 καί
729 1534 810 1613 στὰς
831 1533 866 1602 ἐν
886 1539 934 1622 τῷ
955 1529 1095 1621 συνήθει
1116 1529 1223 1621 τόπῳ,
1246 1532 1342 1619 λέγει·

201 1637 348 1734 Ὀρθοί,
365 1633 637 1733 μεταλαβόντες
654 1645 732 1711 τῶν
748 1636 879 1727 Θυίων,
907 1636 1039 1738 ἁγίων,
1058 1636 1273 1735 ἀχροίντων,
1292 1637 1373 1709 ἀθο-

124 1736 268 1828 νὰτων,
302 1736 554 1835 ἐπουρανίων,
588 1737 651 1812 καί
685 1737 895 1829 ζωοποιῶν,
930 1747 1098 1838 φρικτῶν
1130 1745 1199 1812 τοῦ
1224 1741 1372 1838 Χριστοῦ

124 1839 352 1937 μυστηρίων,
379 1838 489 1924 ἀξίως
514 1838 839 1937 εὐχαριστήσωμεν
866 1848 919 1939 τῷ
946 1840 1085 1938 Κυρίῳ.

206 1954 244 2024 ‘0
273 1954 388 2045 χορός·
424 1937 536 2039 Κύριε
562 1941 718 2036 ἐλέησον.

199 2045 497 2139 Ἀντιλαβυῦ,
533 2051 703 2131 σῶσον,
745 2043 938 2139 ἐλέησον
976 2042 1052 2117 καί
1095 2037 1370 2140 ὸιαφύλαξον

122 2146 239 2245 ἡμᾶς
265 2144 285 2220 ὸ
314 2144 423 2230 Θεὸς
447 2152 499 2239 τῇ
527 2153 579 2240 σῇ
602 2141 761 2242 χοίριτι
789 2148 863 2241 (lac.
891 2150 963 2243 22).

186 2259 243 2342 D
274 2258 388 2350 χορός·
424 2245 538 2345 Κύριε
562 2248 721 2342 ἐλέησον.

212 2348 503 2448 Τὴνὴμὲραν
528 2356 683 2423 πᾶσαν
709 2346 913 2437 τελείαν,
947 2344 1109 2449 ἁγίαν,
1150 2341 1368 2443 εἰρηνικὴν

123 2451 200 2525 καὶ
227 2447 563 2547 ἀναμάρτητον
589 2445 920 2545 αλτησοίμενοι,
957 2446 1170 2536 ἑαυτοὺς,
1209 2445 1368 2521 καίὸλ·

124 2551 315 2647 λη’·λους,
358 2550 436 2625 καί
478 2560 633 2625 πᾶσαν
668 2550 751 2645 τὴν
787 2549 905 2647 ζωὴν
939 2549 1069 2646 ἡμῶν
1104 2555 1291 2647 Χριστῷ
1322 2550 1366 2640 τῷ

128 2659 219 2750 Θεῷ
247 2649 576 2749 παραθαίμεθα
603 2654 677 2746 (Iac.
703 2655 772 2748 12).

207 2764 245 2834 ‘O
274 2763 387 2857 χορός·
426 2753 496 2842 σοί,
523 2750 647 2850 Κύριε.

651 2881 861 2973 Ἐκφώνησις.

198 2989 279 3066 Ὅτι
309 2988 355 3063 σὺ
382 2988 414 3062 εί
440 2988 458 3062 ὸ
486 2987 669 3090 ἁγιασμὸς
694 2988 814 3085 ἡμῶν,
851 2987 912 3061 καί
950 2987 1007 3060 σοὶ
1044 2986 1112 3082 τὴν
1148 2984 1263 3071 δόξαν
1297 2985 1368 3059 ίιιά-

124 3092 314 3187 πέμπομεν
348 3099 401 3188 τῷ
438 3090 562 3188 πατρί,
600 3090 661 3164 καὶ
696 3099 749 3187 τῷ
785 3091 869 3186 υἱῷ,
906 3089 1046 3185 καὶτῷ
1074 3088 1170 3190 ἁγίῳ
1198 3085 1368 3183 πνεύματι,

125 3201 196 3266 νῦν
222 3193 283 3265 καὶ
310 3193 379 3280 ἁεί,
406 3192 468 3266 καί
495 3198 545 3274 είς
570 3193 657 3275 τοὺς
683 3199 822 3273 αἰῶνας
847 3200 925 3266 τῶν
951 3189 1111 3265 αἰώνων.

207 3304 244 3373 ‘0
274 3305 389 3394 χορός·
425 3291 537 3391 ἁμήν.

206 3405 244 3474 Ὁ
278 3406 443 3488 διάκονος·
474 3396 537 3469 Ἕν
572 3391 694 3490 εἰρήνη
731 3393 985 3491 προέλθωμεν.
1026 3405 1064 3474 Ὁ
1084 3402 1198 3494 χορός·
1234 3396 1273 3466 ἐν
1304 3382 1370 3463 ὀνό-

123 3526 213 3593 ματι
239 3496 394 3593 Κυρίου.
437 3507 474 3578 Ὁ
498 3506 668 3589 διάκονος·
700 3502 774 3570 Τοῦ
800 3495 942 3596 Κυρίου
968 3494 1178 3590 δυνηθῶμεν.
1222 3506 1259 3576 Ὁ
1278 3500 1371 3592 χορός·

124 3596 235 3696 Κύριε
262 3598 421 3694 ἐλέησον,
448 3597 607 3672 ιλέοποτα
633 3593 843 3698 εὐλόγησον.

207 3727 294 3818 Εὸχὴ
324 3726 603 3816 ὸπισθοίμβωνος,
635 3730 865 3819 ἑκφωνουμὲνη
893 3731 987 3820 παρὰ
1013 3736 1072 3797 τοῦ
1100 3727 1217 3815 ίερὲως
1244 3726 1304 3810 ἔξω
1329 3724 1372 3791 τοῦ

123 3831 282 3920 βήματος.

202 3936 245 4012 Ὁ
280 3934 444 4035 εὐλογῶν
478 3936 564 4018 τοὺς
600 3931 844 4036 εὐλογοῦντοίς
870 3958 909 4008 σε
917 3990 929 4022 ,
966 3936 1099 4034 Κύριε,
1137 3934 1200 4009 καί
1227 3931 1377 4036 ἁγιάζων

124 4036 211 4120 τοὺς
244 4037 301 4110 ἐπὶ
328 4037 386 4110 σοί
411 4034 648 4125 πεποιθότας,
677 4046 801 4112 σῶσον
825 4035 893 4111 τὸν
919 4033 1011 4110 λαόν
1037 4061 1119 4124 σου,
1153 4035 1216 4110 καί
1243 4034 1381 4138 εὐλόγη·

125 4164 192 4215 ουν
224 4139 294 4233 τὴν
325 4139 574 4236 κληρονομίαν
607 4165 691 4212 σου·
729 4140 772 4214 τὸ
805 4136 985 4236 πλήρωμα
1020 4143 1081 4235 τῆς
1107 4137 1301 4235 ἐκκλησίας
1326 4163 1383 4213 σου

124 4239 309 4340 φύλαξον·
337 4238 495 4368 ἁγίασον
521 4240 607 4325 τοὺς
633 4242 857 4341 ἀγαπῶντας
881 4241 949 4336 τὴν
968 4240 1185 4339 εὐπρέπειαν
1201 4243 1272 4316 τοῦ
1292 4245 1387 4316 οἴκου

125 4364 211 4415 σου·
247 4341 294 4415 σὺ
327 4341 438 4425 αυτὸς
471 4341 717 4426 ἀντιδόξαοον
741 4347 787 4438 τῇ
814 4347 923 4438 θεϊκῇ
949 4367 1018 4418 σου
1043 4339 1218 4438 ὸυνοίμει,
1254 4343 1320 4417 καί
1344 4340 1390 4439 μὴ

124 4441 365 4542 ε’γκαταλίπης
389 4443 485 4539 ἡμᾶς
510 4445 595 4527 τοὺς
620 4444 831 4534 ἐλπίζοντας
858 4446 916 4517 ἐπὶ
943 4445 999 4518 σε’·
1027 4440 1175 4544 ελρήνην
1192 4449 1248 4542 τῷ
1263 4445 1393 4543 κόσμῳ
