3044 4912
653 285 725 360 231

54 469 183 547 pebebrt,
212 488 254 530 an
276 469 332 530 den
354 469 480 548 beiiipen
504 470 624 539 Tbitren
646 471 727 534 abien
749 471 953 534 vernebmbicb
974 473 1073 539 sieben
1096 474 1248 537 rotbrende
1272 476 1328 538 Ge-

59 571 115 632 bete
137 575 168 632 in
192 571 261 632 drei
282 571 495 652 Abtbeilunpen
529 591 571 634 zu
593 572 697 634 Ebren
718 577 803 636 einer
819 572 912 650 jeden
933 573 988 635 der
1010 576 1079 637 drei
1097 574 1252 638 Personen
1275 577 1329 639 der

63 670 195 742 Gottbn't,
222 673 280 751 sur
307 691 421 734 unsere
443 673 566 735 Srtnden
591 674 656 736 und
682 694 795 737 unsere
817 674 981 754 Brdbsunp,
1012 675 1058 735 die
1086 680 1143 737 cair
1171 694 1232 738 aon
1255 678 1329 740 oben

65 772 149 834 burrb
176 774 229 835 des
258 772 384 853 beiiioen
407 774 521 837 Geistes
544 773 639 854 Sepen
665 788 828 848 erwarten,
857 774 975 837 endiicb
1004 776 1081 838 anob
1108 777 1166 855 site
1193 779 1239 841 die
1261 789 1329 841 ent·

66 873 231 952 scbtosenen
252 874 383 945 Brdder,
411 877 457 938 die
478 893 610 937 unserer
631 875 771 939 Furbitte
794 877 972 954 bedrtrsen.“

140 976 196 1057 Τῷ
216 969 384 1060 Σαββάτῳ
404 979 464 1060 τῆς
484 977 721 1061 Πεντεκοστῆς,
752 969 921 1063 untiaret
943 968 963 1060 ἦ
983 968 1188 1042 Ἀκολοοθία
1210 972 1329 1044 ἅπασα

10 1028 16 1121 ί
70 1077 114 1157 τῆς
131 1077 371 1161 Πεκτηκοστῆς,
394 1068 440 1151 ὥς
460 1072 517 1140 καί
538 1071 573 1142 br
594 1080 634 1164 τῇ
653 1071 779 1164 Ἑορτῇ,
802 1071 837 1141 ἔν
858 1099 894 1141 το
915 1080 963 1161 τῷ
982 1071 1175 1164 Ἑσπερινῷ,
1202 1076 1329 1166 καὶτῷ

67 1168 193 1260 ”bobada
218 1172 277 1241 διὰ
298 1173 338 1240 τὸ
360 1171 596 1244 ἀποδίδοσθαι
617 1174 676 1263 τὴν
695 1172 829 1262 Ἑορτὴν
851 1171 1004 1264 σήμερον.

21 1284 24 1289 “
141 1282 189 1343 19.
223 1274 410 1362 Κυριακὴ
443 1282 522 1343 coir
546 1273 689 1364 Ἁγίων
710 1274 881 1343 Πάντων
913 1285 965 1358 (22
981 1283 1048 1344 Mai.
1070 1283 1137 1346 Lat.
1160 1283 1328 1360 Trinitatis)

73 1376 143 1440 Hebr.
162 1384 209 1453 11,
228 1383 268 1444 33
285 1415 323 1425 -
343 1384 391 1453 12,
407 1384 437 1444 2.
772 1398 779 1403 “

135 1472 190 1555 Ὡς
212 1472 365 1561 ἀπαρχὰς
385 1484 445 1566 τῆς
473 1474 615 1565 φύσεως,
637 1484 685 1567 τῷ
707 1484 884 1568 φυτουργοῦ
905 1485 964 1567 τῆς
983 1474 1145 1561 Κτίσεως,
1167 1476 1187 1568 ἦ
1209 1478 1328 1549 Oinou-

71 1574 134 1666 uim
162 1579 348 1667 προςφίρει
376 1602 431 1647 σοι
450 1576 557 1666 Κύριε
575 1580 655 1659 τοὺς
677 1579 873 1669 Θεοφόροος
893 1578 1094 1669 Μάστορος·
1123 1586 1199 1660 ταῖς
1221 1578 1329 1648 αὐτῶν

10 1680 13 1684 ’
73 1672 193 1758 ἱκεσίαις
216 1679 252 1746 ἐκ
274 1677 384 1769 εἰρήνῃ
405 1679 534 1770 βαθείᾳ
554 1681 613 1768 τὴν
632 1679 822 1772 Ἐκκλησίαν
843 1706 914 1764 σου,
937 1689 977 1772 τῇ
998 1679 1155 1773 πολιτείᾳ
1177 1706 1249 1763 σου,
1272 1682 1329 1751 διὰ

10 1776 22 1873 ³3
70 1785 114 1866 nic
133 1779 301 1850 Θοατόκοο
326 1779 526 1871 coniunctae
546 1783 726 1852 Πολυέλεε.

136 1887 223 1949 Feria
247 1888 377 1949 secunda
402 1887 509 1967 incipit
531 1888 675 1951 ieiunium
699 1891 878 1951 Sanctorum
900 1891 1122 1969 Apostolorum.

136 1989 305 2049 Aiiatius
328 1989 347 2048 l.
364 2007 389 2048 c.
412 2008 441 2068 p.
461 1991 556 2052 1464:
594 1992 703 2070 „Aprrd
732 1991 861 2053 Graecos
887 1991 1112 2053 Dominicorum
1141 1995 1263 2053 nomina
1290 1991 1326 2053 ab

71 2086 254 2169 boanpeb'stis
276 2089 349 2160 iliis,
373 2108 412 2152 ea
433 2109 563 2170 pirorum
584 2091 744 2172 brandelio
770 2093 889 2172 depitrar,
913 2094 1123 2161 desumuntur,
1147 2096 1211 2153 nisi
1228 2092 1328 2154 maior

70 2189 240 2254 soiiunm'tas
264 2192 339 2252 diem
359 2192 419 2253 sibi
438 2193 646 2254 vindicaverit.
681 2193 785 2265 Quare
809 2212 874 2254 cum
896 2212 914 2255 a
935 2195 1093 2255 Dominica
1116 2192 1188 2254 Filii
1205 2194 1329 2274 prodipi

69 2291 208 2373 adipsum
230 2291 425 2355 Pentecosten
454 2312 571 2373 semper
599 2292 720 2374 aliquod
748 2297 935 2373 mysterium,
958 2313 1014 2355 sua
1028 2295 1180 2374 dianitote
1204 2298 1326 2376 conspi-

69 2408 149 2470 num,
179 2393 308 2472 sinpub's
330 2393 495 2458 Dominicis
519 2394 694 2466 celebretur,
722 2397 838 2474 suetum
860 2406 906 2457 est
927 2405 962 2457 ut
982 2394 1248 2474 Eoonpelistarum
1269 2412 1326 2456 no-

66 2498 133 2557 nina
155 2499 315 2566 cessarint,
338 2502 482 2575 mysterio
505 2496 579 2557 diem
603 2501 790 2576 occuparint.
828 2496 917 2570 Quod
936 2507 1006 2577 post
1019 2496 1215 2559 Pentecosten
1237 2496 1329 2557 aliter

66 2601 159 2660 euenit.
193 2595 274 2658 Tunc
296 2602 384 2668 enim,
408 2617 473 2658 cum
495 2596 614 2659 nubium
636 2601 810 2677 mysterium
831 2597 1018 2677 splendidius
1042 2599 1087 2659 die
1109 2599 1257 2660 dominico
1281 2615 1328 2658 ce-

65 2695 197 2770 lebretur,
229 2698 404 2761 Dominicus
432 2701 496 2777 ipse
527 2699 588 2760 dies
611 2699 647 2761 ab
670 2698 863 2778 baanpelista
892 2716 1000 2762 nomen
1022 2699 1118 2761 babet.
1164 2697 1328 2779 Evanpelia
1354 2723 1359 2747 ·

62 2800 150 2879 itaque
173 2799 229 2862 boc
251 2803 370 2860 ratione
397 2798 549 2877 tenuntur.
594 2802 618 2860 Α
637 2803 739 2879 primo
762 2803 808 2863 die
830 2799 985 2862 Poscbotis
1007 2820 1101 2881 usque
1123 2802 1162 2862 ad
1183 2800 1328 2863 Penteco-

62 2912 119 2963 rten
149 2901 262 2981 lenitur
290 2900 485 2979 baanpelium
512 2901 656 2964 Ioannis:
685 2922 705 2963 o
732 2903 891 2964 Dominicis
919 2902 1101 2964 Sanctorum
1130 2906 1262 2963 ommam
1289 2901 1328 2962 od

60 3000 243 3064 Parasceoas
265 3001 491 3082 subsequentem
517 3004 630 3081 sectum
652 3005 728 3066 diem
749 3003 956 3064 Ecaitotionis
978 3002 1108 3064 Sanctae
1132 3003 1248 3073 Crucis,
1272 3003 1327 3063 ob-

60 3104 242 3185 soiaitnrque
270 3102 497 3165 bebdomadibus
531 3106 629 3166 decem
658 3114 687 3166 et
720 3078 842 3182 se'ptem.
887 3103 1005 3165 Horum
1033 3105 1170 3166 undecim
1199 3102 1326 3182 sindulis

59 3205 154 3268 diebus
178 3205 325 3267 Mottbaei
337 3204 533 3282 Erorepeiium
556 3206 683 3284 lenitur:
706 3224 724 3266 o
747 3206 919 3267 duodecima
940 3209 1069 3285 quinque
1091 3203 1192 3266 diebus
1208 3203 1328 3265 Hebdo-

58 3309 146 3369 madis
170 3306 272 3368 Marci
289 3306 484 3385 Evanpeiium
512 3310 672 3368 recitatur.
716 3305 847 3369 Sabbata
876 3319 903 3369 et
925 3304 1097 3367 Dominicas
1121 3306 1248 3367 lectione
1270 3322 1328 3366 suo

60 3406 224 3470 Matthaeus
254 3416 387 3488 occupat,
417 3426 512 3487 nsque
539 3409 577 3469 ad
599 3409 745 3494 decimam
762 3419 790 3468 et
812 3411 985 3488 septimam5
1014 3418 1041 3469 et
1070 3408 1328 3486 decimoseptimo

59 3514 84 3570 si
105 3510 161 3571 ilia
187 3509 277 3588 infra
303 3507 421 3570 Pascba
448 3508 536 3588 fieret
566 3507 599 3589 (i.
617 3528 641 3569 e.
665 3513 693 3570 si
713 3527 732 3569 a
754 3508 899 3571 Postdate
926 3510 965 3570 ad
986 3508 1212 3570 Euobtationem
1233 3524 1326 3585 usque

58 3608 140 3673 xtra
163 3619 370 3672 numerantur
393 3607 600 3688 hebdomades)
625 3608 808 3670 Mattbaeum
831 3609 916 3671 babet
924 3632 934 3687 ς
965 3613 994 3670 si
1012 3609 1109 3682 ultro,
1131 3625 1326 3688 nequaquam,

61 3712 105 3772 sed
125 3711 212 3772 atiud
233 3729 272 3773 ea
293 3710 362 3772 aliis
387 3710 496 3790 iepr‘tur
517 3720 546 3771 et
563 3711 737 3771 Conanoeoe
753 3720 806 3771 est.
837 3710 933 3798 bircae
951 3707 1144 3788 Evanpeiium
1166 3708 1328 3770 incboatur

60 3814 225 3874 asencndd
245 3813 328 3890 seria
347 3822 418 3891 post
440 3811 627 3873 Dominicam
648 3811 853 3873 Euobtationis
878 3810 1044 3891 lepiturque
1066 3813 1193 3889 intepris
1217 3802 1327 3870 bebdo-

58 3914 189 3975 madibus
212 3914 381 3976 duodecim:
404 3913 441 3974 ab
463 3915 549 3973 initio
573 3930 647 3975 vero
663 3914 791 3974 decimae
808 3916 915 3975 tertiae
932 3912 1033 3973 diebus
1049 3910 1213 3990 ferialibus
1229 3909 1330 3972 Marci

58 4013 250 4093 anrrpebium
271 4019 429 4085 recitatur,
452 4013 592 4076 Sabbatis
615 4013 830 4076 et-Dominicis
854 4012 961 4074 Lucae.
990 4011 1089 4073 Marci
1110 4013 1229 4074 tandem
1248 4029 1325 4090 pars

54 4089 226 4194 ροῐίοοὶοκο1
242 4121 322 4178 inter
345 4115 532 4177 Mattbaeum
565 4126 592 4176 et
614 4115 725 4177 Lucam
756 4115 925 4176 absumitur
932 4137 943 4190 ‚·
978 4115 1056 4192 peaad
1090 4112 1239 4193 reliquum
1271 4122 1325 4181 est,

60 4217 314 4297 Quadrapesimoe
337 4216 476 4279 Sabbatis
499 4225 527 4277 et
548 4216 712 4279 Dominicis
736 4220 894 4278 recitatur.

137 4320 190 4383 20.
226 4310 413 4402 Κοριακή
436 4310 701 4397 δευτέρατοῢ
722 4308 954 4379 Ματθαίοο
987 4310 1146 4399 περὶτῆς
1168 4311 1327 4377 debanna·
1396 4306 1401 4314 ¹

52 4412 128 4494 λίος
150 4421 211 4482 τοῦ
231 4422 383 4505 Χριστοῦ
405 4420 458 4496 (29
474 4418 540 4479 Mai.
565 4418 672 4480 Latii
695 4429 765 4499 post
787 4417 935 4482 Pontou!
958 4427 1028 4497 post
1051 4417 1171 4492 Trinit.)
1192 4415 1278 4479 Rom.
1295 4419 1325 4490 2,

52 4522 191 4585 10-16.
249 4568 254 4579 ,
