<?xml version="1.0" encoding="UTF-8"?>
<!DOCTYPE html PUBLIC "-//W3C//DTD XHTML 1.0 Transitional//EN"
    "http://www.w3.org/TR/xhtml1/DTD/xhtml1-transitional.dtd">
<html xmlns="http://www.w3.org/1999/xhtml" xml:lang="en" lang="en">
 <head>
  <title>
</title>
<meta http-equiv="Content-Type" content="text/html;charset=utf-8" />
  <meta name='ocr-system' content='tesseract 3.04.00' />
  <meta name='ocr-capabilities' content='ocr_page ocr_carea ocr_par ocr_line ocrx_word'/>
</head>
<body>
  <div class='ocr_page' id='page_1' title='image "./codexliturgicus05danigoog_0555.png"; bbox 0 0 3044 4912; ppageno 0'>
   <div class='ocr_carea' id='block_1_1' title="bbox 713 254 786 329">
    <p class='ocr_par' dir='ltr' id='par_1_1' title="bbox 713 254 786 329">
     <span class='ocr_line' id='line_1_1' title="bbox 713 254 786 329; baseline 0 0"><span class='ocrx_word' id='word_1_1' title='bbox 713 254 786 329; x_wconf 80' lang='lat'><strong><em>519</em></strong></span> 
     </span>
    </p>
   </div>
   <div class='ocr_carea' id='block_1_2' title="bbox 105 436 1380 3359">
    <p class='ocr_par' dir='ltr' id='par_1_2' title="bbox 105 436 1380 3359">
     <span class='ocr_line' id='line_1_2' title="bbox 110 436 1378 542; baseline 0.006 -30"><span class='ocrx_word' id='word_1_2' title='bbox 110 447 166 537; x_wconf 80' lang='grc' dir='ltr'><strong><em>τῷ</em></strong></span> <span class='ocrx_word' id='word_1_3' title='bbox 192 436 309 534; x_wconf 81' lang='grc' dir='ltr'><em>κυρίῳ</em></span> <span class='ocrx_word' id='word_1_4' title='bbox 342 436 461 513; x_wconf 82' lang='grc' dir='ltr'><strong><em>αὐτοῦ</em></strong></span> <span class='ocrx_word' id='word_1_5' title='bbox 479 438 606 513; x_wconf 82' lang='grc' dir='ltr'><strong><em>Ἰσαὰκ</em></strong></span> <span class='ocrx_word' id='word_1_6' title='bbox 638 442 811 540; x_wconf 82' lang='grc' dir='ltr'><strong><em>γυναῖκα,</em></strong></span> <span class='ocrx_word' id='word_1_7' title='bbox 844 437 908 514; x_wconf 84' lang='grc' dir='ltr'><strong><em>καὶ</em></strong></span> <span class='ocrx_word' id='word_1_8' title='bbox 944 437 1008 514; x_wconf 88' lang='grc' dir='ltr'><strong><em>διά</em></strong></span> <span class='ocrx_word' id='word_1_9' title='bbox 1034 437 1217 535; x_wconf 83' lang='grc' dir='ltr'><strong><em>μεσιτείας</em></strong></span> <span class='ocrx_word' id='word_1_10' title='bbox 1242 438 1378 542; x_wconf 87' lang='grc' dir='ltr'><strong><em>ὑδρεύ-</em></strong></span> 
     </span>
     <span class='ocr_line' id='line_1_3' title="bbox 113 536 1378 640; baseline 0.004 -25"><span class='ocrx_word' id='word_1_11' title='bbox 113 564 206 624; x_wconf 83' lang='grc' dir='ltr'><strong><em>σευις</em></strong></span> <span class='ocrx_word' id='word_1_12' title='bbox 231 540 567 636; x_wconf 87' lang='grc' dir='ltr'><strong><em>ἀρραβωνίσασθαι</em></strong></span> <span class='ocrx_word' id='word_1_13' title='bbox 593 538 661 636; x_wconf 84' lang='grc' dir='ltr'><strong><em>τὴν</em></strong></span> <span class='ocrx_word' id='word_1_14' title='bbox 676 539 872 637; x_wconf 80' lang='grc' dir='ltr'><em>Ῥεβέκκαν</em></span> <span class='ocrx_word' id='word_1_15' title='bbox 896 536 1153 640; x_wconf 77' lang='grc' dir='ltr'><strong><em>ἀποκαλύψας,</em></strong></span> <span class='ocrx_word' id='word_1_16' title='bbox 1179 543 1292 629; x_wconf 71' lang='grc' dir='ltr'><strong><em>αὐτὸς</em></strong></span> <span class='ocrx_word' id='word_1_17' title='bbox 1316 546 1378 620; x_wconf 84' lang='grc' dir='ltr'><strong><em>εύ-</em></strong></span> 
     </span>
     <span class='ocr_line' id='line_1_4' title="bbox 113 638 1375 745; baseline 0.005 -29"><span class='ocrx_word' id='word_1_18' title='bbox 113 638 273 745; x_wconf 88' lang='grc' dir='ltr'><strong><em>λόγησον</em></strong></span> <span class='ocrx_word' id='word_1_19' title='bbox 304 639 372 714; x_wconf 85' lang='grc' dir='ltr'><strong><em>τόν</em></strong></span> <span class='ocrx_word' id='word_1_20' title='bbox 403 640 605 739; x_wconf 86' lang='grc' dir='ltr'><strong><em>ἀρραβῶνα</em></strong></span> <span class='ocrx_word' id='word_1_21' title='bbox 638 648 716 717; x_wconf 87' lang='grc' dir='ltr'><strong><em>τῶν</em></strong></span> <span class='ocrx_word' id='word_1_22' title='bbox 749 638 897 717; x_wconf 86' lang='grc' dir='ltr'><strong><em>δούλων</em></strong></span> <span class='ocrx_word' id='word_1_23' title='bbox 922 668 1004 733; x_wconf 92' lang='grc' dir='ltr'><strong><em>σου,</em></strong></span> <span class='ocrx_word' id='word_1_24' title='bbox 1035 640 1147 718; x_wconf 86' lang='grc' dir='ltr'><strong><em>τοῦδε</em></strong></span> <span class='ocrx_word' id='word_1_25' title='bbox 1171 643 1235 719; x_wconf 83' lang='grc' dir='ltr'><strong><em>καὶ</em></strong></span> <span class='ocrx_word' id='word_1_26' title='bbox 1259 645 1375 742; x_wconf 82' lang='grc' dir='ltr'><strong><em>τῆςδε.</em></strong></span> 
     </span>
     <span class='ocr_line' id='line_1_5' title="bbox 114 739 1378 846; baseline 0.006 -29"><span class='ocrx_word' id='word_1_27' title='bbox 114 742 188 817; x_wconf 78' lang='grc' dir='ltr'><strong><em>Καὶ</em></strong></span> <span class='ocrx_word' id='word_1_28' title='bbox 213 739 385 839; x_wconf 83' lang='grc' dir='ltr'><strong><em>στήριξον</em></strong></span> <span class='ocrx_word' id='word_1_29' title='bbox 408 741 476 817; x_wconf 86' lang='grc' dir='ltr'><strong><em>τὸν</em></strong></span> <span class='ocrx_word' id='word_1_30' title='bbox 500 742 589 839; x_wconf 73' lang='grc' dir='ltr'><strong><em>παρ’</em></strong></span> <span class='ocrx_word' id='word_1_31' title='bbox 619 742 746 829; x_wconf 74' lang='grc' dir='ltr'><strong><em>αὐτοῖς</em></strong></span> <span class='ocrx_word' id='word_1_32' title='bbox 769 743 980 842; x_wconf 77' lang='grc' dir='ltr'><strong><em>λαληθέντα</em></strong></span> <span class='ocrx_word' id='word_1_33' title='bbox 1005 739 1127 846; x_wconf 88' lang='grc' dir='ltr'><strong><em>λόγον.</em></strong></span> <span class='ocrx_word' id='word_1_34' title='bbox 1153 742 1378 845; x_wconf 83' lang='grc' dir='ltr'><strong><em>Βεβαίωσον</em></strong></span> 
     </span>
     <span class='ocr_line' id='line_1_6' title="bbox 114 843 1377 948; baseline 0.005 -29"><span class='ocrx_word' id='word_1_35' title='bbox 114 843 252 928; x_wconf 78' lang='grc' dir='ltr'><strong><em>αὐτοὺς</em></strong></span> <span class='ocrx_word' id='word_1_36' title='bbox 283 852 329 940; x_wconf 76' lang='grc' dir='ltr'><strong><em>τῇ</em></strong></span> <span class='ocrx_word' id='word_1_37' title='bbox 355 843 457 941; x_wconf 83' lang='grc' dir='ltr'><strong><em>παρὰ</em></strong></span> <span class='ocrx_word' id='word_1_38' title='bbox 484 851 553 919; x_wconf 86' lang='grc' dir='ltr'><strong><em>σοῦ</em></strong></span> <span class='ocrx_word' id='word_1_39' title='bbox 578 843 668 948; x_wconf 83' lang='grc' dir='ltr'><strong><em>ἀγίρ</em></strong></span> <span class='ocrx_word' id='word_1_40' title='bbox 694 844 849 943; x_wconf 76' lang='grc' dir='ltr'><strong><em>ἕνότητι,</em></strong></span> <span class='ocrx_word' id='word_1_41' title='bbox 884 844 932 920; x_wconf 82' lang='grc' dir='ltr'><strong><em>σὺ</em></strong></span> <span class='ocrx_word' id='word_1_42' title='bbox 956 843 1029 948; x_wconf 83' lang='grc' dir='ltr'><strong><em>γὰρ</em></strong></span> <span class='ocrx_word' id='word_1_43' title='bbox 1055 844 1122 921; x_wconf 80' lang='grc' dir='ltr'><strong><em>ἀπ’</em></strong></span> <span class='ocrx_word' id='word_1_44' title='bbox 1151 846 1266 946; x_wconf 86' lang='grc' dir='ltr'><strong><em>ἀρχῆς</em></strong></span> <span class='ocrx_word' id='word_1_45' title='bbox 1291 848 1377 947; x_wconf 76' lang='grc' dir='ltr'><strong><em>ἐδη-</em></strong></span> 
     </span>
     <span class='ocr_line' id='line_1_7' title="bbox 113 941 1378 1048; baseline 0.004 -27"><span class='ocrx_word' id='word_1_46' title='bbox 113 941 341 1048; x_wconf 81' lang='grc' dir='ltr'><strong><em>μιούργησας</em></strong></span> <span class='ocrx_word' id='word_1_47' title='bbox 366 948 480 1039; x_wconf 87' lang='grc' dir='ltr'><strong><em>ἀρσεν</em></strong></span> <span class='ocrx_word' id='word_1_48' title='bbox 503 945 567 1020; x_wconf 81' lang='grc' dir='ltr'><strong><em>καὶ</em></strong></span> <span class='ocrx_word' id='word_1_49' title='bbox 591 949 705 1043; x_wconf 83' lang='grc' dir='ltr'><strong><em>θῆλυ,</em></strong></span> <span class='ocrx_word' id='word_1_50' title='bbox 729 944 794 1022; x_wconf 83' lang='grc' dir='ltr'><strong><em>καὶ</em></strong></span> <span class='ocrx_word' id='word_1_51' title='bbox 818 946 920 1046; x_wconf 81' lang='grc' dir='ltr'><strong><em>παρὰ</em></strong></span> <span class='ocrx_word' id='word_1_52' title='bbox 946 955 1017 1023; x_wconf 81' lang='grc' dir='ltr'><strong><em>σοῦ</em></strong></span> <span class='ocrx_word' id='word_1_53' title='bbox 1042 943 1242 1045; x_wconf 83' lang='grc' dir='ltr'><strong><em>ἀρμόζεται</em></strong></span> <span class='ocrx_word' id='word_1_54' title='bbox 1263 949 1378 1048; x_wconf 82' lang='grc' dir='ltr'><strong><em>ἀνδρὶ</em></strong></span> 
     </span>
     <span class='ocr_line' id='line_1_8' title="bbox 111 1043 1375 1152; baseline 0.006 -32"><span class='ocrx_word' id='word_1_55' title='bbox 111 1048 207 1147; x_wconf 85' lang='grc' dir='ltr'><strong><em>γυνὴ</em></strong></span> <span class='ocrx_word' id='word_1_56' title='bbox 234 1052 285 1133; x_wconf 83' lang='grc' dir='ltr'><strong><em>ιλς</em></strong></span> <span class='ocrx_word' id='word_1_57' title='bbox 306 1043 492 1144; x_wconf 78' lang='grc' dir='ltr'><strong><em>βοήθειαν</em></strong></span> <span class='ocrx_word' id='word_1_58' title='bbox 516 1047 580 1124; x_wconf 76' lang='grc' dir='ltr'><strong><em>καὶ</em></strong></span> <span class='ocrx_word' id='word_1_59' title='bbox 605 1045 788 1145; x_wconf 84' lang='grc' dir='ltr'><strong><em>διαδοχὴν</em></strong></span> <span class='ocrx_word' id='word_1_60' title='bbox 805 1056 874 1125; x_wconf 87' lang='grc' dir='ltr'><strong><em>τοῦ</em></strong></span> <span class='ocrx_word' id='word_1_61' title='bbox 894 1048 1026 1152; x_wconf 82' lang='grc' dir='ltr'><strong><em>γόνους</em></strong></span> <span class='ocrx_word' id='word_1_62' title='bbox 1045 1057 1125 1125; x_wconf 86' lang='grc' dir='ltr'><strong><em>τῶν</em></strong></span> <span class='ocrx_word' id='word_1_63' title='bbox 1146 1048 1375 1148; x_wconf 77' lang='grc' dir='ltr'><strong><em>ἀνθρώπων.</em></strong></span> 
     </span>
     <span class='ocr_line' id='line_1_9' title="bbox 111 1143 1378 1249; baseline 0.005 -27"><span class='ocrx_word' id='word_1_64' title='bbox 111 1148 237 1232; x_wconf 82' lang='grc' dir='ltr'><strong><em>Αὐτὸς</em></strong></span> <span class='ocrx_word' id='word_1_65' title='bbox 269 1143 352 1238; x_wconf 75' lang='grc' dir='ltr'><strong><em>οὖν,</em></strong></span> <span class='ocrx_word' id='word_1_66' title='bbox 386 1144 512 1244; x_wconf 77' lang='grc' dir='ltr'><strong><em>Κύριε,</em></strong></span> <span class='ocrx_word' id='word_1_67' title='bbox 546 1149 566 1224; x_wconf 86' lang='grc' dir='ltr'><em>ὃ</em></span> <span class='ocrx_word' id='word_1_68' title='bbox 596 1149 683 1234; x_wconf 86' lang='grc' dir='ltr'><strong><em>θεὸς</em></strong></span> <span class='ocrx_word' id='word_1_69' title='bbox 712 1148 834 1247; x_wconf 83' lang='grc' dir='ltr'><strong><em>ἡμῶν,</em></strong></span> <span class='ocrx_word' id='word_1_70' title='bbox 868 1150 1170 1237; x_wconf 73' lang='grc' dir='ltr'><strong><em>ὃλξαποστείλας</em></strong></span> <span class='ocrx_word' id='word_1_71' title='bbox 1192 1151 1263 1248; x_wconf 85' lang='grc' dir='ltr'><strong><em>τὴν</em></strong></span> <span class='ocrx_word' id='word_1_72' title='bbox 1287 1150 1378 1249; x_wconf 83' lang='grc' dir='ltr'><strong><em>ἀλή-</em></strong></span> 
     </span>
     <span class='ocr_line' id='line_1_10' title="bbox 109 1248 1378 1354; baseline 0.004 -30"><span class='ocrx_word' id='word_1_73' title='bbox 109 1253 226 1326; x_wconf 88' lang='grc' dir='ltr'><strong><em>θειαν</em></strong></span> <span class='ocrx_word' id='word_1_74' title='bbox 250 1248 309 1324; x_wconf 77' lang='grc' dir='ltr'><strong><em>ἐπὶ</em></strong></span> <span class='ocrx_word' id='word_1_75' title='bbox 332 1248 402 1346; x_wconf 80' lang='grc' dir='ltr'><strong><em>τὴν</em></strong></span> <span class='ocrx_word' id='word_1_76' title='bbox 426 1249 676 1349; x_wconf 76' lang='grc' dir='ltr'><strong><em>κληρονομίαν</em></strong></span> <span class='ocrx_word' id='word_1_77' title='bbox 700 1274 783 1342; x_wconf 89' lang='grc' dir='ltr'><strong><em>σου,</em></strong></span> <span class='ocrx_word' id='word_1_78' title='bbox 807 1250 872 1328; x_wconf 80' lang='grc' dir='ltr'><strong><em>καὶ</em></strong></span> <span class='ocrx_word' id='word_1_79' title='bbox 895 1250 965 1349; x_wconf 80' lang='grc' dir='ltr'><strong><em>τὴν</em></strong></span> <span class='ocrx_word' id='word_1_80' title='bbox 987 1252 1209 1354; x_wconf 75' lang='grc' dir='ltr'><strong><em>ἐπαγγελίαν</em></strong></span> <span class='ocrx_word' id='word_1_81' title='bbox 1228 1279 1297 1329; x_wconf 92' lang='grc' dir='ltr'><strong><em>σου</em></strong></span> <span class='ocrx_word' id='word_1_82' title='bbox 1317 1253 1378 1329; x_wconf 76' lang='grc' dir='ltr'><strong><em>ἐπὶ</em></strong></span> 
     </span>
     <span class='ocr_line' id='line_1_11' title="bbox 105 1348 1378 1458; baseline 0.005 -34"><span class='ocrx_word' id='word_1_83' title='bbox 105 1351 198 1436; x_wconf 88' lang='grc' dir='ltr'><strong><em>τοὺς</em></strong></span> <span class='ocrx_word' id='word_1_84' title='bbox 223 1348 380 1435; x_wconf 87' lang='grc' dir='ltr'><strong><em>δούλους</em></strong></span> <span class='ocrx_word' id='word_1_85' title='bbox 405 1376 486 1441; x_wconf 90' lang='grc' dir='ltr'><strong><em>σου,</em></strong></span> <span class='ocrx_word' id='word_1_86' title='bbox 512 1351 599 1437; x_wconf 86' lang='grc' dir='ltr'><strong><em>τοὺς</em></strong></span> <span class='ocrx_word' id='word_1_87' title='bbox 622 1352 782 1452; x_wconf 79' lang='grc' dir='ltr'><strong><em>πατέρας</em></strong></span> <span class='ocrx_word' id='word_1_88' title='bbox 804 1352 915 1451; x_wconf 79' lang='grc' dir='ltr'><strong><em>ἡμῶν</em></strong></span> <span class='ocrx_word' id='word_1_89' title='bbox 939 1357 990 1438; x_wconf 78' lang='grc' dir='ltr'><strong><em>εὶς</em></strong></span> <span class='ocrx_word' id='word_1_90' title='bbox 1012 1355 1106 1430; x_wconf 81' lang='grc' dir='ltr'><strong><em>καθ’</em></strong></span> <span class='ocrx_word' id='word_1_91' title='bbox 1136 1350 1295 1453; x_wconf 78' lang='grc' dir='ltr'><strong><em>ἑκάστην</em></strong></span> <span class='ocrx_word' id='word_1_92' title='bbox 1315 1385 1378 1458; x_wconf 91' lang='grc' dir='ltr'><strong><em>γε-</em></strong></span> 
     </span>
     <span class='ocr_line' id='line_1_12' title="bbox 105 1451 1378 1555; baseline 0.005 -28"><span class='ocrx_word' id='word_1_93' title='bbox 105 1451 203 1528; x_wconf 84' lang='grc' dir='ltr'><strong><em>νεὰν</em></strong></span> <span class='ocrx_word' id='word_1_94' title='bbox 227 1452 291 1528; x_wconf 84' lang='grc' dir='ltr'><strong><em>καὶ</em></strong></span> <span class='ocrx_word' id='word_1_95' title='bbox 315 1452 448 1555; x_wconf 85' lang='grc' dir='ltr'><strong><em>γενεὰν</em></strong></span> <span class='ocrx_word' id='word_1_96' title='bbox 471 1452 559 1539; x_wconf 81' lang='grc' dir='ltr'><strong><em>τοὺς</em></strong></span> <span class='ocrx_word' id='word_1_97' title='bbox 579 1452 767 1539; x_wconf 83' lang='grc' dir='ltr'><strong><em>ἐκλεκτούς</em></strong></span> <span class='ocrx_word' id='word_1_98' title='bbox 785 1477 869 1544; x_wconf 91' lang='grc' dir='ltr'><strong><em>σου,</em></strong></span> <span class='ocrx_word' id='word_1_99' title='bbox 895 1452 1098 1553; x_wconf 82' lang='grc' dir='ltr'><strong><em>ἐπίβλεψον</em></strong></span> <span class='ocrx_word' id='word_1_100' title='bbox 1119 1455 1178 1531; x_wconf 77' lang='grc' dir='ltr'><strong><em>ἐπὶ</em></strong></span> <span class='ocrx_word' id='word_1_101' title='bbox 1197 1455 1265 1532; x_wconf 84' lang='grc' dir='ltr'><strong><em>τὸν</em></strong></span> <span class='ocrx_word' id='word_1_102' title='bbox 1287 1456 1378 1533; x_wconf 87' lang='grc' dir='ltr'><strong><em>δοῦ-</em></strong></span> 
     </span>
     <span class='ocr_line' id='line_1_13' title="bbox 105 1552 1378 1655; baseline 0.003 -24"><span class='ocrx_word' id='word_1_103' title='bbox 105 1552 179 1631; x_wconf 83' lang='grc' dir='ltr'><strong><em>λύν</em></strong></span> <span class='ocrx_word' id='word_1_104' title='bbox 195 1579 278 1643; x_wconf 92' lang='grc' dir='ltr'><strong><em>σου,</em></strong></span> <span class='ocrx_word' id='word_1_105' title='bbox 299 1552 420 1644; x_wconf 89' lang='grc' dir='ltr'><strong><em>τόνδε,</em></strong></span> <span class='ocrx_word' id='word_1_106' title='bbox 444 1555 507 1629; x_wconf 79' lang='grc' dir='ltr'><strong><em>καὶ</em></strong></span> <span class='ocrx_word' id='word_1_107' title='bbox 527 1556 596 1653; x_wconf 75' lang='grc' dir='ltr'><strong><em>τὴν</em></strong></span> <span class='ocrx_word' id='word_1_108' title='bbox 616 1553 757 1655; x_wconf 90' lang='grc' dir='ltr'><strong><em>δούλην</em></strong></span> <span class='ocrx_word' id='word_1_109' title='bbox 776 1581 858 1643; x_wconf 87' lang='grc' dir='ltr'><strong><em>σου,</em></strong></span> <span class='ocrx_word' id='word_1_110' title='bbox 885 1553 1009 1654; x_wconf 83' lang='grc' dir='ltr'><strong><em>τήνδε,</em></strong></span> <span class='ocrx_word' id='word_1_111' title='bbox 1034 1555 1099 1633; x_wconf 79' lang='grc' dir='ltr'><strong><em>καὶ</em></strong></span> <span class='ocrx_word' id='word_1_112' title='bbox 1118 1554 1290 1655; x_wconf 81' lang='grc' dir='ltr'><strong><em>στήριξον</em></strong></span> <span class='ocrx_word' id='word_1_113' title='bbox 1309 1558 1378 1635; x_wconf 86' lang='grc' dir='ltr'><strong><em>τὸν</em></strong></span> 
     </span>
     <span class='ocr_line' id='line_1_14' title="bbox 105 1656 1378 1757; baseline 0.005 -28"><span class='ocrx_word' id='word_1_114' title='bbox 105 1656 315 1755; x_wconf 74' lang='grc' dir='ltr'><strong><em>ἀρραβῶνα</em></strong></span> <span class='ocrx_word' id='word_1_115' title='bbox 349 1656 488 1747; x_wconf 88' lang='grc' dir='ltr'><strong><em>αὐτῶν,</em></strong></span> <span class='ocrx_word' id='word_1_116' title='bbox 521 1660 562 1733; x_wconf 84' lang='grc' dir='ltr'><strong><em>ἐν</em></strong></span> <span class='ocrx_word' id='word_1_117' title='bbox 594 1657 713 1732; x_wconf 80' lang='grc' dir='ltr'><strong><em>πίστει</em></strong></span> <span class='ocrx_word' id='word_1_118' title='bbox 743 1656 808 1733; x_wconf 78' lang='grc' dir='ltr'><strong><em>καὶ</em></strong></span> <span class='ocrx_word' id='word_1_119' title='bbox 839 1657 996 1757; x_wconf 75' lang='grc' dir='ltr'><strong><em>ὁμονοίᾳ</em></strong></span> <span class='ocrx_word' id='word_1_120' title='bbox 1026 1657 1092 1734; x_wconf 80' lang='grc' dir='ltr'><strong><em>καὶ</em></strong></span> <span class='ocrx_word' id='word_1_121' title='bbox 1123 1657 1282 1757; x_wconf 75' lang='grc' dir='ltr'><strong><em>ἀληθείη</em></strong></span> <span class='ocrx_word' id='word_1_122' title='bbox 1313 1659 1378 1735; x_wconf 79' lang='grc' dir='ltr'><strong><em>καὶ</em></strong></span> 
     </span>
     <span class='ocr_line' id='line_1_15' title="bbox 105 1754 1377 1861; baseline 0.005 -31"><span class='ocrx_word' id='word_1_123' title='bbox 105 1754 249 1861; x_wconf 75' lang='grc' dir='ltr'><strong><em>ἀγάπη.</em></strong></span> <span class='ocrx_word' id='word_1_124' title='bbox 294 1757 357 1832; x_wconf 84' lang='grc' dir='ltr'><strong><em>Σύ</em></strong></span> <span class='ocrx_word' id='word_1_125' title='bbox 381 1757 467 1858; x_wconf 84' lang='grc' dir='ltr'><strong><em>γὰρ,</em></strong></span> <span class='ocrx_word' id='word_1_126' title='bbox 493 1754 619 1858; x_wconf 82' lang='grc' dir='ltr'><strong><em>Κύριε,</em></strong></span> <span class='ocrx_word' id='word_1_127' title='bbox 644 1758 835 1845; x_wconf 78' lang='grc' dir='ltr'><strong><em>ὑπέδειξας</em></strong></span> <span class='ocrx_word' id='word_1_128' title='bbox 860 1756 1042 1837; x_wconf 84' lang='grc' dir='ltr'><strong><em>δεδόσθαι</em></strong></span> <span class='ocrx_word' id='word_1_129' title='bbox 1066 1757 1135 1836; x_wconf 81' lang='grc' dir='ltr'><strong><em>τόν</em></strong></span> <span class='ocrx_word' id='word_1_130' title='bbox 1159 1761 1377 1858; x_wconf 76' lang='grc' dir='ltr'><strong><em>ἀρραβῶνα,</em></strong></span> 
     </span>
     <span class='ocr_line' id='line_1_16' title="bbox 105 1858 1378 1957; baseline -0.001 -20"><span class='ocrx_word' id='word_1_131' title='bbox 105 1858 175 1937; x_wconf 73' lang='grc' dir='ltr'><strong><em>καὶ</em></strong></span> <span class='ocrx_word' id='word_1_132' title='bbox 200 1858 439 1955; x_wconf 79' lang='grc' dir='ltr'><strong><em>στηρίζεσθαι</em></strong></span> <span class='ocrx_word' id='word_1_133' title='bbox 465 1862 506 1934; x_wconf 82' lang='grc' dir='ltr'><strong><em>ἐν</em></strong></span> <span class='ocrx_word' id='word_1_134' title='bbox 530 1859 653 1936; x_wconf 89' lang='grc' dir='ltr'><strong><em>παντί.</em></strong></span> <span class='ocrx_word' id='word_1_135' title='bbox 681 1859 754 1935; x_wconf 86' lang='grc' dir='ltr'><strong><em>Διά</em></strong></span> <span class='ocrx_word' id='word_1_136' title='bbox 779 1859 1021 1938; x_wconf 82' lang='grc' dir='ltr'><strong><em>δακτυλιδίου</em></strong></span> <span class='ocrx_word' id='word_1_137' title='bbox 1047 1858 1207 1957; x_wconf 80' lang='grc' dir='ltr'><strong><em>ἐδόθηὴ</em></strong></span> <span class='ocrx_word' id='word_1_138' title='bbox 1229 1861 1378 1947; x_wconf 80' lang='grc' dir='ltr'><strong><em>ἐξουσία</em></strong></span> 
     </span>
     <span class='ocr_line' id='line_1_17' title="bbox 105 1959 1379 2063; baseline 0.005 -29"><span class='ocrx_word' id='word_1_139' title='bbox 105 1966 165 2061; x_wconf 61' lang='grc' dir='ltr'>ᾤ</span> <span class='ocrx_word' id='word_1_140' title='bbox 176 1960 316 2058; x_wconf 82' lang='grc' dir='ltr'><strong><em>Ἰωσὴφ</em></strong></span> <span class='ocrx_word' id='word_1_141' title='bbox 338 1964 380 2036; x_wconf 79' lang='grc' dir='ltr'><strong><em>ἐν</em></strong></span> <span class='ocrx_word' id='word_1_142' title='bbox 399 1959 592 2063; x_wconf 71' lang='grc' dir='ltr'><strong><em>Αἰγύπτῳ,</em></strong></span> <span class='ocrx_word' id='word_1_143' title='bbox 618 1961 683 2038; x_wconf 89' lang='grc' dir='ltr'><strong><em>διά</em></strong></span> <span class='ocrx_word' id='word_1_144' title='bbox 704 1960 945 2038; x_wconf 86' lang='grc' dir='ltr'><strong><em>δακτυλιδίου</em></strong></span> <span class='ocrx_word' id='word_1_145' title='bbox 965 1959 1155 2060; x_wconf 79' lang='grc' dir='ltr'><strong><em>ἐδοξάσθη</em></strong></span> <span class='ocrx_word' id='word_1_146' title='bbox 1175 1963 1317 2059; x_wconf 82' lang='grc' dir='ltr'><strong><em>Δανιὴλ</em></strong></span> <span class='ocrx_word' id='word_1_147' title='bbox 1336 1966 1379 2040; x_wconf 80' lang='grc' dir='ltr'><strong><em>ἐν</em></strong></span> 
     </span>
     <span class='ocr_line' id='line_1_18' title="bbox 105 2058 1378 2164; baseline 0.002 -28"><span class='ocrx_word' id='word_1_148' title='bbox 105 2058 216 2160; x_wconf 71' lang='grc' dir='ltr'><strong><em>χιόρρ</em></strong></span> <span class='ocrx_word' id='word_1_149' title='bbox 233 2064 477 2161; x_wconf 79' lang='grc' dir='ltr'><strong><em>Βαβυλῶνος,</em></strong></span> <span class='ocrx_word' id='word_1_150' title='bbox 499 2062 563 2139; x_wconf 84' lang='grc' dir='ltr'><strong><em>διά</em></strong></span> <span class='ocrx_word' id='word_1_151' title='bbox 584 2062 825 2139; x_wconf 87' lang='grc' dir='ltr'><strong><em>δακτυλιδίου</em></strong></span> <span class='ocrx_word' id='word_1_152' title='bbox 845 2060 1070 2164; x_wconf 80' lang='grc' dir='ltr'><strong><em>ἐφανερώθη</em></strong></span> <span class='ocrx_word' id='word_1_153' title='bbox 1090 2062 1115 2160; x_wconf 80' lang='grc' dir='ltr'>ἡ</span> <span class='ocrx_word' id='word_1_154' title='bbox 1136 2061 1295 2161; x_wconf 85' lang='grc' dir='ltr'><strong><em>ἀλήθεια</em></strong></span> <span class='ocrx_word' id='word_1_155' title='bbox 1312 2073 1378 2162; x_wconf 83' lang='grc' dir='ltr'><strong><em>τῆς</em></strong></span> 
     </span>
     <span class='ocr_line' id='line_1_19' title="bbox 108 2160 1379 2264; baseline 0 -23"><span class='ocrx_word' id='word_1_156' title='bbox 108 2160 261 2262; x_wconf 77' lang='grc' dir='ltr'><strong><em>θᾶμαρ,</em></strong></span> <span class='ocrx_word' id='word_1_157' title='bbox 295 2162 359 2239; x_wconf 84' lang='grc' dir='ltr'><strong><em>διὰ</em></strong></span> <span class='ocrx_word' id='word_1_158' title='bbox 384 2164 625 2241; x_wconf 83' lang='grc' dir='ltr'><strong><em>δακτυλιδίου</em></strong></span> <span class='ocrx_word' id='word_1_159' title='bbox 651 2164 671 2240; x_wconf 86' lang='grc' dir='ltr'>ὁ</span> <span class='ocrx_word' id='word_1_160' title='bbox 697 2164 817 2263; x_wconf 87' lang='grc' dir='ltr'><strong><em>πατὴρ</em></strong></span> <span class='ocrx_word' id='word_1_161' title='bbox 841 2165 952 2263; x_wconf 82' lang='grc' dir='ltr'><strong><em>ἡμῶν</em></strong></span> <span class='ocrx_word' id='word_1_162' title='bbox 977 2165 997 2241; x_wconf 90' lang='grc' dir='ltr'><strong><em>ό</em></strong></span> <span class='ocrx_word' id='word_1_163' title='bbox 1030 2160 1204 2263; x_wconf 81' lang='grc' dir='ltr'><strong><em>οάράνιος</em></strong></span> <span class='ocrx_word' id='word_1_164' title='bbox 1240 2164 1379 2264; x_wconf 69' lang='grc' dir='ltr'><strong><em>οἰκτίρ-</em></strong></span> 
     </span>
     <span class='ocr_line' id='line_1_20' title="bbox 105 2263 1378 2369; baseline 0.004 -32"><span class='ocrx_word' id='word_1_165' title='bbox 105 2292 196 2360; x_wconf 84' lang='grc' dir='ltr'><strong><em>μιον</em></strong></span> <span class='ocrx_word' id='word_1_166' title='bbox 223 2265 375 2367; x_wconf 83' lang='grc' dir='ltr'><strong><em>γέγονεν</em></strong></span> <span class='ocrx_word' id='word_1_167' title='bbox 400 2266 459 2340; x_wconf 80' lang='grc' dir='ltr'><strong><em>ἐπὶ</em></strong></span> <span class='ocrx_word' id='word_1_168' title='bbox 482 2266 550 2343; x_wconf 87' lang='grc' dir='ltr'><strong><em>τὸν</em></strong></span> <span class='ocrx_word' id='word_1_169' title='bbox 574 2266 660 2342; x_wconf 83' lang='grc' dir='ltr'><strong><em>υἱὸν</em></strong></span> <span class='ocrx_word' id='word_1_170' title='bbox 685 2267 812 2344; x_wconf 84' lang='grc' dir='ltr'><strong><em>αὐτοῦ.</em></strong></span> <span class='ocrx_word' id='word_1_171' title='bbox 840 2263 935 2343; x_wconf 86' lang='grc' dir='ltr'><strong><em>Δότε</em></strong></span> <span class='ocrx_word' id='word_1_172' title='bbox 958 2263 1045 2369; x_wconf 86' lang='grc' dir='ltr'><strong><em>γύρ,</em></strong></span> <span class='ocrx_word' id='word_1_173' title='bbox 1072 2290 1176 2365; x_wconf 85' lang='grc' dir='ltr'><strong><em>φησι,</em></strong></span> <span class='ocrx_word' id='word_1_174' title='bbox 1202 2265 1378 2343; x_wconf 88' lang='grc' dir='ltr'><strong><em>δακτυλί-</em></strong></span> 
     </span>
     <span class='ocr_line' id='line_1_21' title="bbox 106 2363 1378 2465; baseline 0.002 -22"><span class='ocrx_word' id='word_1_175' title='bbox 106 2365 198 2443; x_wconf 84' lang='grc' dir='ltr'><strong><em>διον</em></strong></span> <span class='ocrx_word' id='word_1_176' title='bbox 228 2368 288 2441; x_wconf 64' lang='lat' dir='ltr'><strong><em>zui</em></strong></span> <span class='ocrx_word' id='word_1_177' title='bbox 319 2368 388 2463; x_wconf 82' lang='grc' dir='ltr'><strong><em>τὴν</em></strong></span> <span class='ocrx_word' id='word_1_178' title='bbox 420 2365 546 2453; x_wconf 81' lang='grc' dir='ltr'><strong><em>δεξιὰν</em></strong></span> <span class='ocrx_word' id='word_1_179' title='bbox 582 2369 715 2458; x_wconf 83' lang='grc' dir='ltr'><strong><em>αὐτοῦ,</em></strong></span> <span class='ocrx_word' id='word_1_180' title='bbox 745 2368 810 2443; x_wconf 78' lang='grc' dir='ltr'><strong><em>καὶ</em></strong></span> <span class='ocrx_word' id='word_1_181' title='bbox 834 2363 1023 2453; x_wconf 85' lang='grc' dir='ltr'><strong><em>θύσαντες</em></strong></span> <span class='ocrx_word' id='word_1_182' title='bbox 1046 2369 1115 2444; x_wconf 83' lang='grc' dir='ltr'><strong><em>τὸν</em></strong></span> <span class='ocrx_word' id='word_1_183' title='bbox 1139 2365 1284 2465; x_wconf 83' lang='grc' dir='ltr'><strong><em>μόσχον</em></strong></span> <span class='ocrx_word' id='word_1_184' title='bbox 1309 2368 1378 2446; x_wconf 88' lang='grc' dir='ltr'><strong><em>τὸν</em></strong></span> 
     </span>
     <span class='ocr_line' id='line_1_22' title="bbox 106 2465 1378 2570; baseline 0.001 -25"><span class='ocrx_word' id='word_1_185' title='bbox 106 2467 292 2557; x_wconf 76' lang='grc' dir='ltr'><strong><em>σιτευτόν,</em></strong></span> <span class='ocrx_word' id='word_1_186' title='bbox 319 2465 502 2570; x_wconf 86' lang='grc' dir='ltr'><strong><em>φαγόντες</em></strong></span> <span class='ocrx_word' id='word_1_187' title='bbox 527 2470 817 2566; x_wconf 84' lang='grc' dir='ltr'><strong><em>εὐφρανθῶμεν.</em></strong></span> <span class='ocrx_word' id='word_1_188' title='bbox 842 2468 947 2568; x_wconf 77' lang='grc' dir='ltr'><strong><em>Αὕτη</em></strong></span> <span class='ocrx_word' id='word_1_189' title='bbox 972 2470 995 2567; x_wconf 81' lang='grc' dir='ltr'>ἡ</span> <span class='ocrx_word' id='word_1_190' title='bbox 1019 2466 1120 2556; x_wconf 87' lang='grc' dir='ltr'><strong><em>δεξιοί</em></strong></span> <span class='ocrx_word' id='word_1_191' title='bbox 1143 2495 1224 2559; x_wconf 91' lang='grc' dir='ltr'><strong><em>σου,</em></strong></span> <span class='ocrx_word' id='word_1_192' title='bbox 1250 2468 1378 2569; x_wconf 81' lang='grc' dir='ltr'><strong><em>Κύριε,</em></strong></span> 
     </span>
     <span class='ocr_line' id='line_1_23' title="bbox 119 2567 1377 2673; baseline 0 -28"><span class='ocrx_word' id='word_1_193' title='bbox 119 2568 178 2657; x_wconf 60' lang='grc' dir='ltr'><strong><em>,ὸν</em></strong></span> <span class='ocrx_word' id='word_1_194' title='bbox 192 2570 368 2667; x_wconf 83' lang='grc' dir='ltr'><strong><em>Μισῦσὴν</em></strong></span> <span class='ocrx_word' id='word_1_195' title='bbox 389 2569 744 2669; x_wconf 79' lang='grc' dir='ltr'><strong><em>ἐστρατοπαίδευσεν</em></strong></span> <span class='ocrx_word' id='word_1_196' title='bbox 765 2575 807 2649; x_wconf 77' lang='grc' dir='ltr'><strong><em>ἐν</em></strong></span> <span class='ocrx_word' id='word_1_197' title='bbox 827 2574 975 2671; x_wconf 78' lang='grc' dir='ltr'><strong><em>ἐρυθρᾷ</em></strong></span> <span class='ocrx_word' id='word_1_198' title='bbox 996 2567 1183 2668; x_wconf 76' lang='grc' dir='ltr'><strong><em>θαλάσση.</em></strong></span> <span class='ocrx_word' id='word_1_199' title='bbox 1209 2570 1283 2645; x_wconf 83' lang='grc' dir='ltr'><strong><em>Διά</em></strong></span> <span class='ocrx_word' id='word_1_200' title='bbox 1303 2571 1377 2673; x_wconf 86' lang='grc' dir='ltr'><strong><em>γὰρ</em></strong></span> 
     </span>
     <span class='ocr_line' id='line_1_24' title="bbox 105 2596 1379 2774; baseline 0.005 -30"><span class='ocrx_word' id='word_1_201' title='bbox 105 2596 179 2755; x_wconf 52' lang='grc' dir='ltr'><strong><em>ἰοῦ</em></strong></span> <span class='ocrx_word' id='word_1_202' title='bbox 204 2668 318 2773; x_wconf 91' lang='grc' dir='ltr'><strong><em>λόγου</em></strong></span> <span class='ocrx_word' id='word_1_203' title='bbox 343 2695 412 2747; x_wconf 90' lang='grc' dir='ltr'><strong><em>σου</em></strong></span> <span class='ocrx_word' id='word_1_204' title='bbox 437 2681 506 2748; x_wconf 87' lang='grc' dir='ltr'><strong><em>τοῦ</em></strong></span> <span class='ocrx_word' id='word_1_205' title='bbox 531 2674 716 2770; x_wconf 84' lang='grc' dir='ltr'><strong><em>ἀληθινοῦ</em></strong></span> <span class='ocrx_word' id='word_1_206' title='bbox 743 2674 779 2749; x_wconf 78' lang='grc' dir='ltr'><strong><em>οἱ</em></strong></span> <span class='ocrx_word' id='word_1_207' title='bbox 803 2673 959 2774; x_wconf 79' lang='grc' dir='ltr'><strong><em>οὐρανοὶ</em></strong></span> <span class='ocrx_word' id='word_1_208' title='bbox 984 2669 1278 2771; x_wconf 76' lang='grc' dir='ltr'><strong><em>ἐστερεώθησαν,</em></strong></span> <span class='ocrx_word' id='word_1_209' title='bbox 1314 2672 1379 2751; x_wconf 82' lang='grc' dir='ltr'><strong><em>καὶ</em></strong></span> 
     </span>
     <span class='ocr_line' id='line_1_25' title="bbox 106 2770 1379 2877; baseline 0.005 -32"><span class='ocrx_word' id='word_1_210' title='bbox 106 2770 133 2871; x_wconf 81' lang='grc' dir='ltr'><strong><em>ἥ</em></strong></span> <span class='ocrx_word' id='word_1_211' title='bbox 156 2780 207 2875; x_wconf 83' lang='grc' dir='ltr'><strong><em>γῆ</em></strong></span> <span class='ocrx_word' id='word_1_212' title='bbox 231 2772 476 2869; x_wconf 79' lang='grc' dir='ltr'><strong><em>ἐθεμελιοίθη,</em></strong></span> <span class='ocrx_word' id='word_1_213' title='bbox 502 2775 565 2851; x_wconf 83' lang='grc' dir='ltr'><strong><em>καὶ</em></strong></span> <span class='ocrx_word' id='word_1_214' title='bbox 589 2774 613 2872; x_wconf 84' lang='grc' dir='ltr'><strong><em>ἡ</em></strong></span> <span class='ocrx_word' id='word_1_215' title='bbox 637 2773 740 2860; x_wconf 85' lang='grc' dir='ltr'><strong><em>δεξιὰ</em></strong></span> <span class='ocrx_word' id='word_1_216' title='bbox 763 2784 842 2853; x_wconf 87' lang='grc' dir='ltr'><strong><em>τῶν</em></strong></span> <span class='ocrx_word' id='word_1_217' title='bbox 867 2775 1016 2852; x_wconf 84' lang='grc' dir='ltr'><strong><em>δούλιον</em></strong></span> <span class='ocrx_word' id='word_1_218' title='bbox 1040 2801 1110 2851; x_wconf 90' lang='grc' dir='ltr'><strong><em>σου</em></strong></span> <span class='ocrx_word' id='word_1_219' title='bbox 1130 2773 1379 2877; x_wconf 78' lang='grc' dir='ltr'><strong><em>εὐλογηθήσο-</em></strong></span> 
     </span>
     <span class='ocr_line' id='line_1_26' title="bbox 107 2872 1376 2977; baseline 0.002 -28"><span class='ocrx_word' id='word_1_220' title='bbox 107 2901 185 2963; x_wconf 85' lang='grc' dir='ltr'><strong><em>ται,</em></strong></span> <span class='ocrx_word' id='word_1_221' title='bbox 219 2883 273 2971; x_wconf 80' lang='grc' dir='ltr'><strong><em>τῶ</em></strong></span> <span class='ocrx_word' id='word_1_222' title='bbox 306 2872 404 2977; x_wconf 86' lang='grc' dir='ltr'><strong><em>λόγῳ</em></strong></span> <span class='ocrx_word' id='word_1_223' title='bbox 437 2901 507 2951; x_wconf 91' lang='grc' dir='ltr'><strong><em>σου</em></strong></span> <span class='ocrx_word' id='word_1_224' title='bbox 539 2886 594 2974; x_wconf 79' lang='grc' dir='ltr'><strong><em>τῷ</em></strong></span> <span class='ocrx_word' id='word_1_225' title='bbox 626 2885 806 2974; x_wconf 80' lang='grc' dir='ltr'><strong><em>κραταιῷ,</em></strong></span> <span class='ocrx_word' id='word_1_226' title='bbox 841 2877 906 2952; x_wconf 84' lang='grc' dir='ltr'><strong><em>καὶ</em></strong></span> <span class='ocrx_word' id='word_1_227' title='bbox 934 2887 989 2974; x_wconf 78' lang='grc' dir='ltr'><strong><em>τῷ</em></strong></span> <span class='ocrx_word' id='word_1_228' title='bbox 1024 2876 1201 2977; x_wconf 86' lang='grc' dir='ltr'><strong><em>βραχίονί</em></strong></span> <span class='ocrx_word' id='word_1_229' title='bbox 1227 2903 1295 2953; x_wconf 91' lang='grc' dir='ltr'><strong><em>σου</em></strong></span> <span class='ocrx_word' id='word_1_230' title='bbox 1321 2887 1376 2975; x_wconf 82' lang='grc' dir='ltr'><strong><em>τῶ</em></strong></span> 
     </span>
     <span class='ocr_line' id='line_1_27' title="bbox 108 2973 1379 3079; baseline 0.002 -28"><span class='ocrx_word' id='word_1_231' title='bbox 108 2974 256 3075; x_wconf 75' lang='grc' dir='ltr'><strong><em>ὑψηλῷ.</em></strong></span> <span class='ocrx_word' id='word_1_232' title='bbox 280 2976 405 3063; x_wconf 81' lang='grc' dir='ltr'><strong><em>Αὐτός</em></strong></span> <span class='ocrx_word' id='word_1_233' title='bbox 429 2973 500 3053; x_wconf 87' lang='grc' dir='ltr'><strong><em>οὗν</em></strong></span> <span class='ocrx_word' id='word_1_234' title='bbox 523 2978 587 3052; x_wconf 78' lang='grc' dir='ltr'><strong><em>καί</em></strong></span> <span class='ocrx_word' id='word_1_235' title='bbox 612 2987 697 3067; x_wconf 87' lang='grc' dir='ltr'><strong><em>νῦν,</em></strong></span> <span class='ocrx_word' id='word_1_236' title='bbox 733 2977 908 3068; x_wconf 80' lang='grc' dir='ltr'><strong><em>δέσποτα,</em></strong></span> <span class='ocrx_word' id='word_1_237' title='bbox 942 2976 1144 3079; x_wconf 86' lang='grc' dir='ltr'><strong><em>εάλόγησον</em></strong></span> <span class='ocrx_word' id='word_1_238' title='bbox 1169 2977 1212 3053; x_wconf 88' lang='grc' dir='ltr'><strong><em>τό</em></strong></span> <span class='ocrx_word' id='word_1_239' title='bbox 1238 2977 1379 3053; x_wconf 84' lang='grc' dir='ltr'><strong><em>δακτυ·</em></strong></span> 
     </span>
     <span class='ocr_line' id='line_1_28' title="bbox 110 3077 1379 3182; baseline 0 -28"><span class='ocrx_word' id='word_1_240' title='bbox 110 3078 286 3154; x_wconf 81' lang='grc' dir='ltr'><strong><em>λοθέσιον</em></strong></span> <span class='ocrx_word' id='word_1_241' title='bbox 310 3086 422 3155; x_wconf 83' lang='grc' dir='ltr'><strong><em>τοῦτο</em></strong></span> <span class='ocrx_word' id='word_1_242' title='bbox 446 3078 620 3181; x_wconf 81' lang='grc' dir='ltr'><strong><em>εὐλογίαν</em></strong></span> <span class='ocrx_word' id='word_1_243' title='bbox 646 3079 837 3174; x_wconf 83' lang='grc' dir='ltr'><strong><em>οὐράνιον,</em></strong></span> <span class='ocrx_word' id='word_1_244' title='bbox 861 3079 1101 3182; x_wconf 73' lang='grc' dir='ltr'><strong><em>καὶάγγελος</em></strong></span> <span class='ocrx_word' id='word_1_245' title='bbox 1121 3077 1263 3177; x_wconf 83' lang='grc' dir='ltr'><strong><em>Κυρίου</em></strong></span> <span class='ocrx_word' id='word_1_246' title='bbox 1286 3108 1379 3175; x_wconf 76' lang='grc' dir='ltr'><strong><em>προ·</em></strong></span> 
     </span>
     <span class='ocr_line' id='line_1_29' title="bbox 109 3178 1380 3309; baseline 0.002 -56"><span class='ocrx_word' id='word_1_247' title='bbox 109 3181 329 3309; x_wconf 71' lang='grc' dir='ltr'><strong><em>πηρευέσθω</em></strong></span> <span class='ocrx_word' id='word_1_248' title='bbox 360 3183 575 3278; x_wconf 74' lang='grc' dir='ltr'><strong><em>ἔμπροσθεν</em></strong></span> <span class='ocrx_word' id='word_1_249' title='bbox 609 3180 736 3255; x_wconf 79' lang='grc' dir='ltr'><strong><em>αὐτῶν</em></strong></span> <span class='ocrx_word' id='word_1_250' title='bbox 768 3178 890 3264; x_wconf 84' lang='grc' dir='ltr'><strong><em>πόσας</em></strong></span> <span class='ocrx_word' id='word_1_251' title='bbox 924 3178 992 3266; x_wconf 89' lang='grc' dir='ltr'><strong><em>τάς</em></strong></span> <span class='ocrx_word' id='word_1_252' title='bbox 1025 3180 1163 3280; x_wconf 77' lang='grc' dir='ltr'><strong><em>ἡμέρας</em></strong></span> <span class='ocrx_word' id='word_1_253' title='bbox 1198 3188 1258 3278; x_wconf 78' lang='grc' dir='ltr'><strong><em>τῆς</em></strong></span> <span class='ocrx_word' id='word_1_254' title='bbox 1284 3179 1380 3279; x_wconf 83' lang='grc' dir='ltr'><strong><em>ζωης</em></strong></span> 
     </span>
     <span class='ocr_line' id='line_1_30' title="bbox 110 3309 346 3359; baseline -0.017 0"><span class='ocrx_word' id='word_1_255' title='bbox 110 3309 252 3359; x_wconf 85' lang='grc' dir='ltr'><strong><em>αυταιν.</em></strong></span> <span class='ocrx_word' id='word_1_256' title='bbox 342 3336 346 3343; x_wconf 70' lang='lat'>.</span> 
     </span>
    </p>
   </div>
   <div class='ocr_carea' id='block_1_3' title="bbox 105 3412 1380 3818">
    <p class='ocr_par' dir='ltr' id='par_1_3' title="bbox 105 3412 1380 3818">
     <span class='ocr_line' id='line_1_31' title="bbox 137 3412 1378 3519; baseline -0.003 -24"><span class='ocrx_word' id='word_1_257' title='bbox 137 3455 162 3495; x_wconf 59' lang='grc' dir='ltr'><strong><em>τ..</em></strong></span> <span class='ocrx_word' id='word_1_258' title='bbox 182 3414 284 3495; x_wconf 80' lang='grc' dir='ltr'><strong><em>Ὅτι,</em></strong></span> <span class='ocrx_word' id='word_1_259' title='bbox 300 3414 348 3493; x_wconf 80' lang='grc' dir='ltr'><strong><em>σύ</em></strong></span> <span class='ocrx_word' id='word_1_260' title='bbox 380 3412 413 3491; x_wconf 79' lang='grc' dir='ltr'><strong><em>εί</em></strong></span> <span class='ocrx_word' id='word_1_261' title='bbox 443 3415 464 3491; x_wconf 86' lang='grc' dir='ltr'><strong><em>ό</em></strong></span> <span class='ocrx_word' id='word_1_262' title='bbox 497 3414 663 3519; x_wconf 83' lang='grc' dir='ltr'><strong><em>εὐλογῶν</em></strong></span> <span class='ocrx_word' id='word_1_263' title='bbox 694 3413 757 3490; x_wconf 82' lang='grc' dir='ltr'><strong><em>καὶ</em></strong></span> <span class='ocrx_word' id='word_1_264' title='bbox 790 3413 958 3519; x_wconf 84' lang='grc' dir='ltr'><strong><em>ἀγιύζιον</em></strong></span> <span class='ocrx_word' id='word_1_265' title='bbox 988 3415 1036 3491; x_wconf 90' lang='grc' dir='ltr'><strong><em>τά</em></strong></span> <span class='ocrx_word' id='word_1_266' title='bbox 1069 3412 1282 3516; x_wconf 87' lang='grc' dir='ltr'><strong><em>σύμπαντα,</em></strong></span> <span class='ocrx_word' id='word_1_267' title='bbox 1314 3418 1378 3492; x_wconf 79' lang='grc' dir='ltr'><strong><em>καὶ</em></strong></span> 
     </span>
     <span class='ocr_line' id='line_1_32' title="bbox 107 3513 1378 3617; baseline -0.002 -23"><span class='ocrx_word' id='word_1_268' title='bbox 107 3516 171 3613; x_wconf 72' lang='grc' dir='ltr'><strong><em>σοὶ,</em></strong></span> <span class='ocrx_word' id='word_1_269' title='bbox 193 3517 264 3616; x_wconf 76' lang='grc' dir='ltr'><strong><em>τὴν</em></strong></span> <span class='ocrx_word' id='word_1_270' title='bbox 288 3513 405 3605; x_wconf 86' lang='grc' dir='ltr'><strong><em>δόξαν</em></strong></span> <span class='ocrx_word' id='word_1_271' title='bbox 431 3517 707 3614; x_wconf 63' lang='grc' dir='ltr'><strong><em>ἀναπόαπομεν,</em></strong></span> <span class='ocrx_word' id='word_1_272' title='bbox 733 3526 788 3615; x_wconf 81' lang='grc' dir='ltr'><strong><em>τῶ</em></strong></span> <span class='ocrx_word' id='word_1_273' title='bbox 814 3519 939 3616; x_wconf 86' lang='grc' dir='ltr'><strong><em>πατρὶ,</em></strong></span> <span class='ocrx_word' id='word_1_274' title='bbox 965 3518 1028 3595; x_wconf 79' lang='grc' dir='ltr'><strong><em>καί</em></strong></span> <span class='ocrx_word' id='word_1_275' title='bbox 1053 3528 1108 3617; x_wconf 81' lang='grc' dir='ltr'><strong><em>τῶ</em></strong></span> <span class='ocrx_word' id='word_1_276' title='bbox 1128 3520 1214 3617; x_wconf 81' lang='grc' dir='ltr'><strong><em>υἱῶ,</em></strong></span> <span class='ocrx_word' id='word_1_277' title='bbox 1240 3517 1304 3593; x_wconf 85' lang='grc' dir='ltr'><strong><em>καὶ</em></strong></span> <span class='ocrx_word' id='word_1_278' title='bbox 1324 3527 1378 3616; x_wconf 80' lang='grc' dir='ltr'><strong><em>τῶ</em></strong></span> 
     </span>
     <span class='ocr_line' id='line_1_33' title="bbox 105 3615 1380 3723; baseline -0.002 -28"><span class='ocrx_word' id='word_1_279' title='bbox 105 3616 206 3723; x_wconf 81' lang='grc' dir='ltr'><strong><em>ἀγίιρ</em></strong></span> <span class='ocrx_word' id='word_1_280' title='bbox 229 3615 426 3713; x_wconf 88' lang='grc' dir='ltr'><strong><em>πνεύματι,</em></strong></span> <span class='ocrx_word' id='word_1_281' title='bbox 453 3628 527 3696; x_wconf 85' lang='grc' dir='ltr'><strong><em>νῦν</em></strong></span> <span class='ocrx_word' id='word_1_282' title='bbox 549 3617 614 3721; x_wconf 52' lang='lat' dir='ltr'><strong><em>gal</em></strong></span> <span class='ocrx_word' id='word_1_283' title='bbox 640 3619 710 3709; x_wconf 83' lang='grc' dir='ltr'><strong><em>ἀεὶ,</em></strong></span> <span class='ocrx_word' id='word_1_284' title='bbox 742 3619 806 3696; x_wconf 78' lang='grc' dir='ltr'><strong><em>καί</em></strong></span> <span class='ocrx_word' id='word_1_285' title='bbox 830 3625 882 3705; x_wconf 86' lang='grc' dir='ltr'><strong><em>ελς</em></strong></span> <span class='ocrx_word' id='word_1_286' title='bbox 906 3621 993 3705; x_wconf 74' lang='grc' dir='ltr'><strong><em>τούς</em></strong></span> <span class='ocrx_word' id='word_1_287' title='bbox 1018 3626 1159 3706; x_wconf 85' lang='grc' dir='ltr'><strong><em>αλῶνας</em></strong></span> <span class='ocrx_word' id='word_1_288' title='bbox 1184 3628 1262 3695; x_wconf 87' lang='grc' dir='ltr'><strong><em>τῶν</em></strong></span> <span class='ocrx_word' id='word_1_289' title='bbox 1287 3617 1380 3694; x_wconf 84' lang='grc' dir='ltr'><strong><em>αλιό-</em></strong></span> 
     </span>
     <span class='ocr_line' id='line_1_34' title="bbox 111 3717 559 3818; baseline 0.02 -22"><span class='ocrx_word' id='word_1_290' title='bbox 111 3748 201 3799; x_wconf 84' lang='grc' dir='ltr'><strong><em>νων.</em></strong></span> <span class='ocrx_word' id='word_1_291' title='bbox 246 3717 369 3818; x_wconf 77' lang='grc' dir='ltr'><strong><em>Ἅμής.</em></strong></span> <span class='ocrx_word' id='word_1_292' title='bbox 550 3726 559 3735; x_wconf 77' lang='grc'><strong>’</strong></span> 
     </span>
    </p>
   </div>
   <div class='ocr_carea' id='block_1_4' title="bbox 192 3864 713 3960">
    <p class='ocr_par' dir='ltr' id='par_1_4' title="bbox 192 3864 713 3960">
     <span class='ocr_line' id='line_1_35' title="bbox 192 3864 713 3960; baseline 0.002 -20"><span class='ocrx_word' id='word_1_293' title='bbox 192 3864 279 3940; x_wconf 81' lang='grc' dir='ltr'><strong><em>Εἶτα</em></strong></span> <span class='ocrx_word' id='word_1_294' title='bbox 300 3869 439 3960; x_wconf 78' lang='grc' dir='ltr'><strong><em>ἔκτενὴς,</em></strong></span> <span class='ocrx_word' id='word_1_295' title='bbox 461 3868 518 3940; x_wconf 80' lang='grc' dir='ltr'><strong><em>καί</em></strong></span> <span class='ocrx_word' id='word_1_296' title='bbox 539 3866 713 3952; x_wconf 85' lang='grc' dir='ltr'><strong><em>ἀπόλυσις.</em></strong></span> 
     </span>
    </p>
   </div>
   <div class='ocr_carea' id='block_1_5' title="bbox 107 4130 1379 4365">
    <p class='ocr_par' dir='ltr' id='par_1_5' title="bbox 107 4130 1379 4365">
     <span class='ocr_line' id='line_1_36' title="bbox 107 4130 1378 4194; baseline -0.002 -12"><span class='ocrx_word' id='word_1_297' title='bbox 107 4130 158 4182; x_wconf 82' lang='grc' dir='ltr'><strong><em>ιλιι</em></strong></span> <span class='ocrx_word' id='word_1_298' title='bbox 174 4130 217 4182; x_wconf 80' lang='grc' dir='ltr'><strong><em>ιλιι</em></strong></span> <span class='ocrx_word' id='word_1_299' title='bbox 234 4130 389 4194; x_wconf 70' lang='lat' dir='ltr'><strong>bridegroom</strong></span> <span class='ocrx_word' id='word_1_300' title='bbox 409 4140 472 4180; x_wconf 85' lang='lat' dir='ltr'>must</span> <span class='ocrx_word' id='word_1_301' title='bbox 490 4131 555 4181; x_wconf 82' lang='grc' dir='ltr'><strong><em>λοειο</em></strong></span> <span class='ocrx_word' id='word_1_302' title='bbox 575 4134 600 4183; x_wconf 86' lang='grc' dir='ltr'><strong><em>ιο</em></strong></span> <span class='ocrx_word' id='word_1_303' title='bbox 618 4131 796 4182; x_wconf 82' lang='grc' dir='ltr'><strong><em>εειοοιαιοιλειι</em></strong></span> <span class='ocrx_word' id='word_1_304' title='bbox 814 4131 913 4182; x_wconf 77' lang='lat' dir='ltr'><strong>himself</strong></span> <span class='ocrx_word' id='word_1_305' title='bbox 929 4139 953 4181; x_wconf 90' lang='grc' dir='ltr'><strong><em>ιο</em></strong></span> <span class='ocrx_word' id='word_1_306' title='bbox 974 4131 1013 4181; x_wconf 82' lang='grc' dir='ltr'><strong><em>ιλιι</em></strong></span> <span class='ocrx_word' id='word_1_307' title='bbox 1031 4130 1154 4180; x_wconf 75' lang='grc' dir='ltr'><strong><em>πεελοιεε</em></strong></span> <span class='ocrx_word' id='word_1_308' title='bbox 1173 4132 1200 4180; x_wconf 88' lang='grc' dir='ltr'><strong><em>ολ</em></strong></span> <span class='ocrx_word' id='word_1_309' title='bbox 1217 4144 1318 4189; x_wconf 79' lang='lat' dir='ltr'><strong>woman,</strong></span> <span class='ocrx_word' id='word_1_310' title='bbox 1337 4145 1378 4180; x_wconf 83' lang='lat' dir='ltr'><strong><em>re·</em></strong></span> 
     </span>
     <span class='ocr_line' id='line_1_37' title="bbox 107 4214 1379 4281; baseline -0.003 -15"><span class='ocrx_word' id='word_1_311' title='bbox 107 4216 238 4281; x_wconf 70' lang='lat' dir='ltr'>presented</span> <span class='ocrx_word' id='word_1_312' title='bbox 257 4217 287 4280; x_wconf 74' lang='lat' dir='ltr'><strong><em>hy</em></strong></span> <span class='ocrx_word' id='word_1_313' title='bbox 305 4217 391 4279; x_wconf 77' lang='lat' dir='ltr'>silver3</span> <span class='ocrx_word' id='word_1_314' title='bbox 410 4217 448 4266; x_wconf 87' lang='grc' dir='ltr'><strong><em>ιλιε</em></strong></span> <span class='ocrx_word' id='word_1_315' title='bbox 467 4216 535 4266; x_wconf 80' lang='lat' dir='ltr'>bride</span> <span class='ocrx_word' id='word_1_316' title='bbox 553 4217 632 4266; x_wconf 73' lang='lat' dir='ltr'>obtain</span> <span class='ocrx_word' id='word_1_317' title='bbox 652 4217 792 4281; x_wconf 75' lang='lat' dir='ltr'>possession</span> <span class='ocrx_word' id='word_1_318' title='bbox 811 4217 837 4266; x_wconf 84' lang='grc' dir='ltr'><strong><em>ολ</em></strong></span> <span class='ocrx_word' id='word_1_319' title='bbox 853 4216 885 4266; x_wconf 79' lang='lat' dir='ltr'><strong><em>all</em></strong></span> <span class='ocrx_word' id='word_1_320' title='bbox 905 4216 948 4267; x_wconf 81' lang='lat' dir='ltr'><strong><em>her</em></strong></span> <span class='ocrx_word' id='word_1_321' title='bbox 966 4215 1099 4266; x_wconf 78' lang='grc' dir='ltr'><strong><em>λοελιοοιλέ</em></strong></span> <span class='ocrx_word' id='word_1_322' title='bbox 1117 4215 1202 4277; x_wconf 78' lang='grc' dir='ltr'><strong><em>ροοιλε,</em></strong></span> <span class='ocrx_word' id='word_1_323' title='bbox 1222 4230 1248 4265; x_wconf 81' lang='lat' dir='ltr'><strong><em>as</em></strong></span> <span class='ocrx_word' id='word_1_324' title='bbox 1266 4224 1303 4266; x_wconf 81' lang='grc' dir='ltr'><strong><em>εει</em></strong></span> <span class='ocrx_word' id='word_1_325' title='bbox 1314 4214 1379 4265; x_wconf 78' lang='lat' dir='ltr'><strong>forth</strong></span> 
     </span>
     <span class='ocr_line' id='line_1_38' title="bbox 108 4300 222 4365; baseline 0 -15"><span class='ocrx_word' id='word_1_326' title='bbox 108 4300 139 4365; x_wconf 67' lang='lat' dir='ltr'><strong><em>hy</em></strong></span> <span class='ocrx_word' id='word_1_327' title='bbox 156 4302 222 4365; x_wconf 75' lang='grc' dir='ltr'><strong><em>ςολιλ.</em></strong></span> 
     </span>
    </p>
   </div>
   <div class='ocr_carea' id='block_1_6' title="bbox 0 0 1530 4912">
    <p class='ocr_par' dir='ltr' id='par_1_6' title="bbox 0 0 1530 4912">
     <span class='ocr_line' id='line_1_39' title="bbox 0 0 1530 4912; baseline 0 0"><span class='ocrx_word' id='word_1_328' title='bbox 0 0 1530 4912; x_wconf 95' lang='lat' dir='ltr'><strong><em> </em></strong></span> 
     </span>
    </p>
   </div>
  </div>
 </body>
</html>
