3044 4912
654 248 775 367 ‘¹⁹5'
870 276 876 289 ·

94 432 224 528 ὐμτῶν
256 431 500 528 βασταχθεὶς,
534 430 646 514 αὐτὸς
679 430 839 506 δέσποτα
873 429 1157 560 παντοδάναμε,
1189 431 1253 507 καὶ
1283 432 1327 506 τὸ

95 532 270 630 ροςαχθέν
295 537 406 608 τοῦτο
430 534 570 660 βρέφος
595 535 879 629 ἐμφανισθῆναί
905 557 963 607 σοι
988 539 1044 630 τῶ
1069 531 1223 608 πάντων
1247 562 1328 609 ποι-

94 640 141 732 5,
176 633 389 737 εὐλόγησον,
423 635 485 708 καὶ
518 639 568 717 εὶς
593 639 670 708 πᾶν
673 636 806 763 ἐργον
831 632 996 735 ἀγαθὸν,
1028 635 1091 708 καὶ
1117 635 1176 709 σοὶ
1201 631 1328 730 εὐάρε-

94 766 149 812 07
182 739 355 832 αὔξησον,
390 737 646 830 ἀποσοβῶν’
626 735 684 810 ατί
716 736 834 861 55105
859 741 986 810 πᾶσαν
1010 737 1185 810 ἐναντίαν
1212 733 1330 812 δύνα-

94 837 221 914 ινδιὰ
254 843 319 933 τῆς
351 834 583 932 σηιιειῶσεως
614 842 682 912 τοῦ
714 835 834 911 τύπου
867 840 936 911 τοῦ
969 842 1134 935 σταυροῦ
1159 862 1247 914 σου·
1283 837 1330 913 σὺ

94 939 131 1066 ἐρ
159 939 189 1014 εἶ
226 939 245 1012 5
273 935 478 1036 φυλάσσων
503 937 550 1012 τὰ
577 934 703 1035 νήπια,
729 934 853 1032 Κύριε.
896 938 977 1012 Ἵνα
1001 938 1236 1023 καταξιωθέν
1261 951 1330 1015 τοῦ

94 1042 170 1121 νίου
195 1042 453 1137 βαπτίσματος
477 1037 570 1168 τύχῃ
596 1048 661 1137 τῆς
685 1038 836 1134 οερίδος
859 1047 938 1115 τῶν
963 1042 1143 1114 ἐκλεκτῶν
1167 1049 1233 1137 τῆς
1256 1042 1330 1138 βα-

97 1142 196 1269 λείας
229 1168 310 1229 σου,
349 1141 631 1269 φολριττόμενον
665 1140 735 1216 σὺν
767 1140 859 1236 ἡμῖν
890 1152 937 1237 τη
966 1137 1091 1268 χάριτι
1132 1171 1197 1237 της
1222 1140 1331 1243 ἁγίας

94 1245 123 1317 15
150 1243 351 1339 ῦιιοουσίου
377 1272 439 1316 και
428 1241 677 1371 ἀδιαιρέτου
703 1241 864 1336 τριάδος.
905 1242 980 1316 Σοὶ
995 1241 1068 1372 γὰρ
1086 1243 1210 1337 πρέπει
1227 1252 1331 1317 πᾶσα

94 1344 165 1434 ίξα,
193 1344 419 1472 εὐχαριστία,
449 1345 511 1418 καὶ
537 1341 780 1472 προςκάνησις
806 1344 878 1419 σὺν
903 1351 958 1442 τῶ
985 1343 1139 1441 άνάρχῳ
1164 1371 1233 1421 σου
1260 1373 1331 1420 πα-

94 1448 132 1535 ιὶ,
158 1447 221 1521 καὶ
238 1454 293 1543 τῷ
292 1447 494 1572 πανργίῳ,
521 1475 583 1519 και
572 1447 753 1547 ἀγαθῶ,
780 1475 843 1520 και
831 1445 1030 1542 ζωοποιῴ
1049 1471 1117 1520 σου
1134 1445 1330 1544 πνεύματι,

94 1577 133 1624 νν
158 1549 220 1622 καί
247 1548 316 1636 ἀεὶ,
342 1547 405 1621 καὶ
431 1552 481 1631 είς
505 1546 593 1630 τοὺς
619 1552 759 1630 αἰῶνας
783 1553 861 1622 τῶν
890 1545 1051 1623 αἰῶνων.

149 1664 283 1762 Ελρήνη
310 1668 410 1739 πᾶσι
468 1665 542 1748 Τάς
566 1665 775 1764 κεφαλάς“
753 1670 863 1762 υμῶν
888 1674 943 1763 τῷ
968 1664 1097 1763 Κυρίῳ
1123 1663 1280 1740 κλίνατε.

139 1784 183 1860 Ὁ
211 1783 361 1871 θεὸς(
344 1815 363 1856 ο
397 1782 583 1880 πατὴρ,ο
570 1781 898 1879 παντοκράτωρ,
934 1782 953 1857 5
989 1782 1054 1857 διὰ
1080 1793 1149 1858 τοῦ
1166 1791 1332 1910 μεγαλρ-

93 1883 283 1960 ωνοτάτου
309 1894 388 1959 τῶν
413 1895 616 1982 προφητῶν
636 1885 793 1959 Ἠσαίου
819 1876 1175 2009 προκαταγγείλας
1157 1891 1247 1978 ηιιῖν
1264 1883 1332 1980 τὴν

93 1987 340 2116 ιπαρθίνου
362 1983 550 2082 σάρκωσιν
575 1994 643 2060 τοῦ
667 1992 895 2112 μονογενοῦς
921 2010 989 2059 σου
1016 1986 1114 2073 υἱοῦ,
1147 1985 1210 2059 καὶ
1240 1990 1333 2060 θεοῦ

93 2097 183 2209 μῶν,
218 2089 257 2171 ὃς
290 2087 340 2161 ἐπ’
371 2085 537 2183 ἐσχάτων
562 2094 641 2161 τῶν
665 2087 814 2216 ἡμερῶν
841 2086 990 2213 εῦδσκίρ
1017 2092 1077 2182 σῇ,
1110 2086 1174 2160 καὶ
1200 2111 1332 2180 συνερ-

93 2219 124 2288 ᾳ
157 2197 228 2263 τοῦ
250 2189 373 2316 ἁγίου
407 2185 625 2283 πνεύματος,
661 2188 725 2263 διὰ
751 2188 820 2285 τὴν
844 2188 953 2309 ἡμῶν
978 2193 1056 2262 τῶν
1080 2188 1232 2284 βροτῶν
1258 2212 1333 2261 σω-

93 2290 206 2389 γρίαν,
241 2291 389 2418 άιιέτριρ
425 2289 675 2417 εῦσπλαγχνίηι
709 2293 748 2375 ἐξ
779 2290 894 2387 αὐτῆς
926 2295 1104 2385 νηπιᾶσαι
1129 2284 1332 2417 καταδεξά-

93 2422 184 2481 ενος,
211 2393 273 2466 καί
298 2391 393 2467 κατὰ
419 2392 461 2518 τῦ
488 2393 744 2478 εἷθισιιίνον’
729 2419 770 2465 εν
794 2390 901 2488 νόοιο
928 2389 1023 2491 ἁγίῳ
1046 2415 1127 2479 σου,
1153 2418 1246 2485 μετα
1232 2388 1332 2486 τὴν

92 2492 290 2590 ιπλήρωσιν
323 2499 401 2567 τῶν
433 2493 583 2590 ἡιιερῶν
615 2497 683 2567 τοῦ
715 2495 978 2588 καθαρισμοῦ,
1014 2496 1070 2588 τῶ
1102 2492 1191 2617 ἱερρῦ
1223 2520 1331 2586 προς·
1400 2530 1406 2541 ·

93 2598 272 2692 [θῆναι
255 2596 438 2691 ηνίσχετο,
467 2594 609 2691 άληθης
634 2593 880 2690 νοιιοθέτης“
859 2590 1051 2688 υπάρχων,
1077 2593 1139 2668 καὶ
1157 2599 1198 2667 ἐν
1216 2590 1333 2720 ἀγκά-

93 2727 142 2782 ιις
174 2698 242 2770 τοῦ
275 2695 425 2770 δικαίου
458 2699 623 2823 Σμμεῶν
653 2698 922 2823 βασταχθῆναι
955 2693 1185 2784 κατεδέξατο,
1219 2687 1331 2788 οὗπερ

93 2798 269 2894 υστηρίου
294 2797 363 2894 τὴν
389 2795 627 2892 προτάπωσιν
659 2803 700 2872 ἐν
724 2802 779 2896 τῷ
805 2797 1046 2894 προλεχθίντι
1071 2794 1219 2894 προφήτ
1268 2794 1332 2923 515

93 2930 126 2997 ης
159 2898 314 2994 λαβίδος
346 2907 414 2974 τοῦ
448 2901 641 2997 ἄνθρακος
673 2870 910 2995 δηλῶθεῖσαν
944 2900 1166 2997 ἐπέγνωμεν,
1201 2926 1246 2973 ου
1270 2898 1334 2974 καὶ

92 3007 167 3085 ιιεῖς
203 3001 237 3074 οἱ
272 3000 393 3074 πιστοὶ
428 3000 496 3095 τὴν
531 3002 687 3097 μίμησιν
723 3004 764 3074 ἐν
796 2997 921 3095 χάριτι
956 3026 1168 3125 κριτεχομεν.
1210 2997 1334 3082 Αὐτὸς

92 3103 125 3178 τί
159 3111 232 3176 νῦν
266 3100 285 3173 5
320 3097 525 3227 φυλάσσων
556 3101 603 3175 τὰ
629 3098 755 3220 7555,
791 3099 916 3228 K5511,
950 3099 1152 3225 εἰηλιίγησον
1176 3099 1220 3174 τὸ
1247 3127 1330 3173 παι

92 3204 148 3279 ίον
181 3212 312 3292 τοῦτο,
346 3201 425 3331 άμρι
459 3209 535 3285 τοῖς
567 3204 738 3329 γονεῦσι,
771 3202 834 3276 καί
868 3196 1068 3327 ἀναδάχοις
1101 3199 1235 3275 αὐτοῦ·
1270 3199 1334 3328 καί

92 3304 295 3389 αταξίωσον
328 3304 420 3379 αὐτὸ
452 3308 493 3378 ἐν
518 3311 637 3402 καιρῷ
662 3302 818 3401 εὐθετῳ,
851 3304 914 3379 καὶ
939 3307 1003 3411 τῇς
1028 3301 1078 3376 δι’
1109 3300 1246 3386 ὕδατος
1271 3300 1334 3429 καὶ

92 3403 274 3501 νεάιιατος
307 3402 594 3505 άναγεινήσεως.
649 3392 1021 3532 Συγκαταρίθμησον
1055 3403 1147 3478 αὐτὸ
1172 3409 1219 3500 τῇ
1244 3403 1334 3504 άγίρ

92 3538 134 3584 ου
161 3509 299 3602 ποίμνη
325 3518 403 3581 τῶν
430 3514 589 3607 λογικῶν
614 3503 829 3603 προβάτων,
862 3511 940 3580 τῶν
965 3507 1260 3601 ἐπικεκλημὲνων
1279 3513 1334 3602 τῶ

92 3608 242 3734 νάματι
254 3611 323 3682 τοῦ
349 3614 518 3704 Χριστοῦ
551 3635 630 3700 σου.
672 3606 756 3684 Ὅτι
788 3607 836 3682 σὺ
861 3607 936 3682 15‘
919 3637 938 3680 ο
965 3611 1006 3682 ἐν
1031 3606 1186 3703 ὑψηλοῖς
1209 3633 1333 3731 κατοι-

92 3718 156 3800 ῶν,
181 3711 244 3785 καὶ
270 3711 316 3782 τὰ
342 3709 496 3837 ταπεινά
523 3714 684 3835 ἐφορῶν,
710 3710 772 3783 καὶ
799 3708 857 3783 σοὶ
883 3708 951 3804 τὴν
977 3703 1139 3793 δάξαν’
1114 3706 1334 3835 μναπίμπο-

92 3843 148 3902 εν,
184 3820 236 3909 τῷ
274 3812 397 3944 πριτρὶ,
432 3812 494 3885 καὶ
525 3820 578 3909 τῷ
612 3812 696 3908 υἱῷ,
730 3810 817 3887 καί
824 3817 878 3907 τῷ
911 3808 1006 3910 ἁγίῳ
1032 3805 1227 3903 πνεύματι,
1262 3816 1333 3884 νῦν

92 3915 128 3990 αὶ
155 3914 224 4002 ἀεὶ,
250 3913 313 3987 καὶ
340 3918 389 3997 εἰς
414 3913 500 3997 τοὺς
526 3884 665 3995 αίῶνας
690 3919 768 3987 τῶν
797 3883 959 3986 αλῶνων.
1003 3908 1131 4009 Ἀμήν.

151 4040 235 4114 Εἶτα
257 4043 406 4129 λαβὼνζ
389 4072 407 4113 ο
431 4044 536 4134 ἱερεὺς
556 4045 595 4113 τὸ
617 4042 766 4126 παιδίον,
788 4042 978 4134 σχηματίζει
992 4043 1133 4132 σταυρὸν
1146 4066 1209 4129 μετ
1207 4037 1335 4109 ἀὐτοῦ

92 4148 134 4237 ρὸ
156 4154 221 4214 τῶν
242 4149 355 4214 πολῶν
376 4154 435 4215 τοῦ
456 4155 547 4229 ναοῦ,
569 4146 687 4234 λέγων·

144 4266 479 4395 Ἐκκλησιάζετρι
462 4298 481 4341 ο
508 4267 640 4349 δοῦλος
664 4295 732 4341 του
718 4270 844 4341 θεοῦ
871 4265 903 4361 (5
926 4264 1042 4364 δεῖνα)
1069 4271 1119 4349 εἰς
1143 4263 1186 4339 τὸ
1211 4265 1333 4390 ὄνομα

91 4378 134 4445 05
169 4369 320 4465 παῖρίλς,
354 4369 417 4444 καί
452 4377 520 4497 5555
545 4398 643 4457 5101,
678 4367 834 4443 καὶτοῦ
861 4366 970 4468 ἁγίου
1006 4366 1226 4463 551555103,
1262 4373 1335 4441 2¹57

91 4472 130 4549 55
165 4470 234 4547 525.
