3044 4912
715 261 785 334 152

666 438 704 510 ‘0
736 439 827 522 λαός.

183 551 372 646 Ἕχομιν
397 546 509 644 πρὸς
533 544 614 621 τὸν
638 541 848 642 adornasti

662 673 700 743 ‘0
723 673 838 765 ἱερεύς.

193 783 559 881 Εὐχαριστῶμεν
583 786 644 877 τῷ
670 778 859 876 κυρίῳέ)

671 907 709 979 Ὁ
739 908 830 991 λαός.

185 1002 334 1088 ’Ἀξιον
359 1000 436 1076 καὶ
461 997 660 1075 δίκαιον.

640 1127 679 1198 ‘0
702 1126 863 1211 διάκονος.

675 1235 695 1273 ἃ
741 1236 760 1274 Φ
806 1235 826 1274 ᾗ

451 1327 489 1399 Ὁ
512 1328 617 1417 ἱερεὺς
638 1324 772 1422 ἔρχεται
792 1339 853 1423 τῆς
873 1327 1056 1423 ἀναφορᾶς.

188 1438 391 1534 Ἀληθῶς
420 1432 508 1537 γὰρ
535 1431 820 1519 deuersoria
844 1435 922 1510 καὶ
947 1434 1156 1519 δίκαιον,
1182 1425 1317 1505 ὅσιόν
1339 1455 1381 1501 re
1428 1474 1431 1483 ·

210 1559 233 1620 1)
251 1561 315 1606 Febr.
335 1555 439 1620 Ῐχυμιν.
510 1557 534 1616 2)
551 1558 616 1601 Febr.
636 1551 868 1623 ιΰχαριστὴσιιμιι.

122 1736 213 1780 noster.
248 1726 376 1778 Diaconos.
404 1726 449 1785 Qui
473 1725 563 1775 sedetis
581 1728 679 1788 surgite.
715 1728 843 1778 Sacerdos.
869 1726 971 1778 heterna
988 1726 1097 1785 Domine,
1121 1723 1185 1773 Deus
1203 1736 1274 1771 verus
1292 1721 1321 1771 de
1337 1719 1382 1769 Deo

121 1828 187 1874 uero,
205 1811 245 1876 qui
264 1811 389 1862 ostendisti
408 1809 478 1859 nobis
497 1809 576 1858 lumen
596 1811 680 1870 Patris,
699 1813 739 1876 qui
759 1813 858 1875 largitus
877 1827 903 1862 es
922 1811 991 1861 nobis
1010 1808 1169 1871 coguitionem
1188 1806 1295 1858 ueritatis
1312 1803 1384 1866 Spiri-

120 1904 161 1947 tus
183 1897 275 1959 saucti3
302 1896 343 1961 qui
360 1894 517 1944 manifestasti
536 1894 605 1944 uobis
622 1897 761 1958 mysterium
779 1897 826 1947 boc
844 1909 955 1958 maguum
967 1895 1045 1945 ritae:
1069 1894 1111 1958 qui
1129 1891 1273 1942 mastituisti
1291 1889 1385 1938 morum

122 1983 321 2046 incorporeorum
338 1980 401 2029 iuter
417 1979 542 2028 homines:
560 1980 600 2043 qui
618 1979 704 2030 dedisti
722 1981 815 2045 eisqui
833 1988 890 2030 suat
906 1994 980 2043 super
997 1986 1095 2037 tanaro,
1119 1977 1237 2026 cauticum
1255 1973 1386 2037 Seraphim,

122 2067 219 2131 suscipe
237 2080 307 2117 rocos
325 2072 429 2124 nostras,
448 2077 501 2113 cum
519 2064 617 2114 uocibus
635 2079 719 2128 eorum
738 2066 777 2130 qui
796 2073 853 2115 suut
870 2063 1008 2114 invisibiles.
1044 2061 1196 2113 connumera
1215 2074 1261 2110 nos
1274 2057 1386 2108 incerte·

122 2150 221 2215 taeter
239 2149 367 2211 coelestes,
384 2155 411 2198 ut
428 2147 536 2198 diunius
554 2161 607 2198 cum
626 2148 684 2209 illis,
709 2148 849 2199 abiicientes
866 2162 951 2198 omnes
969 2147 1125 2210 cogitationes
1143 2145 1269 2215 absurdas,
1280 2150 1305 2193 et
1321 2141 1387 2192 inati-

123 2235 168 2295 les,
187 2235 368 2300 clamemusque
386 2232 448 2284 idem
467 2233 531 2297 qaod
550 2232 585 2283 illi
603 2233 685 2283 dicuat
702 2233 840 2283 incessabili
857 2247 923 2294 roes,
946 2239 1017 2297 atque
1035 2245 1078 2280 ore
1093 2229 1246 2287 indesinenti,
1265 2226 1388 2276 benedica-

126 2334 179 2369 mus
198 2319 384 2381 magnitudinem
402 2326 477 2367 tuam.
510 2317 638 2367 Diaconos.
666 2317 699 2367 td
719 2318 842 2368 Orientem
866 2316 973 2381 aspicite.
1006 2313 1135 2365 Sacerdos.
1162 2312 1198 2363 Tu
1223 2328 1250 2363 es
1274 2312 1338 2361 eninr
1353 2308 1390 2359 eoi

124 2404 240 2452 assistunt
258 2402 387 2452 Cherubim
406 2401 564 2467 etSeraphim
582 2401 649 2451 senis
666 2402 711 2450 alis
729 2401 853 2451 instructi:
871 2415 913 2450 sex
929 2399 982 2450 alae
1000 2401 1050 2461 nai,
1068 2406 1092 2449 et
1108 2412 1150 2448 sex
1167 2397 1220 2447 alne
1232 2398 1316 2447 alteri:
1333 2394 1390 2446 daa-

124 2487 170 2536 bus
194 2486 239 2535 alis
262 2486 342 2535 celant
364 2486 439 2535 iacies
463 2500 528 2545 suas,
554 2485 648 2534 duabus
666 2493 748 2546 tegunt
765 2485 840 2550 pedes
858 2501 926 2547 suos,
944 2493 968 2535 et
985 2484 1077 2535 duabus
1096 2481 1189 2533 colant:
1214 2481 1389 2543 clamantesque

125 2571 186 2619 alter
205 2570 235 2619 ad
252 2570 362 2630 alterum,
389 2569 472 2619 dicunt
489 2571 601 2632 hymnum
620 2569 788 2633 triumphalem
807 2569 892 2619 salutis
910 2576 1015 2631 nostrae,
1039 2569 1176 2618 atrocibus
1194 2566 1319 2628 gloriosis,
1341 2564 1391 2613 las·

125 2655 182 2703 dant
201 2653 331 2703 clamantes
349 2661 372 2702 et
390 2653 504 2702 dicentes.
540 2653 666 2701 Diaconos.
693 2655 855 2703 Attendamus.
891 2654 1006 2718 Populus.
1025 2654 1136 2713 Sanctus,
1153 2652 1266 2711 Sanctus,
1285 2651 1391 2699 Sanctus.

126 2737 252 2785 Sacerdos.
272 2736 382 2796 Sanctus,
400 2737 502 2786 Sanctus
519 2736 644 2796 Dominus,
664 2746 687 2786 et
704 2738 806 2788 Sanctus
825 2739 939 2788 iurabas
957 2740 1078 2797 omnibus,
1102 2746 1125 2788 et
1142 2737 1295 2801 praeclarum
1314 2734 1392 2782 lumen

126 2823 274 2870 substantioe
292 2829 355 2880 tuae,
378 2821 440 2871 sicut
459 2821 588 2870 inritabilis
606 2829 642 2870 est
660 2830 767 2885 potestas
785 2824 917 2887 sapientiae
935 2832 998 2884 tuse,
1025 2838 1070 2873 uec
1087 2823 1166 2872 verbis
1185 2822 1299 2885 explicari
1317 2824 1393 2883 potest

128 2905 227 2969 pelagus
251 2905 340 2953 amoris
358 2906 392 2954 tui
417 2920 472 2966 erga
496 2906 613 2955 homiues.
649 2906 741 2957 Creasti
765 2922 803 2957 me
827 2908 948 2958 homiuem
968 2922 1011 2972 per
1029 2907 1198 2969 benignitatem
1216 2915 1293 2966 tuam,
1319 2917 1392 2966 neque

128 2990 251 3052 indigebas
276 3005 328 3039 mea
352 2992 473 3051 servitute,
497 2991 540 3039 sed
565 3006 609 3052 ego
628 2992 763 3053 indigebam
781 2992 945 3042 dominatione
964 3001 1018 3041 tna:
1041 2999 1141 3055 propter
1159 2990 1313 3040 elementiam
1332 2998 1393 3038 tuam

129 3088 247 3136 magnam,
265 3074 342 3125 iecisti
361 3088 399 3123 tue
418 3088 471 3125 cum
491 3089 537 3124 non
556 3090 650 3125 essem:
668 3077 763 3126 erexisti
782 3078 839 3127 mihi
858 3077 941 3127 coelos
958 3078 982 3126 in
1001 3084 1103 3126 tectum:
1121 3076 1222 3124 firmasti
1240 3075 1393 3123 mihiterram

129 3168 154 3209 ut
171 3174 245 3224 super
268 3174 320 3209 eam
345 3159 507 3209 ambularem:
530 3170 629 3224 propter
648 3176 686 3210 me
704 3161 844 3212 conclusisti
862 3175 937 3221 mare,
962 3169 1061 3225 propter
1079 3174 1118 3209 me
1135 3160 1269 3221 produxisti
1288 3166 1394 3206 naturam

129 3243 277 3303 animalium,
301 3251 325 3293 et
347 3246 427 3293 omnia
451 3246 574 3294 subiecisti
598 3246 643 3294 sub
663 3246 763 3309 pedibus
782 3249 851 3307 meis,
875 3260 920 3297 neo
938 3260 1025 3309 passus
1043 3260 1069 3294 es
1087 3244 1172 3293 deesse
1190 3243 1248 3292 mihi
1266 3242 1394 3306 quidquam

129 3342 157 3377 ex
179 3328 294 3391 operibus
319 3330 507 3391 magnificentiae
530 3337 600 3379 tuae:
626 3331 665 3392 qui
691 3345 728 3379 me
746 3331 842 3392 creasti,
864 3331 969 3394 pusuisti
987 3342 1083 3379 manum
1102 3337 1165 3376 tuam
1184 3341 1259 3389 super
1277 3340 1331 3375 me:
1354 3324 1395 3372 de·

129 3412 248 3476 scripsisti
266 3414 290 3462 in
309 3427 346 3461 rne
365 3414 490 3475 imaginem
509 3415 633 3477 potestatis
652 3422 720 3463 tuae:
739 3415 825 3465 dedisti
843 3415 900 3463 mihi
918 3413 1007 3464 donum
1026 3414 1139 3462 rationis:
1159 3410 1275 3475 aperuisti
1286 3409 1344 3458 mihi
1354 3423 1395 3472 pa·

130 3497 237 3547 radisum
255 3496 396 3562 voluptatis:
415 3497 500 3547 dedisti
520 3498 577 3546 mihi
594 3500 717 3548 scientiam
737 3499 880 3562 cognitionis
897 3507 966 3548 tuae:
982 3497 1139 3547 manilestasti
1157 3495 1215 3545 mihi
1233 3496 1346 3544 arborem
1363 3484 1396 3541 ui·

129 3593 183 3634 tae:
201 3582 326 3632 ostendisti
346 3582 402 3632 mihi
420 3583 513 3646 spinam
533 3583 625 3642 mertis,
645 3598 673 3632 ne
692 3598 719 3633 er
737 3599 764 3632 ca
783 3583 950 3633 comederem:
966 3584 1023 3632 mihi
1041 3581 1191 3642 interdixisti,
1209 3594 1238 3628 ex
1255 3592 1284 3627 es
1302 3578 1355 3627 sola
1368 3589 1397 3626 ue

130 3668 240 3718 ederem:
266 3667 359 3718 comedi
377 3666 523 3728 uoluntarie;
546 3677 632 3730 sponte
651 3668 743 3729 neglexi
762 3668 898 3717 mandatum
916 3674 992 3728 taum,
1015 3669 1180 3730 contemsiqoe
1195 3673 1326 3728 praecepta
1344 3670 1398 3722 tna;

130 3762 201 3817 atque
227 3753 308 3802 induxi
336 3752 394 3802 mihi
418 3752 560 3802 sententiam
585 3753 677 3801 mortis.
711 3753 779 3801 teta.
806 3753 932 3802 Diaconos.
960 3754 1005 3810 Qui
1028 3752 1118 3801 sedetis
1135 3751 1234 3812 surgite.
1271 3749 1400 3799 Sacerdos.

131 3838 242 3886 Gestatus
260 3845 296 3886 est
314 3838 337 3886 in
356 3845 433 3896 utero,
452 3846 474 3886 et
493 3851 548 3886 caro
567 3839 642 3887 lactus
661 3837 781 3886 estlilius
800 3845 863 3897 tuus,
882 3837 1095 3901 manifestatusque
1113 3842 1150 3884 est
1167 3850 1179 3883 a
1197 3834 1289 3897 Spiritu
1307 3840 1400 3882 saneto.

131 3919 259 3970 Diaconos.
277 3921 311 3970 td
330 3922 451 3971 Orientem
470 3923 576 3985 aspicite.
612 3922 738 3971 Sacerdos
765 3922 852 3971 Coram
870 3929 894 3970 te
910 3928 974 3971 stant
991 3922 1058 3970 mille
1077 3920 1165 3969 millies
1181 3918 1266 3980 bageii
1285 3926 1308 3967 et
1325 3916 1400 3965 hrob-

132 4004 209 4066 angeli
234 4006 318 4054 sancti.
355 4006 482 4056 Diaconos.
508 4007 670 4056 Attendamus.
706 4005 834 4056 Sacerdos.
859 4005 996 4055 Veneranda
1020 4005 1131 4057 animalia
1150 4017 1192 4052 ser
1210 4003 1261 4051 aias
1280 4001 1401 4060 habeatis,

131 4088 258 4153 Seraphim
282 4099 305 4138 ct
323 4090 460 4151 Cherubim,
484 4093 524 4155 qui
549 4092 640 4140 duabus
658 4091 744 4139 latiens
762 4105 830 4140 suam
848 4098 939 4152 tegunt,
956 4090 1049 4140 duabus
1066 4090 1141 4153 pedes
1158 4101 1233 4136 suos:
1257 4086 1403 4149 duabusque

135 4174 216 4223 rolant
233 4189 245 4223 ι
264 4175 352 4223 linibus
371 4190 446 4238 usque
464 4176 494 4225 ad
512 4177 571 4224 lines
589 4175 685 4224 mundi:
703 4183 727 4223 et
744 4175 806 4225 sieut
822 4188 920 4239 semper
937 4181 959 4224 te
977 4174 1075 4225 laudaut
1092 4173 1284 4230 etsanctisrcant,
1303 4171 1334 4219 ita
1346 4184 1403 4218 sus·

133 4258 185 4321 cipe
209 4259 252 4307 has
275 4260 484 4316 saucultcatioues,
509 4275 568 4324 quas
593 4260 634 4309 tibi
653 4260 768 4308 dicimus:
795 4260 908 4320 Sanctus,
924 4259 1035 4320 Sanctus,
1051 4261 1162 4310 Sanctus.
1197 4256 1329 4305 Diaeouus.
1357 4253 1404 4302 lte·

134 4341 260 4403 spondete.
294 4343 408 4406 Populus.
432 4344 542 4403 Sanetus,
560 4344 671 4397 Sanetus,
690 4346 801 4403 Sanctus,
819 4344 935 4394 Dominus
952 4342 1016 4392 Dens
1031 4343 1143 4392 Sabaoth.
1179 4341 1246 4391 Pleni
1266 4347 1323 4389 sunt
1342 4338 1406 4388 coeli

131 4430 157 4474 et
174 4432 238 4474 terra
254 4428 379 4477 sanctitate
395 4427 485 4490 gloriae
503 4430 562 4477 eius.

205 4511 239 4562 hb
250 4511 341 4575 lig-uo
351 4508 474 4576 interrito
485 4514 586 4563 maxima
595 4520 632 4563 est
640 4512 713 4564 llarci
722 4519 744 4563 et
754 4512 902 4577 reliquarum
912 4512 1072 4575 Litnrgiaranr
1084 4511 1147 4577 apud
1158 4510 1248 4574 Captus
1258 4507 1406 4560 similitudo.
