3044 4912
769 251 847 327 '338

472 429 510 502 ‘O
532 430 639 523 ὸερεὸς
657 430 717 522 τὴν
737 428 832 522 εὐχὴν
852 437 913 523 τῆς
932 433 1142 522 προθέσεως.

142 532 147 539 ’
252 539 296 617 Ὁ
332 534 459 626 Θεὸς,
496 535 518 612 ὅ
552 535 661 620 Θεὸς
692 535 841 633 ἡμῶν,
879 535 899 612 ό
931 535 1014 613 τὸν
1048 531 1276 636 οὐράνιον
1298 537 1366 636 ἀρε

173 642 256 742 τὴν
279 638 460 739 τροφὴν
483 647 565 716 τοῦ
590 636 765 725 παντὸς
788 636 989 735 κόσμου,
1013 637 1096 715 τὸν
1112 635 1331 740 Κόριονὴ
1369 644 1380 663 ”

173 744 252 823 καὶ
288 742 400 820 Θεὸν
432 739 855 842 ἸησοῦνΧριστὸν
891 739 1227 826 ἐξαποστείλας
1261 746 1380 837 σωτῆρ

174 846 251 925 καὶ
283 843 543 944 λυτρωτὴν,
576 841 654 919 καὶ
679 842 945 946 εὐεργέτην,
979 842 1266 947 εὐλογοῦντα
1288 838 1382 918 καὸὸ

172 945 402 1055 γιάζοντα
439 944 579 1044 ἡμᾶς,
620 943 761 1030 αὐτὸς
799 941 1057 1046 εὐλόγησαν
1095 943 1180 1043 τὴν
1212 940 1382 1046 πρόθεσι

173 1048 369 1147 ταύτην,
409 1045 486 1122 καὸ
524 1044 773 1146 πρόςδεξαι
815 1045 963 1143 αὐτὴν
1002 1051 1067 1132 είς
1097 1044 1149 1122 τὸ
1182 1038 1386 1147 ὐτιερσυρέΙ

173 1151 279 1231 νιόν
311 1174 394 1226 σου
419 1146 785 1249 θυσιαστήριον·
821 1145 1156 1247 μνημόνευσον
1180 1145 1240 1233 ὥς
1264 1142 1385 1252 ἀγαόί
1428 1193 1430 1205 ·

173 1254 252 1332 καὶ
287 1246 629 1353 φιλάνθρωπος
662 1258 755 1326 τῶν
795 1246 1230 1354 προςενεγκάντων,
1270 1245 1380 1327 καὸδ

175 1357 253 1441 οὓς
285 1349 603 1479 προςηγαγον,
634 1352 714 1428 καὶ
746 1351 865 1448 ἡμᾶς
899 1351 1246 1451 ἀκατακρίτους
1270 1342 1386 1449 διεφό

175 1462 316 1544 λαξον
340 1460 388 1532 έν
413 1462 465 1550 τῇ
491 1454 736 1557 ιερουργίρι
760 1462 853 1532 τῶν
877 1452 1027 1530 θείων
1051 1477 1135 1529 σου
1158 1449 1392 1582 μυστηρία,
1421 1460 1427 1467 “

172 1569 357 1663 Ἔκφώοως.
394 1554 493 1632 Ὅτι
524 1553 750 1658 ἡγίασται
781 1554 860 1631 καὶ
885 1552 1171 1640 δεδόξασται
1203 1554 1255 1632 τὸ
1279 1552 1393 1631 παντι
1428 1571 1430 1575 ·

174 1688 266 1756 μον
306 1655 383 1733 καὶ
421 1655 767 1760 μεγαλοπρεπές
798 1652 948 1754 όνομά
989 1681 1095 1746 σου,
1135 1664 1218 1733 τοῦ
1252 1654 1391 1755 πατρὸς
1428 1714 1430 1723 .

174 1761 253 1837 καὶ
284 1766 368 1834 τοῦ
399 1758 525 1849 υἱοῦ,
558 1759 636 1835 καὶ
667 1767 750 1835 τοῦ
775 1758 912 1862 άγίου
938 1754 1222 1851 πνεύματος·
1258 1765 1372 1836 νύνι

175 1862 272 1953 ἀεὶ,
320 1858 397 1938 καὶ
444 1865 508 1944 εἰς
548 1860 659 1947 τούς
698 1866 874 1945 αἰῶνας
911 1868 1006 1937 τῶν
1045 1857 1245 1937 αλοίνων.
1294 1850 1397 1955 Ἀμήι

176 1967 250 2061 siae.
280 1966 350 2061 17.)
809 2046 815 2057 ,

161 2107 165 2115 ·
439 2077 511 2147 Καὶ
529 2078 616 2165 μετὸν
635 2081 734 2146 τοῦτο
756 2082 852 2148 ποιεῖ
872 2073 1038 2148 ἀπόλυσιν
1059 2077 1180 2166 λέγων·

257 2179 358 2268 Δόξα
386 2209 444 2258 σοι
469 2180 608 2282 Χριστὸ
634 2181 654 2257 ὸ
685 2181 772 2268 Θεὸς
795 2181 818 2280 ἡ
845 2182 944 2266 ἐλπὶς
966 2181 1089 2280 ἡμῶν,
1115 2179 1208 2267 δόξα
1234 2205 1302 2257 σοι.

701 2311 739 2384 Ὁ
762 2311 926 2395 διάκονος.

257 2416 371 2508 Δόξα,
405 2417 469 2493 καὶ
500 2425 575 2494 νῦν
605 2417 670 2494 καὶ
703 2417 773 2509 ἀεὶ,
805 2418 869 2494 καὶ
900 2423 952 2503 είς
974 2417 1062 2503 τούς
1086 2422 1229 2503 αἰῶνας
1253 2423 1327 2493 τῶν
1348 2401 1406 2487 m}-

174 2551 264 2599 νων.
301 2516 430 2616 Ἀμήν.
484 2516 597 2619 Κύριε
623 2519 780 2618 ἐλέησον.
832 2521 1003 2595 Δέσποτα
1029 2517 1242 2622 εὐλόγησαν.

214 2651 252 2722 Ὁ
276 2651 382 2739 λερεὸς
401 2657 497 2721 ποιεῖ
517 2653 575 2743 τὴν
597 2650 772 2735 ἀπόλυσιν,
795 2651 881 2722 οάτω
903 2654 1015 2742 λέγων,
1038 2651 1069 2722 εἰ
1089 2651 1150 2738 μέν
1172 2648 1246 2720 ἐστι
1265 2641 1393 2740 κυριακή·

255 2756 298 2833 Ὁ
324 2753 554 2839 ἀνάστας·έκ
578 2765 735 2854 νεκρῶν,
761 2757 924 2853 Χριστὸς
948 2757 968 2832 ὸ
995 2755 1174 2852 ἀληθινὸς
1195 2755 1283 2840 Θεὸς
1305 2761 1411 2829 κτλκ

176 2870 208 2941 εἰ
237 2869 270 2940 δ’
302 2868 357 2939 οὗ·
393 2857 557 2956 Χριστὸς
597 2859 616 2933 ὸ
651 2859 829 2956 ἀληθινὸς
865 2858 952 2943 Θεὸς
983 2859 1093 2954 ἡμῶν
1124 2863 1207 2941 ταῖς
1239 2852 1413 2957 πρεσβείου

175 2968 239 3058 τῆς
282 2956 567 3058 παναχράντου,
615 2962 732 3036 αὐτοῦ
775 2961 913 3059 μητρὸς
955 2968 1022 3035 τοῦ
1065 2963 1107 3035 ἐν
1150 2956 1273 3061 ἁγίοις
1307 2951 1413 3054 πατρὸς

174 3063 283 3159 ἡμῶν
301 3060 481 3149 Ἰωάννου
508 3060 792 3161 ἀρχιεπισκόιιου
818 3058 1223 3146 Κωνσταντινοτιόλεως
1248 3069 1316 3137 τοῦ
1338 3064 1430 3157 Χρν.

177 3162 373 3255 σοστόμου.

253 3294 297 3364 Εἰ
318 3296 357 3364 δὲ
376 3296 521 3362 τελεῖται
542 3291 562 3383 ἦ
585 3294 772 3383 λειτουργία
792 3303 852 3365 τοῦ
873 3295 1018 3385 μεγάλου
1038 3292 1232 3379 Βασιλείου,
1256 3294 1356 3385 λέγει·

258 3397 456 3472 Βασιλείου
495 3398 717 3499 Καισαρείας
749 3400 1016 3485 Καππαδοκίας
1053 3408 1121 3474 τοῦ
1160 3396 1342 3502 μεγάλου,
1375 3387 1415 3469 καί

142 3508 145 3513 ’
174 3496 329 3576 πάντων
360 3507 439 3573 τῶν
473 3497 604 3600 ἁγίων,
639 3502 780 3598 ἐλέησαι
812 3503 910 3599 ἡμᾶς
944 3502 994 3586 (ὸς
1026 3501 1187 3603 ἀγαθὸς,
1220 3500 1285 3577 καὶ
1310 3500 1416 3601 φιλάι·

174 3607 339 3704 Θρωιιος.

247 3704 294 3785 ’Ὁ
325 3714 433 3808 κοεός·
471 3699 599 3798 Ἀμήν·

258 3874 350 3947 XIII·
377 3885 479 3954 Μετὰ
501 3885 539 3954 δὲ
559 3885 618 3975 τὴν
640 3881 804 3954 ἀπόλυσιν
825 3893 935 3978 θυμιᾷ
956 3885 974 3958 ὸ
999 3885 1151 3968 διάκονος
1166 3889 1226 3978 τὴν
1246 3884 1340 3975 ἁγίαν
1351 3875 1413 3968 πρό·

174 3995 282 4056 θεσιν.
310 3982 395 4055 Εἶτα
417 3985 598 4074 ἀπέρχεται
618 3987 675 4054 καὶ
695 3994 807 4080 Θυμιᾷ
827 3989 886 4077 τὴν
908 3987 1004 4077 ἁγίαν
1025 3988 1193 4081 τράπεζαν
1214 3987 1321 4079 κύκλῳ
1339 4007 1414 4054 σται-

175 4090 313 4177 ροειὸῶς
334 4088 436 4175 λέγων
456 4086 533 4156 καθ’
549 4085 683 4156 ἑαυτόν·

258 4348 316 4412 Cap.
334 4347 394 4397 ΧΙΙΙ.
431 4346 456 4395 Ρ.
480 4362 527 4397 non
552 4358 724 4398 commemorat
743 4351 840 4401 Diaconi
859 4353 1007 4401 orationem:
1033 4341 1161 4417 ἒντάφῳ
1180 4347 1238 4399 κτλ.
1274 4351 1300 4402 C.
1323 4338 1413 4425 Smerde·

174 4438 231 4492 tem,
249 4433 327 4495 primo
346 4433 451 4481 Diacono
469 4430 659 4495 benedicentem,
678 4437 713 4484 sic
731 4435 868 4500 loquentem
888 4438 957 4487 facit:
976 4425 1093 4501 ἄγγελος
1110 4434 1216 4504 Κυρίου
1233 4433 1414 4492 συλλεαοερνσ

173 4523 221 4561 σαι
237 4507 306 4583 ἡμῖν
322 4512 369 4562 καὶ
386 4507 568 4565 κατευοδώοει
585 4511 633 4580 τὴν
651 4511 719 4568 ὸὸον
736 4529 787 4568 σου
805 4516 968 4590 ἔμπροσθέν
985 4531 1044 4574 σου.
1062 4514 1188 4586 πάντοτε,
1206 4519 1260 4573 νῦν
1276 4517 1330 4571 κτλ.
1358 4503 1414 4563 ΙΝ·
