3044 4912
663 251 735 325 563

97 443 133 566 ην
157 435 285 536 Ψυχὴν
311 435 428 510 αὑτοῦ
454 433 546 529 ὑπὲρ
571 441 651 508 τῶν
675 430 880 563 προβάτων
899 460 981 525 σου,
1008 435 1149 564 ὁδηγὸν
1164 445 1334 536 τυφλῶν,

97 549 147 627 ῶς
171 547 249 614 τῶν
270 542 311 613 ἐν
330 533 462 625 σκότει,
488 534 731 632 παιδευτὴν’
710 533 923 667 αφρόνων,
932 535 1161 615 διδάσκαλον
1177 539 1334 637 νηπίων,

97 649 244 738 ιοστῆρο
277 643 319 714 ἐν
350 640 496 735 κόσμῳ
529 639 594 712 ἵνα
625 636 850 732 καταρτίσας
881 637 948 722 τὰς
980 639 1105 736 ψυχὰς
1137 640 1205 726 τὰς
1229 645 1342 737 ἐμω,
1435 656 1443 665 ·

97 743 283 825 τευθείσας
315 741 420 837 αὐτῳ
454 738 512 813 ἐπὶ
543 747 608 835 τῆς
639 736 828 869 παρούσης
860 738 955 836 ζωῆς
986 750 1158 839 παραστῇ
1184 771 1239 871 τῳ
1263 740 1335 842 (ip

97 845 156 921 ατί
189 869 258 919 σου
294 839 617 937 ἀκαταισχύνττος,
651 841 714 915 καὶ
745 840 814 917 τὸν
845 841 965 944 μίγαν
989 843 1135 937 μισθὸν
1160 841 1333 943 λήψηται,

97 977 108 1008 ι
132 946 337 1043 ἡτοίμασας
362 950 439 1026 τοῖς
472 941 731 1039 ὰθλήσασιν
709 972 801 1039 υπερ
827 951 896 1017 τοῦ
920 942 1155 1074 κηρύγματος
1179 954 1249 1021 τοῦ
1273 947 1335 1022 εὐ-

97 1049 236 1161 νγελίου
263 1071 343 1120 σου.
397 1044 480 1119 Σὸν
483 1042 577 1174 γοίρ
603 1048 680 1118 ἐστι
704 1044 748 1118 τὸ
774 1048 885 1119 ἐλεεῖν
909 1047 972 1120 καὶ
999 1043 1191 1137 σώζειν,
1172 1077 1192 1121 o
1221 1047 1319 1132 Θεός.

148 1165 218 1232 Καὶ
239 1161 325 1249 μετὰ
351 1160 391 1228 τὸ
421 1145 523 1243 ἇμὴν
556 1156 643 1250 α’ίρει
670 1158 709 1227 τὸ
737 1157 926 1249 εὐαγγέλιον
954 1161 1011 1229 καὶ
1037 1159 1172 1252 τίθησιν
1200 1159 1250 1242 τίς
1274 1163 1333 1253 την

97 1264 161 1335 ’ίαν
188 1262 364 1377 τράπεζαν.
398 1261 469 1330 Καὶ
497 1259 603 1342 οὕτως
629 1258 807 1352 ἐπιτίθησι
826 1289 874 1352 τῳ
858 1265 1161 1387 χειροτονηθέντι
1182 1259 1268 1331 τὸ’
1243 1289 1333 1350 σιμο-

97 1366 195 1456 ίριον,
222 1365 335 1453 λέμου,
353 1351 483 1438 ’Ἀξῑοῶ
514 1360 640 1448 ὁμοίως
659 1389 717 1432 και
706 1359 757 1432 ὅ
778 1363 953 1489 κλῆρος
918 1389 957 1432 το
979 1361 1073 1433 αὐτό.
1081 1369 1101 1446 ¹)

146 1461 232 1536 Εἶτα
252 1466 309 1534 τὸν
329 1465 605 1556 χειροτονηθέντα
626 1461 852 1548 ἀσιτοίζοτοιις
835 1490 853 1532 ο
873 1489 1108 1554 χειροτονησας
1127 1493 1185 1535 και
1175 1464 1240 1535 σί
1261 1468 1332 1535 λοι-

97 1567 128 1638 oi
161 1565 352 1636 ἐπίσκοποι.
398 1564 467 1633 Καὶ
499 1573 558 1655 τῆς
590 1563 757 1657 συνήθους
778 1563 944 1658 εὐφημίας
954 1570 976 1649 ’)
998 1565 1204 1657 τελουμένης,
1237 1563 1333 1658 ἀνέρ-

97 1695 177 1738 υτσι
199 1667 246 1748 εἰς
266 1669 305 1736 τὸ
327 1665 521 1754 σύνθρονον.
548 1667 619 1735 Καὶ
638 1665 863 1755 καθεζόμενος
883 1676 1018 1758 πρῶτος
1038 1664 1057 1737 ὁ
1077 1669 1333 1759 χειροτονηθείς,

97 1768 222 1863 ρηνείει
250 1768 298 1850 εἲς
324 1770 382 1837 τὸν
410 1765 636 1851 ἆπόστολονθ)
664 1769 734 1837 Καὶ
761 1775 895 1859 πρῶτος
922 1776 988 1836 τῶν
1010 1763 1119 1838 τ’ίλλων
1140 1776 1200 1838 τοῦ
1219 1767 1333 1856 τιμίου

97 1872 217 1959 ίματος
243 1870 299 1939 καὶ
328 1872 469 1956 αἵματος
494 1877 554 1939 τοῦ
579 1877 729 1958 Χριστοῦ
754 1868 1013 1957 μεταλαμβάνει.
1055 1867 1173 1951 Αὐτὸς
1199 1872 1256 1939 καὶ
1284 1877 1334 1962 τῷ

98 1970 328 2063 ιρστσνήσαντι
349 1972 406 2041 καὶ
425 1978 497 2051 τοῖς
518 1974 654 2052 λοιποῖς
673 1968 888 2058 μεταδίδωσι.
896 1977 918 2054 ⁴)

149 2233 173 2284 ll
191 2232 348 2282 Nestorianus
367 2238 522 2280 consecrator
540 2230 671 2280 circumdat
690 2230 830 2280 ordinatam
848 2231 960 2294 llaaphra
980 2238 1002 2279 et
1021 2230 1096 2280 induit
1113 2231 1200 2280 Birunt
1219 2238 1242 2281 et
1260 2230 1332 2281 tradit

97 2331 151 2381 pam
172 2318 194 2365 in
215 2330 309 2364 manum
324 2316 374 2364 eius
393 2315 512 2364 dexteram
532 2323 555 2363 et
572 2317 649 2376 signat
667 2329 721 2364 eum
740 2318 817 2365 crucis
835 2317 913 2377 signo,
932 2315 1029 2364 dicens:
1048 2316 1192 2377 Segregatus
1210 2323 1255 2375 est,
1273 2330 1332 2366 san-

97 2406 181 2453 llcatus
200 2408 245 2459 cst,
264 2408 418 2449 consecratus
437 2408 473 2448 est
489 2398 544 2448 talis
563 2400 585 2448 iu
604 2414 665 2463 opus
685 2414 795 2462 magnam
814 2401 968 2465 episcopatus
985 2400 1106 2464 (llalipha)
1124 2400 1171 2449 loci
1190 2399 1217 2450 tt.
1237 2407 1277 2449 aut
1296 2399 1331 2449 ci·

97 2487 150 2546 stis,
169 2494 209 2534 aut
227 2486 345 2534 dioecesis
363 2484 418 2533 talis
437 2493 459 2533 et
477 2487 556 2534 omnis
574 2484 685 2534 dictionis
704 2486 765 2535 eius.
800 2485 826 2535 lu
845 2487 942 2534 nomios
960 2492 1004 2534 etc.

148 2569 175 2631 2)
193 2570 251 2619 Cum
270 2585 282 2619 a
301 2569 366 2619 clero
386 2568 544 2618 acclamatur:
562 2567 601 2623 εἰς
617 2562 705 2617 πολλὰ
722 2564 767 2630 ἔτη
784 2593 816 2604 -
836 2570 865 2619 ad
884 2569 973 2618 maltos
991 2568 1134 2619 auaosCod.
1147 2569 1221 2619 titt.
1240 2585 1265 2633 p.
1274 2567 1332 2619 255.

147 2654 174 2711 3)
191 2654 294 2714 Lectori,
312 2653 414 2717 epistola
433 2653 552 2712 absoluta,
571 2654 615 2702 ait:
635 2643 729 2717 εἰρήνη
746 2663 788 2703 σοι
807 2661 831 2704 et
848 2654 964 2704 ecclesias
984 2653 1111 2703 benedicit.

148 2741 175 2799 t)
193 2740 269 2788 ltitum
281 2737 514 2800 Syro-lacobitarum
533 2739 556 2786 in
569 2738 690 2801 Episcopo
709 2740 874 2789 consecrando
893 2739 1098 2788 communicamus
1116 2737 1201 2788 lectori
1220 2752 1246 2787 ex
1260 2751 1331 2802 prae·

97 2827 199 2876 sissimo
217 2824 301 2873 lloriai
320 2822 382 2871 libro
403 2823 431 2871 te
451 2823 661 2872 ttrutnartonttas:
680 2823 827 2888 „Postquam
847 2823 1043 2874 circumtulerunt
1062 2823 1170 2887 llysteria
1188 2823 1275 2884 dirius,
1294 2822 1334 2872 det

97 2902 202 2960 triarcha¹
224 2908 322 2958 cidarim
342 2907 381 2955 uni
401 2922 427 2955 er
447 2908 576 2971 episcopis,
601 2916 625 2956 et
643 2908 711 2972 ponit
727 2922 779 2957 sam
798 2922 873 2971 anper
891 2917 961 2972 caput
979 2908 1115 2967 ordinandi,
1139 2922 1243 2972 cumque
1261 2922 1331 2957 assu·

97 3003 132 3043 tut
149 2994 197 3042 tluo
216 2994 333 3055 episcopi,
352 3007 413 3040 unus
432 3007 475 3054 per
493 2993 622 3050 dexteram,
648 2991 709 3040 alter
726 3006 770 3054 per
787 2993 919 3050 sinistram,
936 3000 960 3040 et
977 2992 1097 3040 adducunt
1115 3006 1169 3040 eum
1189 3006 1270 3040 coram
1288 3006 1333 3055 pa·

97 3079 179 3129 arcta.
216 3077 284 3126 lubet
307 3084 384 3124 uatem
411 3076 546 3138 patriarcha
564 3088 628 3133 cum,
652 3077 692 3138 qui
710 3075 858 3125 ordinandus
876 3083 921 3134 est,
944 3090 1020 3137 genas
1040 3088 1144 3139 ponera:
1169 3076 1256 3124 deiude
1274 3075 1331 3124 dicit

97 3164 209 3213 ationem.
245 3161 329 3209 Postea
354 3160 447 3216 sedent,
470 3159 614 3222 patriarcha,
638 3160 756 3222 episcopi,
781 3168 803 3209 et
827 3161 906 3208 omnis
931 3159 1018 3208 clerus.
1053 3159 1120 3209 'lanc
1138 3159 1178 3208 dat
1196 3159 1332 3223 patriarcha

97 3247 241 3297 ssessionem
261 3244 335 3304 (tttet)
354 3242 495 3299 ordinando,
514 3243 554 3306 qui
572 3257 673 3304 surgens
692 3243 721 3292 do
740 3244 838 3292 meridie
856 3244 1005 3307 tendensque
1023 3257 1105 3293 sersus
1115 3243 1261 3308 aquilonem,
1280 3258 1332 3294 eam

97 3333 129 3391 tit,
155 3339 179 3379 et
197 3329 358 3379 testimonium
378 3327 487 3391 perhibet
506 3327 535 3376 ds
554 3326 603 3376 illo.
639 3327 668 3376 Et
686 3337 812 3392 postquam
832 3328 898 3389 legit,
922 3328 993 3377 tradit
1011 3343 1063 3377 cam
1081 3329 1231 3392 patriarchae
1250 3344 1332 3380 coram

97 3417 173 3466 iserae
199 3415 393 3476 congregatione,
419 3420 442 3462 et
466 3412 537 3460 ambo
562 3425 637 3473 pertua
657 3412 729 3462 llectit
748 3427 827 3475 coram
847 3412 916 3462 altari
934 3421 1028 3473 sancto,
1052 3415 1167 3463 existente
1185 3421 1241 3464 tunc
1259 3430 1334 3478 super

97 3514 143 3549 tum
169 3500 240 3549 restis
266 3508 289 3547 et
306 3507 405 3546 ornatus
423 3496 567 3546 sacerdotali
585 3496 677 3546 ordine.
713 3498 793 3560 Surgit
811 3506 860 3546 tum
879 3498 1023 3560 patriarcha,
1048 3505 1070 3548 et
1088 3499 1171 3562 incipit
1189 3500 1331 3548 orationem.

112 3584 170 3634 fftcit
187 3583 337 3648 patriarcha:
357 3582 401 3630 Pax
420 3582 495 3641 robis,
515 3582 634 3645 Populus:
653 3582 753 3631 Etcum
772 3581 861 3645 Spiritu
880 3591 930 3630 tuo.
968 3583 1037 3632 Pater
1053 3591 1144 3632 noster.
1179 3582 1208 3631 Et
1226 3597 1287 3632 uuas
1305 3597 1334 3632 ex

97 3671 189 3733 itcopis
207 3668 253 3717 elta
273 3682 328 3716 roce
347 3667 485 3730 pronuntiat
503 3667 657 3730 praeconiam
677 3667 736 3715 hoc:
761 3667 839 3717 Gratia
859 3666 944 3725 (lirina,
963 3681 1024 3729 quae
1042 3666 1136 3716 infirme
1153 3674 1230 3727 sanat,
1249 3675 1273 3717 ct
1289 3666 1333 3716 tle·

97 3754 169 3802 ieratis
194 3752 307 3815 complet,
333 3759 356 3800 ct
379 3751 534 3800 ecclesiarum
560 3765 641 3800 curam
665 3752 734 3812 gerit,
758 3760 825 3800 vocat
842 3759 866 3800 et
883 3757 1008 3814 promovet
1025 3750 1088 3798 hunc
1105 3749 1134 3801 Ν.
1152 3760 1271 3801 amantem
1290 3752 1332 3801 llei

97 3839 241 3901 esbptcrum,
268 3838 307 3901 qui
332 3843 368 3884 est
391 3836 430 3885 hic
454 3837 576 3899 proximus
594 3835 623 3883 ael
642 3836 807 3900 episcopatum
826 3837 876 3893 (aut
894 3834 1109 3898 metropolitatuml
1126 3834 1193 3885 urbis
1209 3837 1248 3895 ll,
1272 3851 1333 3901 quas

97 3923 110 3972 b
135 3930 254 3984 potestate
278 3920 410 3984 apostolica
434 3928 458 3969 et
481 3921 557 3969 dirius
576 3920 714 3969 Antiochiae
738 3919 805 3970 urhis
824 3920 972 3979 benedictae,
997 3920 1098 3969 umentis
1123 3920 1253 3981 Christum,
1278 3927 1332 3970 eta

97 3993 161 4057 cisto
181 4014 281 4065 amatae,
299 4014 323 4054 et
340 4005 482 4068 metropolis
500 4005 599 4053 orientis
618 4006 690 4054 totius
709 4005 844 4054 orthodoxi.
870 4005 998 4054 Precemur
1015 4006 1087 4066 igitur
1102 4019 1195 4066 omnes,
1215 4015 1240 4056 ut
1255 4007 1335 4055 veniat

97 4106 139 4156 per
162 4105 216 4139 eum
241 4089 314 4152 grstia
339 4099 362 4138 ot
386 4090 499 4138 habitatio
523 4090 626 4153 Spiritus
651 4090 734 4139 sancti.
771 4091 799 4139 Et
824 4090 910 4139 elamat
933 4097 969 4138 ter
994 4089 1113 4153 populus:
1138 4091 1206 4153 Κρής
1232 4090 1334 4141 cleison.

97 4176 157 4226 inde
176 4175 248 4224 sumit
266 4174 399 4237 patriercha
419 4175 480 4223 (lona
500 4189 526 4222 er
546 4189 648 4237 corpore
667 4182 690 4222 et
704 4175 829 4236 sanguiue,
848 4188 901 4223 cum
920 4182 977 4223 sant
996 4183 1095 4238 utraque
1113 4177 1136 4223 in
1155 4176 1254 4224 invicem
1273 4189 1333 4224 cou-
1413 4190 1418 4203 ·

96 4268 153 4310 tcta.
182 4260 265 4309 Postea
285 4261 409 4308 revertitur
427 4258 455 4307 ad
475 4273 538 4318 eum,
558 4262 597 4323 qui
617 4258 749 4308 ordinatur.
773 4260 833 4307 Tum
852 4258 999 4320 evangelium
1018 4273 1092 4322 super
1110 4268 1182 4323 caput
1199 4259 1334 4322 ciusaper·

97 4360 114 4395 n
134 4352 216 4395 teneat
233 4345 349 4407 episcopi,
369 4350 487 4408 quotquot
503 4353 567 4394 suat.
587 4344 722 4393 Patriarctta
741 4352 818 4392 autem
838 4345 906 4407 pouit
925 4357 1009 4392 manus
1026 4357 1084 4392 suas
1102 4358 1175 4407 super
1193 4353 1264 4408 caput
1282 4344 1333 4393 eius

97 4430 148 4481 btes
166 4429 327 4491 evangelium:
352 4444 393 4477 eas
412 4437 489 4478 autem
509 4436 601 4490 moret,
626 4428 681 4478 dum
702 4429 809 4492 episcopi
828 4427 940 4477 attollunt
957 4427 1229 4493 evangeliumtlcsuper
1248 4442 1333 4479 manus

97 4514 225 4576 triarchae,
244 4522 267 4565 et
285 4514 422 4579 deprimunt
439 4513 507 4575 illud,
526 4515 620 4579 quoties
638 4521 729 4563 moret:
754 4513 820 4569 oculi
838 4514 890 4563 cius
907 4513 1003 4564 iuterim
1022 4527 1075 4563 cum
1093 4515 1180 4564 timore
1197 4514 1335 4579 suspiciunt
