3044 4912
806 251 879 326 3b8

293 438 324 499 V.
346 434 606 514 Esauqeiium,
626 429 671 498 ad
692 427 993 519 Edayyltsovr)
1036 434 1092 498 llic
1114 434 1215 498 Codex
1237 452 1298 497 nou
1319 435 1469 498 continua·

208 546 270 602 tam
292 538 413 601 exhibet
433 535 619 616 evangelicae
641 536 786 599 historiae
808 538 928 608 seriem,
950 536 1004 599 sed
1021 535 1180 614 Evangelia
1202 535 1233 598 in
1255 544 1354 599 certas
1376 546 1469 617 partes
1501 574 1516 607 a

208 639 255 711 ¹r'ul
276 639 429 704 sectioues
457 639 561 710 divisa,
585 656 659 719 quas
681 637 787 701 Graeci
807 630 973 722 τμήματα,
992 632 1087 723 μέρη,
1108 628 1308 718 suspensuris,
1330 629 1471 721 ἄναγνα·
1515 653 1516 669 ³

207 758 279 817 cete
305 740 467 822 appellant.
509 739 584 801 Nam
612 739 644 800 in
672 740 809 802 orientali
832 739 961 803 ecelesia
982 757 1045 801 nou
1065 738 1163 801 solum
1185 738 1308 818 quaevis
1329 739 1468 801 festivitas
1515 772 1516 777 κ

208 842 262 906 sed
285 841 374 905 etiam
397 840 519 921 quaevis
541 840 615 902 laria
637 857 725 902 suum
745 840 838 903 habet
857 840 1034 921 Apostolum
1055 849 1145 920 atqua
1165 838 1322 920 proprium
1343 839 1468 918 Evange-

208 943 292 1007 limu.
334 942 419 1021 Viget
447 941 662 1022 scripurarum
689 940 781 1003 lectio
810 960 905 1022 eaque
934 959 995 1004 uon
1016 940 1093 1004 adeo
1116 941 1292 1021 interrupta.
1335 939 1469 1020 Exceptis

207 1045 289 1107 anim
317 1042 579 1115 sollemnitatibus,
605 1059 681 1121 quae
709 1041 863 1123 proprium
891 1041 951 1105 sibi
971 1052 1101 1123 poscunt
1121 1041 1322 1119 Evangeiium,
1352 1040 1470 1121 reliquis
1513 1094 1516 1125 ;

207 1147 279 1210 tuni
302 1145 409 1207 diebus
430 1142 631 1223 evangelicam
653 1143 762 1205 seriem
785 1143 839 1221 (uti
855 1142 1010 1225 epistolas)
1033 1143 1073 1205 ita
1088 1143 1318 1223 dispertiuntur,
1339 1153 1375 1205 ut
1387 1142 1468 1207 unius
1513 1142 1516 1207 i

206 1246 291 1327 prius
306 1244 515 1322 Evangelistae
537 1253 650 1306 textum
674 1244 704 1305 iu
726 1236 882 1328 τμήματα
904 1245 1038 1307 diridaut
1059 1245 1216 1306 aldiebus
1237 1243 1402 1324 applicent,
1423 1242 1470 1303 do·
1514 1252 1516 1307 Ξ

207 1364 264 1411 nec
285 1346 385 1420 liniat3
407 1345 599 1426 postmodum
620 1343 743 1407 alterius
766 1345 951 1419 continuant,
977 1346 1075 1407 donec
1097 1345 1197 1407 omnia
1219 1342 1257 1407 ad
1280 1344 1396 1406 exitum
1410 1361 1472 1424 per·

208 1448 347 1515 duxerint
369 1457 400 1515 et
420 1445 527 1508 diebus
559 1445 724 1507 [lominicis
757 1464 775 1507 a
808 1446 957 1526 scriptore
990 1446 1142 1525 Evangelii
1174 1464 1285 1507 nomen
1322 1445 1472 1524 imponant

207 1566 239 1631 p,
253 1551 315 1614 213
331 1565 378 1626 sq.
421 1546 500 1608 Sane
527 1546 630 1606 multis
657 1546 789 1626 placebit
816 1547 891 1609 haec
912 1548 1073 1609 reformata
1095 1547 1228 1610 indoles:
1262 1564 1319 1609 uos
1341 1544 1471 1608 dolemus

210 1648 291 1729 quod
315 1647 392 1729 apud
409 1646 541 1708 Graecos
556 1646 743 1710 desideratur
758 1647 862 1710 intima
878 1657 909 1709 et
922 1649 1047 1728 mystica
1062 1648 1141 1711 inter
1155 1646 1323 1728 Epistolam
1337 1657 1370 1710 et
1383 1647 1471 1709 Eran-

209 1748 317 1828 q'elium
340 1747 542 1820 necessitudo,
564 1747 688 1809 omniuo
710 1750 781 1810 anni
803 1749 1000 1811 ecclesiastici
1023 1768 1078 1828 per
1092 1749 1264 1812 bominicas
1286 1767 1359 1810 suas
1382 1758 1473 1828 etpe-

208 1850 328 1931 ricopas
350 1849 556 1929 significanter
576 1849 717 1929 dispositi
740 1850 814 1912 ordo
840 1859 871 1914 et
890 1850 1072 1931 pulcritudo.

292 1951 339 2013 vl.
374 1950 598 2031 Apostolus,
632 1942 889 2027 Ἀπόσταλος
920 1970 945 2012 s.
976 1943 1257 2033 πραξαπόστολας
1288 1969 1325 2013 ex
1354 1949 1472 2013 Actibus

207 2051 429 2132 Apostolorum,
458 2051 603 2132 Epistolis
625 2052 709 2115 Pauli
732 2062 763 2114 et
784 2051 955 2125 Cadrolicis,
986 2071 1042 2114 nso
1070 2070 1130 2114 uon
1152 2051 1333 2132 Apocalypsi
1356 2068 1474 2131 compo-

209 2153 285 2216 situs
314 2161 371 2216 est.
415 2152 526 2215 Textus
554 2153 585 2214 in
612 2152 715 2233 plures
743 2165 844 2234 partes
874 2153 987 2214 divisus
1010 2163 1040 2214 et
1062 2153 1168 2215 diebus
1190 2152 1318 2230 singulis
1341 2160 1373 2215 et
1395 2151 1474 2214 iestis

208 2254 315 2316 diebus
337 2253 589 2328 accommodatus,
612 2253 653 2315 ita
676 2266 709 2315 ut
730 2254 879 2334 completo
901 2252 1036 2317 iibro'ea
1059 2272 1177 2335 quoque
1200 2253 1301 2315 omnia
1315 2254 1474 2349 tapmiucu·

209 2365 265 2427 tur,
289 2353 422 2433 nihilque
444 2354 474 2414 in
496 2354 536 2416 iis
557 2355 607 2427 sit,
631 2354 710 2435 quod
732 2355 763 2416 in
785 2355 862 2418 libro
885 2373 946 2418 non
973 2356 1117 2418 habeatur
1143 2364 1173 2416 et
1193 2354 1375 2435 quandoque
1391 2354 1475 2416 etiarn

209 2455 256 2517 bis
286 2465 316 2517 et
341 2463 397 2528 ter,
426 2463 460 2516 ut
488 2472 557 2516 sese
578 2454 681 2516 tulerit
702 2457 832 2528 occasio,
854 2457 1024 2537 repetitum.
1066 2458 1122 2518 Est
1143 2457 1217 2518 mihi
1238 2455 1403 2536 Apostolus
1424 2456 1475 2518 ve·

209 2558 299 2619 netiis
328 2555 493 2636 impressus
521 2574 598 2617 anno
624 2558 715 2619 1706.
743 2561 774 2619 4.
804 2559 983 2637 312paqg.:
1011 2550 1226 2634 Ἀπόστολας,
1255 2549 1398 2640 πράξεις
1424 2548 1476 2619 καὶ

208 2652 387 2720 ἐπιστολαὶ
409 2648 462 2717 br’
486 2649 657 2740 ἐκκλησίας
682 2649 760 2718 καθ’
785 2649 922 2740 ἕκαστὴν
942 2653 1178 2743 κηρυττόμεναι
1199 2653 1317 2721 νεωστὶ
1337 2677 1476 2738 μετατα-

208 2757 384 2818 noestam
404 2775 440 2816 τε
460 2751 517 2817 καὶ
539 2752 797 2836 διορθωθεῖσαι.
822 2759 945 2820 Adiecta
968 2771 1014 2820 est
1028 2761 1112 2821 Pauli
1135 2759 1300 2821 sententia:
1322 2751 1342 2843 ἡ
1367 2752 1477 2831 πίστις

208 2849 303 2941 ἡμῶν
331 2847 389 2918 οὐκ
415 2848 452 2918 ἐν
480 2851 586 2943 σοφίᾳ
612 2849 804 2941 ἀνθρώπων
826 2851 896 2922 ἀλλ’
919 2854 954 2923 ἐν
976 2854 1114 2941 δυνάμει
1137 2862 1235 2924 Θεοῦ.
1278 2860 1475 2922 Nouissimam

209 2959 348 3038 paginam
371 2957 484 3019 obtinet
507 2949 632 3044 εἴδησις
652 2956 739 3042 πρὸς
758 2956 816 3024 τὸν
837 2953 1045 3048 ἀναγνώστην
1066 2964 1125 3025 τοῦ
1146 2954 1381 3038 ἆποστόλου.’)

294 3059 355 3120 vti.
386 3050 668 3141 Ἀναγνώσεων
694 3063 809 3124 Liber
838 3064 973 3125 continet
993 3064 1153 3125 Lectiones
1175 3082 1230 3144 per
1252 3073 1346 3124 totum
1371 3078 1475 3124 annum

209 3179 245 3220 ex
268 3171 367 3221 vetere
389 3169 566 3223 testamento
588 3164 769 3226 recitandas.

295 3260 369 3321 Vifl.
405 3260 649 3339 Psalterium,
676 3258 928 3350 Ψαλτήριον,
951 3266 1028 3327 liber
1052 3267 1132 3328 etin
1155 3266 1256 3327 Missis
1279 3275 1309 3326 et
1331 3265 1363 3326 iu
1386 3264 1475 3327 blatu-

210 3361 281 3422 tiuis
304 3359 445 3440 precibus
468 3362 590 3425 omniuo
612 3364 644 3426 in
667 3367 805 3428 omnibus
828 3367 936 3429 officiis
957 3368 1229 3447 frequentissimus,
1251 3377 1404 3446 tamquam
1428 3364 1476 3447 qui

208 3481 330 3543 semper
351 3480 423 3543 prae
444 3463 583 3526 manibus
605 3466 653 3540 sit,
676 3467 746 3530 licet
766 3467 804 3528 ob
826 3469 977 3531 assiduam
1000 3469 1080 3531 illius
1102 3468 1309 3530 recitationem
1332 3489 1349 3531 e
1367 3486 1476 3531 memo-

208 3565 254 3626 ria
286 3567 348 3627 iere
381 3564 480 3627 omnia
512 3565 658 3659 dicantur.
702 3569 866 3631 Numerant
892 3569 996 3631 Graeci
1024 3570 1077 3631 XX
1103 3570 1290 3632 Psalmorum
1319 3571 1477 3633 Sectiones

296 3820 320 3879 ll
345 3821 475 3881 Augusti
502 3819 599 3869 Denlw.
618 3821 654 3869 vt.
678 3838 701 3887 p.
721 3820 786 3872 206:
813 3823 874 3884 „ilia
902 3824 1018 3875 Griechen
1047 3838 1143 3874 nenncn
1169 3824 1207 3874 die
1233 3824 1476 3887 Evangelienbricber,

209 3918 304 3954 uorans
334 3903 374 3954 dia
403 3919 485 3954 sonn-
513 3905 560 3955 uud
588 3906 753 3970 iestttqlichun
781 3907 924 3974 Pericopen,
950 3908 1098 3972 genbhnlicb
1125 3909 1168 3958 mit
1193 3911 1261 3960 einer
1287 3910 1378 3959 lunen
1406 3910 1477 3959 Para·

211 3987 298 4052 phruu
318 3989 366 4037 und
384 3988 518 4052 Erllarung
543 3991 567 4040 iu
586 3992 796 4053 ueuqriechischer
813 3994 920 4059 Sprache
937 3993 1076 4057 vorpeleson
1100 3994 1204 4053 werden,
1226 3995 1407 4057 Spuanaria
1431 3993 1477 4042 aad

209 4073 248 4124 die
271 4074 295 4123 in
313 4073 417 4136 Venediq
439 4075 567 4136 hescrqten
585 4077 709 4138 Ausqaben
734 4078 782 4127 und
798 4078 922 4128 Abdrtrclra
940 4078 1068 4128 desselben
1086 4078 1141 4128 sind
1159 4079 1321 4141 regenwartiq
1338 4079 1361 4129 in
1381 4092 1477 4142 gressu

209 4157 293 4220 ldenqe
316 4157 356 4207 bei
379 4158 425 4208 den
450 4160 616 4221 griechischen
635 4162 745 4212 Christen
769 4163 794 4213 iu
811 4163 984 4213 verder-Asina
1008 4163 1161 4214 rcrbreitet“
1196 4163 1225 4213 At
1248 4177 1291 4213 rex
1308 4156 1478 4229 σνναξάριον

209 4242 372 4304 vulgatissima
389 4244 488 4293 notione
505 4259 552 4295 nou
570 4245 782 4308 Euangelistarium
799 4246 924 4309 siguificat,
941 4247 984 4297 sed
1002 4248 1087 4298 breues
1103 4247 1162 4297 vitas
1179 4248 1333 4308 Sanctorum,
1351 4247 1478 4299 alienatis

209 4334 342 4391 excerptus.

294 4411 319 4472 2)
343 4413 481 4476 Apostolus,
505 4414 544 4478 qui
562 4428 648 4476 graece
665 4415 689 4465 in
707 4414 785 4464 lucem
802 4414 883 4478 prodit
899 4414 1031 4468 Massurius
1051 4417 1116 4469 1563
1134 4426 1157 4469 et
1177 4417 1249 4478 1564,
1274 4418 1368 4481 primus
1388 4418 1478 4468 ilussa·

210 4506 265 4543 rum
283 4495 344 4545 liber
361 4505 399 4546 est
413 4498 474 4560 typis
492 4511 603 4559 excusus,
621 4498 693 4550 hodie
709 4498 857 4549 rarissimus.
1465 4497 1470 4511 ¹
