3044 4912
443 264 474 341 ς’
808 244 863 321 58⁵

128 436 136 467 ³
196 428 261 509 Ιδιδι
285 429 329 507 τὸ
355 431 476 528 ὄνομα
501 438 569 506 τοῦ
594 430 725 527 κυρίου
749 422 962 528 δεηθτῦμεν,
990 430 1128 515 ὅπωςύ
1151 427 1278 529 κύριος
1299 425 1476 529 πραΰνας

195 532 264 610 τύν
288 533 421 628 θυμὸν
446 533 573 608 αὐτῶν
598 529 842 608 διασκεδάσαι
867 533 935 630 τὴν
959 533 1052 607 καθ’
1081 532 1191 629 ἡμῶν
1217 534 1345 636 ὀργήν.
1354 534 1378 631 ¹)

155 708 158 717 ,
268 632 374 733 Ὑπὲρ
397 643 476 710 τιῦν
501 636 570 720 ἔξω
596 635 719 710 όντων
742 635 806 708 καὶ
823 635 1113 731 πεπλανημένων
1129 633 1345 733 δεηθῶμεν,
1372 634 1473 722 ὅπως

97 738 100 743 ’
190 735 218 813 ’ὅ
242 733 369 831 κύριος
394 735 530 820 αὐτοὺς
554 736 766 834 ἐπιστρέψῃ.
1060 746 1063 755 “

276 844 364 916 Τῶν
393 838 537 936 νηπίων
561 846 628 933 τῆς
651 838 842 934 ἐκκλησίας
866 835 1198 934 μνημονεύσωμεν,
1232 837 1332 924 ὅπως
1359 839 1379 915 ὃ
1405 836 1469 915 κύ

196 966 275 1036 ριος
305 938 498 1025 τελειώσας
534 940 631 1015 αὐτὰ
663 942 705 1014 ἐν
730 948 784 1039 τῷ
812 936 923 1039 φόβῳ
950 941 1067 1015 αὐτοῦ
1093 945 1143 1024 ελς
1167 940 1306 1040 μίτραν
1330 940 1470 1039 ἡλικίας

112 1084 125 1111 ι
189 1039 347 1172 Ιάγάγῃ.ὐ
406 1144 418 1171 2
477 1140 487 1170 Ι
704 1151 720 1167 u
820 1141 839 1167 U
949 1139 961 1165 C
1023 1138 1033 1169 Ι
1212 1140 1223 1172 Ι
1301 1143 1312 1171 C
1353 1152 1370 1169 Α·
1457 1145 1467 1173 ἱ

280 1151 372 1241 Υπερ
398 1151 566 1239 αλληλων
591 1140 793 1240 δεηθωμεν
818 1169 917 1224 οπως
941 1172 962 1216 ο
984 1168 1111 1239 κυριος
1131 1167 1270 1243 τηρησῃ
1292 1174 1393 1241 ημας
1409 1173 1468 1220 και

196 1242 340 1349 φυλάξῃ
366 1254 411 1342 τῇ
439 1245 555 1320 αὐτοῦ
577 1242 703 1343 χάριτι
730 1250 779 1326 είς
804 1244 904 1326 τέλος
929 1243 991 1317 καὶ
1017 1242 1171 1341 ῥύσηται
1194 1245 1294 1342 ἡμᾶς
1312 1255 1381 1321 τοῦ
1403 1276 1461 1322 πο

194 1355 312 1445 νηροῦ
344 1347 408 1422 καὶ
439 1343 594 1422 πάντων
625 1352 705 1421 τῶν
737 1342 960 1423 σκανδάλων
991 1354 1070 1421 τῶν
1105 1346 1366 1448 ἐργαζομένων
1402 1349 1469 1446 τὴν

196 1447 360 1541 ἀνομίαν
384 1447 448 1523 καὶ
474 1444 576 1544 σιόση
603 1452 653 1531 ελς
677 1445 747 1544 τὴν
771 1444 967 1545 βασιλείαν
992 1449 1110 1523 αὐτοῦ
1134 1447 1203 1546 ’τὴν
1234 1451 1469 1549 ἐπουράνιον.

268 1548 372 1648 Ὑπὲρ
412 1545 531 1645 πάσης
570 1556 694 1647 ψυχῆς
725 1557 941 1645 χριστιανῆς
972 1548 1182 1647 δεηθῶμεν.
1234 1559 1376 1629 Σῶσον
1408 1551 1471 1628 καὶ

196 1648 409 1748 ἀνάστησον
434 1649 532 1747 ἡμᾶς
557 1650 577 1724 ὃ
603 1649 694 1734 θεὸς
717 1659 772 1748 τῷ
798 1654 884 1724 ἐλέει
911 1675 990 1726 σου.
999 1651 1023 1749 ²)

391 1749 656 1855 Ἐγειραίμεθα.

50 1930 61 1953 ‚
126 1940 132 1949 ι
271 1854 475 1951 Δεηθίντες
506 1859 660 1937 ἐκτενῶς
692 1852 847 1936 ἑαυτούς
875 1852 939 1928 καὶ
964 1851 1143 1948 ἀλλήλους
1167 1861 1220 1952 τῷ
1249 1854 1363 1945 ζῶντι
1388 1860 1471 1957 θεῷ

40 2000 71 2027 ,ι
116 2008 153 2027 ..
191 1954 260 2051 ιδιαὶ
285 1964 353 2031 τοῦ
378 1963 546 2056 Χριστοῦ
573 1957 692 2032 αὐτοῦ
718 1951 999 2055 παραθυίμεθα.

18 2116 21 2125 ·
60 2124 68 2141 ·
122 2154 127 2163 ,
183 2068 186 2073 ¹
236 2106 239 2111 '
270 2076 329 2151 ῙΧ.
360 2086 574 2174 Ἔπευχίσθω
597 2089 635 2158 δὲ
657 2085 676 2157 ό
700 2085 869 2178 ἀρχιερεὺς
888 2088 946 2157 καὶ
966 2086 1105 2178 λεγέτῳ·
1130 2071 1233 2174 κύριε
1258 2075 1473 2176 παντοκρά-

136 2218 162 2275 q,
193 2204 274 2275 τορ,
299 2176 445 2276 ίίψιστε,
473 2177 493 2253 δ
519 2180 561 2253 ἐν
585 2176 743 2276 ὑψηλοῖς
767 2183 964 2263 κατοικῶν,
992 2175 1071 2277 ἀγιε
1098 2179 1139 2251 ἐν
1160 2176 1280 2278 ἀγίοις
1297 2179 1472 2255 ἀναπαυ-

30 2328 40 2359 ε
77 2258 104 2379 ,ι
134 2258 315 2375 ”·-λόμενε,
349 2281 500 2378 άναρχε,
533 2275 716 2376 μόναρχε·
755 2278 775 2352 ὁ
808 2278 872 2353 διά
896 2283 1066 2375 Χριστοῦ
1097 2277 1272 2381 κήρυγμα
1298 2276 1473 2382 γνοίσεως

195 2378 285 2465 δσύς
312 2380 405 2477 ἡμῖν
437 2387 488 2464 εἰς
519 2379 721 2481 ἐπίγνωσιν
753 2387 818 2475 τῆς
851 2387 916 2475 σῆς
949 2376 1058 2476 δόξης
1088 2381 1152 2454 καί
1185 2389 1254 2456 τοῦ
1286 2379 1474 2477 ὀνόματός

194 2506 277 2572 σου,
304 2476 350 2556 οὗ
375 2483 609 2579 ἐφανέρωσεν
632 2480 724 2576 ἡμῖν
745 2485 795 2563 ελς
816 2478 1043 2578 κατάληψιν·
1072 2480 1184 2565 αὐτὸς
1199 2482 1262 2557 καὶ
1279 2491 1352 2559 νῦν
1366 2484 1472 2561 ἔπιδε

43 2638 49 2647 -
87 2630 108 2679 .·
194 2580 246 2659 δι’
284 2583 403 2657 αὐτοῦ
435 2582 494 2656 ἐπὶ
526 2581 569 2656 τὸ
601 2578 777 2677 ποίμνιόν
811 2607 879 2656 σου
905 2590 1036 2658 τοῦτο·
1073 2583 1136 2658 καὶ
1162 2582 1350 2683 λύτρωσαι
1376 2586 1471 2662 αὐτὸ

178 2679 314 2785 Ι,πάσης
347 2683 500 2785 ἀγνοίας
531 2682 594 2758 καὶ
627 2691 791 2780 πονηρᾶς
823 2680 989 2783 πράξεως
1020 2684 1083 2759 καὶ
1109 2684 1175 2769 δὸς
1199 2684 1312 2786 φόβῳ
1339 2691 1471 2787 φοβεῖ-

30 2776 49 2799 ''
92 2830 110 2861 .·
172 2784 292 2873 Ιοὐαί
322 2809 363 2861 σε
395 2785 459 2861 καὶ
490 2782 617 2888 ἀγάπη
653 2787 805 2887 ἀγαπᾷν
831 2811 870 2860 σε
896 2785 959 2860 καὶ
986 2786 1200 2862 στίλλεσθαι
1226 2790 1300 2864 ἀπὸ
1327 2789 1471 2889 προςοί-

129 2888 133 2899 ’
193 2914 268 2962 που
293 2883 402 2984 δόξης
427 2912 513 2965 σου·
541 2887 695 2985 εὐμενὴς
721 2888 848 2972 αὐτοῖς
872 2895 984 2990 γενοῦ
1009 2889 1073 2963 καὶ
1097 2892 1201 2974 ἵλεως
1225 2891 1289 2966 καὶ
1309 2891 1471 2991 ῦπήκοος

281 3163 305 3220 1)
333 3162 396 3213 Luce
422 3163 553 3213 meridiana
578 3162 666 3213 clarius
693 3171 737 3223 εει,
765 3163 808 3212 has
835 3178 921 3227 preces
945 3165 1093 3230 compositas
1110 3180 1165 3214 οεεε
1183 3167 1298 3228 flagrante
1316 3169 1469 3230 persecutio·

193 3259 250 3309 num
270 3246 334 3295 odio.

279 3329 305 3389 2)
323 3330 485 3394 chrysost.
504 3331 592 3380 Homil.
613 3330 628 3380 λ
646 3330 676 3379 de
694 3332 791 3381 obscur.
810 3333 936 3396 ρτορλτει.ι
960 3330 1038 3401 κοινῇ
1054 3323 1156 3387 πάντες
1172 3327 1320 3389 ἀκούοντες
1337 3332 1386 3384 τοῦ
1403 3331 1467 3385 δια-

193 3406 285 3478 κόνου,
303 3412 381 3464 τοῦτο
399 3406 558 3470 κελεύοντος
574 3411 621 3462 καλ
637 3412 773 3479 λέγοντος,
798 3412 944 3483 δεηθιύμεν
961 3410 1031 3483 ὑπὲρ
1049 3414 1097 3466 τοῦ
1115 3408 1270 3466 ἐπισκόπου
1286 3417 1334 3466 καλ
1352 3417 1401 3469 τού
1416 3414 1469 3486 γιῐ-

193 3515 248 3568 ρως
264 3497 311 3549 καλ
327 3501 373 3561 τῆς
389 3490 561 3561 ἀντιλήψεως
577 3495 625 3547 καλ
642 3496 688 3547 ἵνα
705 3493 855 3569 ὐρθοτομῇ,
882 3494 930 3549 τὸν
947 3493 1032 3565 λόγον
1050 3497 1094 3562 τῆς
1111 3493 1243 3563 ἀληθείας
1259 3499 1307 3550 καλ
1325 3495 1395 3569 ὑπὲρ
1415 3504 1468 3553 τάν

194 3579 316 3633 ἐνταῦθα
334 3580 382 3632 καλ
398 3576 469 3651 ὑπὲρ
487 3582 541 3631 τιύν
558 3575 729 3648 ἁπανταχοῦ,
747 3579 780 3633 οὐ
798 3586 976 3648 παρατιεῖσθε
996 3586 1088 3633 ποιεῖν
1106 3578 1134 3634 τὰ
1152 3582 1307 3651 ἐπίταγμα·
1325 3581 1395 3637 ἀλλά
1408 3581 1462 3651 μετ’

193 3664 328 3725 ἐκτενείύς
345 3662 497 3734 ἀναφέρετε
516 3661 564 3727 τὴν
581 3663 673 3732 εὐχὴν,
688 3661 792 3725 εἰδότες
807 3667 851 3732 τῆς
868 3662 1001 3736 ὑμετέρας
1017 3663 1137 3720 συνόδου
1154 3665 1203 3732 τὴν
1219 3664 1356 3738 δύναμιν
1374 3671 1468 3721 ίσαοιν

193 3750 221 3802 ολ
237 3753 413 3819 μεμυημένοι
429 3745 462 3800 τὰ
478 3744 631 3819 λεγόμενα·
649 3751 679 3821 τῇ
695 3745 749 3819 γὰρ
767 3748 833 3821 εὐχῇ
849 3751 904 3801 τοῖν
920 3752 1136 3820 κατηγεομένων
1151 3751 1261 3805 οὐδέπω
1279 3754 1360 3806 τοῦτο
1374 3752 1466 3806 ἐπιτέ-

192 3851 319 3902 τραπται,
336 3830 431 3899 ἐπειδὴ
456 3830 566 3886 οὐδέπω
583 3829 655 3904 πρὸς
671 3833 719 3901 τὴν
736 3834 893 3905 παρρησίαν
909 3833 1042 3903 ἔφθασαν
1059 3830 1173 3900 ταύτην·
1197 3832 1266 3907 ὑμῖν
1283 3836 1315 3889 δὲ
1331 3839 1381 3890 καλ
1398 3833 1468 3905 ὐπέρ

193 3917 238 3982 τῆς
264 3920 425 3987 οἰκουμένης
446 3919 493 3969 καλ
516 3917 586 3989 ὐπέρ
610 3919 655 3985 τῆς
671 3919 823 3985 ἐκκλησίας,
850 3919 897 3969 καλ
913 3921 995 3989 μέχρι
1013 3918 1142 3989 περάτων
1158 3922 1203 3985 τῆς
1219 3923 1270 3990 γῆς
1287 3921 1469 3992 ἐκτεταμένης

190 4001 239 4053 κοιλ
264 3996 334 4068 ὐπλρ
357 4003 412 4053 τῶν
434 3997 613 4057 διοικούντων
637 3998 723 4064 αὐτὴν
746 3996 907 4056 ἐπισκόπων
930 3998 1064 4056 ἀπάντων
1086 3999 1302 4074 παρακελεύεται
1325 4012 1470 4060 ποιεῖσθαι

192 4082 240 4146 τάς
256 4082 363 4151 δεήσεις
380 4082 394 4138 ὐ
413 4083 522 4147 ταύταις
538 4087 678 4141 διακονῶν
694 4088 741 4139 καλ
758 4082 910 4139 ὑπακούετε
928 4084 999 4156 μετά
1022 4093 1183 4159 προθυμίας
1199 4090 1274 4162 ἐργρῖ
1289 4092 1469 4162 μαρτυροῦν-

191 4188 242 4237 τες,
268 4167 309 4223 ότι
331 4165 439 4241 μεγάλη
463 4173 507 4238 τῆς
529 4168 610 4240 εὐχῆς
634 4166 648 4236 ἦ
672 4168 791 4239 δύναμις
808 4173 852 4236 τῆς
869 4169 901 4223 ίν
917 4171 1045 4241 ἐκκλησία
1062 4169 1120 4226 ἀπδ
1139 4177 1188 4227 τοῦ
1204 4171 1295 4245 δήμου
1313 4176 1470 4246 συμιρόνως

193 4250 406 4326 ἀναφερομένης
424 4254 506 4307 ἐστίν.
541 4260 689 4310 Basilius
707 4261 750 4325 Ep.
769 4258 835 4309 241:
854 4285 929 4296 -—
941 4255 1012 4328 ὐπέρ
1031 4262 1084 4310 τῶν
1102 4257 1134 4311 ἐν
1149 4256 1319 4330 ἀποδημίαις
1335 4259 1469 4330 ἀδελητύν

193 4333 317 4405 δεόμεθα
334 4341 382 4391 καὶ
399 4337 469 4409 ὐπέρ
488 4341 542 4391 τῶν
559 4339 590 4392 ἐν
608 4344 667 4401 ταῖς
683 4344 822 4408 στρατιαῖς
839 4340 1040 4412 ἐξεταζομένων
1056 4345 1103 4396 καλ
1119 4339 1189 4414 ὐπέρ
1208 4349 1263 4396 τῶν
1280 4346 1468 4415 παρρησιαζο-

191 4422 286 4490 μένων
304 4420 350 4473 διά
367 4420 396 4474 τὸ
416 4415 506 4493 όνομα
524 4429 621 4495 κυρίου
638 4427 686 4477 καλ
704 4423 772 4495 ὐπέρ
796 4428 850 4477 τοῖν
867 4423 932 4486 τούς
948 4427 1151 4502 πνευματικούς
1167 4422 1291 4497 κάρπους
1308 4429 1468 4484 ἐπιδεικνυ-

189 4506 286 4576 μένων
303 4502 334 4558 ἐν
352 4507 383 4577 τῇ
400 4504 466 4577 ἀγίρ
484 4507 611 4577 ἐκκλησίᾳ
630 4507 677 4570 τὰς
692 4506 775 4580 εὐχὰς
791 4508 959 4584 ποιούμεθα.
