3044 4912
595 1170 820 1262 CAPUT
863 1171 916 1262 V.

336 1376 717 1444 Anoarrrrnrou
740 1379 773 1440 s,
803 1375 1179 1440 cournaronruu.

212 1576 344 1668 Habent
366 1607 470 1669 Graeci
498 1596 707 1668 ἀπόδειπνον
731 1598 827 1686 μέγα,
857 1604 936 1684 qnod
965 1602 1110 1666 adhibent
1132 1613 1269 1685 tempore
1290 1604 1377 1669 ieiunii

123 1717 156 1771 et
182 1698 392 1771 ἀπόδειπνον
417 1701 544 1788 μικρόν,
576 1707 716 1769 usitatum
747 1706 814 1767 aliis
843 1705 950 1767 diebus
979 1705 1134 1767 ferialibus
1157 1716 1248 1786 atqua
1269 1708 1379 1769 festivis.

122 1808 204 1873 Infra
227 1809 332 1872 damus
355 1810 588 1889 completorium
610 1807 719 1880 minus,
743 1807 854 1887 quippe
876 1806 955 1887 quud
978 1824 1034 1887 per
1055 1806 1211 1869 maximam
1235 1809 1304 1873 anni
1324 1826 1380 1891 par-

124 1918 185 1973 tem
206 1909 359 1972 recitatur.

207 2011 328 2073 Modum
355 2010 516 2074 inchoandi
546 2012 675 2073 officium
704 2010 906 2073 enarravimus
934 2027 1025 2091 supra
1052 2027 1150 2089 neque
1180 2020 1227 2072 est
1255 2012 1334 2092 qnod
1357 2012 1380 2072 ia

124 2112 252 2192 singulis
273 2111 358 2175 horis
381 2124 560 2194 repetamus.

209 2214 372 2276 Cantantur
392 2226 463 2295 post
483 2234 590 2295 preces
613 2213 726 2275 exordii
743 2212 852 2274 Psalm.
869 2214 925 2275 51:
948 2203 1084 2297 ἐλέησόν
1104 2231 1147 2291 με
1169 2204 1291 2290 ὄθεός
1311 2206 1382 2277 κατὰ

123 2310 163 2378 τὸ
183 2309 270 2398 μέγα
291 2307 384 2389 ἔλεός
405 2334 477 2379 σου.
519 2317 629 2378 Psatm.
647 2319 702 2379 70:
731 2306 749 2378 ὁ
775 2308 861 2388 Θεὸς
888 2304 937 2387 είς
956 2308 1015 2396 τὴν
1035 2305 1203 2397 βοήθειάν
1222 2334 1289 2396 μου
1310 2306 1382 2397 πρί-

122 2434 207 2495 σχες.
251 2416 361 2478 Psalm.
383 2418 460 2480 143:
493 2410 599 2498 Κύριε
626 2408 817 2490 είςάκουσον
847 2416 906 2499 τῆς
933 2417 1115 2500 προςειχῆς
1134 2435 1211 2496 μου.
1256 2416 1383 2497 Sequitur

123 2516 286 2596 Doxnlugia
319 2508 413 2592 Δόξα
445 2512 479 2578 ἐν
511 2509 669 2602 ὑψίστοις
699 2515 775 2600 Θεῷ
802 2508 851 2591 είς
878 2506 979 2591 δόξαν
1002 2516 1091 2581 Θεοῦ
1117 2511 1259 2601 πατρός.
1292 2508 1382 2601 Ἀμιίν

125 2634 191 2678 eum
214 2617 370 2677 versieulis
393 2638 409 2678 ο
431 2618 560 2678 Psalmis
582 2617 730 2677 delibatis.

209 2717 373 2795 Iunguntur
404 2719 500 2780 Credo
534 2719 716 2791 Nicanuum,
749 2717 934 2795 Trimerum,
970 2711 1126 2802 Παναγία
1146 2712 1244 2801 τριάς
1276 2721 1382 2800 utet.

124 2816 228 2879 Oratio
247 2819 410 2893 flaminica,
435 2819 659 2899 Troparium
684 2819 775 2879 feriae
797 2818 842 2879 vel
865 2821 943 2882 feste
968 2821 1148 2881 conveniens
1173 2832 1203 2881 et
1226 2830 1297 2901 post
1318 2839 1382 2882 non·

125 2919 221 2981 nullas
243 2921 430 3000 Antiphunas
459 2922 534 2981 lraec
564 2920 659 2982 eratin
688 2920 723 2981 ad
747 2920 866 2980 Beatam
889 2921 1049 3000 Virginem,
1079 2941 1094 2983 a
1124 2921 1217 2983 Paulo
1248 2922 1383 2985 monacha

123 3022 276 3083 confecta:
291 3012 447 3098 Ἄσπιλε,
471 3014 642 3103 ἀμόλυντε,
666 3009 812 3105 ἀψθορε,
835 3011 983 3105 ἀχρανιε,
1004 3014 1099 3106 Ἁγνὴ
1114 3020 1286 3103 Παρθένε,
1312 3016 1387 3088 Θεό-

123 3141 232 3206 νυμφε
259 3118 443 3186 Δέσποινα.
484 3116 529 3185 ‘H
555 3119 640 3188 Θεὸν
666 3117 784 3205 Λόγον
811 3123 882 3198 τοῖς
909 3115 1115 3204 ἀνθρώποις,
1144 3127 1184 3209 τῇ
1211 3120 1387 3208 παραδόξῳ

123 3242 184 3284 σου
211 3217 326 3307 κυησει
352 3218 519 3301 ἑνώσασα,
546 3221 604 3287 καί
630 3220 689 3307 την
711 3217 931 3289 ἀπωσθεῖσαν
954 3219 1054 3310 φύσιν
1074 3227 1136 3288 τοῦ
1156 3222 1272 3308 γένους
1293 3220 1387 3312 ἡμῶν,

123 3324 195 3399 τοῖς
222 3317 389 3407 οὐρανίοις
415 3319 605 3411 συνάψασα.
646 3318 692 3387 Ἡ
715 3328 780 3387 τῶν
807 3318 1067 3409 ἀπηλπισμένων
1092 3319 1176 3412 μόνη
1205 3323 1313 3405 ἐλπίς,
1341 3322 1390 3391 καὶ

123 3427 189 3487 τῶν
209 3423 468 3507 πολεμουμένων
488 3421 644 3511 βοήθεια.
673 3420 719 3487 Ἡ
738 3420 853 3512 ἑτοίμη
876 3420 1053 3515 ἀντίληψις
1073 3430 1138 3490 τῶν
1161 3422 1210 3503 είς
1231 3425 1271 3492 σέ
1293 3450 1391 3514 προς-

122 3519 311 3609 τρεχόνιων,
339 3525 395 3591 καί
426 3522 560 3591 πάντων
587 3530 652 3590 τῶν
673 3530 884 3611 Χριστιανῶν
914 3523 953 3591 τὸ
974 3522 1188 3613 καταφώγιον.
1232 3526 1296 3615 Μὴ
1319 3529 1392 3611 βδε-

122 3621 202 3715 λίξη
216 3623 331 3710 μετὸν
346 3621 551 3711 ἁμαρτωλὸν,
573 3624 630 3692 τὸν
645 3624 754 3713 ἐναγῆ,
769 3625 827 3693 τὸν
844 3623 993 3713 αἰσχροῖς
1006 3627 1187 3712 λογισμοῖς,
1203 3627 1261 3695 καὶ
1275 3626 1392 3716 λόγοις,

121 3724 179 3792 καί
204 3723 374 3811 πράξεσιν,
403 3726 482 3794 ὅλον
508 3726 652 3812 ἐμαυτὸν
680 3723 922 3815 ἀχρειώσαντα·
950 3727 1007 3793 καί
1034 3735 1073 3816 τῇ
1100 3734 1165 3794 τῶν
1187 3725 1316 3817 ἡδονῶν
1337 3736 1393 3796 τοῦ

121 3824 199 3911 βίου
221 3825 384 3919 ῥᾳθυμία,
407 3828 517 3919 γνώμη
541 3830 660 3897 δοῦλον
681 3826 862 3915 γενόμενον.
890 3824 978 3897 Ἀλλ)
1001 3825 1047 3908 ώς
1066 3835 1127 3895 τοῦ
1148 3829 1394 3919 φιλανθρώπου

127 3931 214 3995 Θεοῦ
235 3926 369 4020 Μήτηρ,
394 3927 647 4019 φιλανθρώπως
668 3927 933 4018 σπλαγχνίσθητι
954 3926 1008 3997 ἐπ’
1032 3929 1107 4013 έμοὶ
1128 3938 1175 4019 τῷ
1199 3928 1393 4021 ἁμαρτωλῷ,

123 4029 180 4097 καί
207 4026 334 4119 ἀσώτῳ,
364 4031 421 4098 καί
449 4031 543 4112 δέξαι
569 4057 634 4117 μου
655 4031 714 4120 τὴν
737 4031 772 4099 ἐκ
793 4038 950 4120 ῥυπαρῶν
970 4030 1105 4113 χειλέων
1125 4034 1395 4124 προςψερομένην

123 4155 180 4197 σοι
201 4131 323 4221 δέησιν.
366 4132 437 4199 Καί
457 4132 515 4200 τὸν
536 4132 597 4201 σὸν
622 4130 710 4214 Υίὸν,
732 4134 789 4201 καί
810 4129 902 4221 ἡμῶν
923 4130 1100 4223 Δεσπότην
1120 4132 1178 4201 καί
1198 4132 1337 4221 Κύριον,
1358 4141 1396 4224 τῇ

122 4240 262 4323 μητρυιῇ
289 4257 349 4301 σου
376 4232 546 4325 παρῥησίηι
571 4234 730 4322 χρωμένη,
760 4231 971 4322 δυςώπησον,
998 4235 1053 4302 ἵνα
1082 4233 1196 4325 ἀνοίξῃ
1224 4231 1328 4327 κάμοί
1355 4236 1396 4303 τὰ

124 4332 353 4422 φιλάνθρωπα
380 4334 551 4422 σπλάγχνα
577 4343 636 4424 τῆς
664 4331 766 4402 αὐτοῦ
794 4330 1014 4425 ἀγαθότητος.
1060 4334 1128 4404 Καὶ
1156 4335 1312 4423 παριδών
1331 4362 1395 4423 μου

124 4431 167 4501 τὰ
189 4431 401 4527 ἀναρίθμητα
422 4436 628 4523 πταίσματα,
657 4435 846 4528 έπιστρέψη
867 4463 910 4522 με
930 4438 1018 4527 πρὸς
1037 4436 1225 4524 μετάνοιαν,
1255 4438 1396 4507 καὶτῶν
