3044 4912
658 284 730 359 363

605 461 658 533 Ἐκ
688 489 789 545 ωνως.

145 565 219 641 Καὶ
245 565 355 650 δὸς
334 572 426 664 ημῖν
451 570 491 642 ἐν
518 566 573 642 ἑνὶ
561 463 867 658 στόίιὰτι,
805 570 868 644 καὶ
894 577 962 668 μιᾷ
988 570 1145 702 καρδίρι
1151 548 1332 667 δοξάζειν,

97 669 121 743 ιλ
149 669 332 765 άνυμνεῒν
356 668 399 743 τὸ
426 666 611 795 πάντιμον
636 669 700 744 καὶ
725 670 1044 800 μεγαλοπρεπες”
1023 671 1145 770 ονομὰ
1171 700 1240 752 σου
1266 686 1333 753 τοῦ

97 770 217 898 πρὸς,
247 769 310 845 καὶ
346 778 413 846 τοῦ
448 771 547 860 υἱοῦ,
583 770 646 846 καὶ
681 779 750 847 τοῦ
761 770 888 898 ἁγίου
914 769 1135 872 πνεύματος,
1173 786 1245 854 νῦν
1270 778 1333 853 καὶ

97 872 128 962 ἱ,
155 870 295 956 καλεῖς
320 872 405 956 τοὺς
432 878 572 957 αἰῶνας
596 880 675 947 τῶν
701 869 861 950 αλυίνων.

594 1034 645 1106 Ἕκ
675 1065 720 1106 ων
741 1062 804 1107 σι.

144 1141 255 1214 Καὶ’
243 1147 344 1214 εσται
370 1139 416 1214 τὰ
443 1140 520 1237 ἁλίη
546 1149 613 1216 τοῦ
595 1009 804 1269 δεγοίλσὰι
824 1147 929 1234 θεοῦ,
954 1143 1019 1220 καὶ
1044 1124 1207 1242 σωτῆρος
1222 1145 1331 1244 ήμῶν

97 1250 175 1336 ησσῦ
200 1248 368 1339 Χριστοῦ
392 1242 485 1338 μετὰ
512 1239 666 1318 πάντων
690 1243 808 1342 ήμῶν.

146 1446 283 1519 XXXII.
316 1454 354 1524 Ὁ
377 1455 529 1538 διάκονος
551 1459 661 1546 λαβὼν
682 1461 798 1550 καιρὸν
819 1462 914 1551 παρὰ
935 1465 996 1531 τοῦ
1018 1460 1141 1553 ἱερέως,
1163 1464 1219 1533 καί
1241 1464 1330 1548 ἐξελ-

97 1586 143 1642 ον,
166 1561 223 1627 καὶ
244 1560 325 1638 στὰς
344 1559 379 1627 ἐν
400 1564 448 1648 τῷ
469 1558 610 1651 συνήθει
629 1559 735 1652 τύπῳ,
757 1562 862 1651 λέγει·

144 1660 313 1738 Πάντων
339 1671 416 1738 τιῦν
442 1661 562 1762 ἁγίων
586 1663 922 1762 μνημονεύσαντες,
957 1669 1010 1744 ε’τι
1034 1669 1098 1744 καὶ
1123 1670 1188 1758 ἐτι,
1214 1672 1255 1744 ἐν
1280 1675 1332 1745 εί-

97 1761 154 1893 ήνη
180 1773 248 1840 τοῦ
274 1764 416 1890 Κυρίου
443 1763 651 1861 δεηθιῦμεν.

138 1865 264 1964 ’Υπὲρ
289 1875 381 1941 τῶν
407 1869 865 1963 προςκομισθίντων,
892 1898 970 1944 και
996 1867 1330 1972 ἁγιασθίντων

97 1967 229 2062 μίων
255 1965 440 2065 διύρων,
466 1999 547 2044 του
529 1969 744 2067 Κυρίου
770 1969 1046 2098 δεηθιῦμεν.

133 2069 325 2153 Ὅπως
307 2101 326 2143 ο
353 2067 692 2168 φιλάνθρωπος
719 2071 871 2158 θεὸς
849 2080 1001 2200 ημῶν,
1028 2102 1048 2147 ο
1034 2070 1330 2170 “τιροςδεξά-

97 2200 198 2255 ενος
235 2171 350 2246 αὐτὰ
387 2177 452 2255 εἰς
476 2172 526 2246 τὸ
553 2171 708 2301 ἅγιον,
744 2172 822 2249 καί
846 2171 1216 2303 ἁπερουράνιον,
1251 2177 1330 2251 καὶ

97 2272 226 2371 οερὸν
270 2273 415 2348 αὐτοῦ
437 2273 808 2401 θυσιαστήριον
843 2275 959 2359 εἰς’
943 2274 1092 2370 οσμὴν
1128 2275 1331 2363 εὐωδίας

97 2383 399 2503 νευματικης,
428 2374 819 2505 ἀντικαταπεμηιη
845 2376 957 2475 ἡμῖν
982 2375 1064 2474 τήν
1090 2376 1230 2453 θείαν
1252 2375 1330 2475 χά-

97 2504 154 2565 ιν,
192 2475 270 2551 καὶ
304 2476 398 2575 τήν
413 2475 593 2573 δωρεὰν
617 2486 700 2553 τοῦ
727 2478 865 2580 ἁγίου
891 2475 1188 2575 πνεύματως,
1225 2478 1330 2577 δεη-

99 2586 223 2672 ῶιιεν
251 2581 364 2673 (elem
380 2581 436 2654 16.
464 2582 612 2676 ΙαιΗΒΊ)

139 2677 263 2778 ’Υπὲρ
301 2688 382 2754 τοῦ
408 2679 689 2778 ῥυσθήναιε
668 2688 787 2809 ημᾶς
813 2681 900 2756 ἀπὸ
927 2678 1073 2777 πάσης
1098 2681 1328 2781 θλίψεως,

97 2788 218 2906 ργῆς,
256 2778 485 2857 κινδύνου
520 2783 597 2857 καὶ
630 2780 854 2885 ἀνάγκης,
890 2791 973 2859 τοῦ
1010 2783 1189 2883 Κυρίου
1225 2783 1330 2882 διη-

98 2891 222 2979 ιῦμεν
250 2885 323 2978 (Iac.
346 2887 415 2981 12).

511 3013 549 3083 ‘0
571 3013 677 3103 ίερεῦς
697 3014 881 3100 ἐπεύχεται.

143 3118 219 3193 Σοὶ
244 3118 627 3216 παρακατατιθέμεθα
652 3119 721 3216 τήν
747 3118 846 3246 ζωήν
863 3118 973 3215 ήμιῦν
991 3118 1155 3206 ἅπασαν,
1182 3117 1244 3191 καὶ
1260 3117 1330 3212 τὴν

97 3219 204 3309 πίδα,
241 3220 399 3295 δέσποτα
437 3218 696 3318 φιλάνθρωπα,
731 3220 794 3295 καί
819 3227 1120 3316 παρακαλοῦμεν,
1157 3247 1221 3293 και
1208 3216 1329 3292 δεύ-

97 3325 162 3397 ,θα
173 3378 187 3411 ,
228 3350 290 3396 και
325 3320 549 3418 ἱκετεύομεν
593 3319 880 3406 καταξίωσον
859 3331 957 3444 ημᾶς
992 3322 1216 3418 μεταλαβεῖν
1250 3328 1329 3396 τῶν

97 3424 293 3520 ῑσυρανίων
329 3448 411 3512 σου,
446 3424 508 3499 καὶ
535 3430 703 3520 φρικτῶν
727 3424 943 3550 μυστηρίων
969 3419 1105 3520 ταύτης
1140 3452 1203 3517 της
1227 3422 1328 3518 ἱερᾶς

97 3527 121 3599 ιὶ
158 3554 407 3651 πνευματικης
448 3523 649 3620 τραπέζης,
691 3523 784 3619 μετὰ
819 3527 995 3622 καθαροῦ
1031 3521 1242 3606 συνειδότος
1277 3527 1328 3606 είς

97 3650 197 3719 ρεσιν
222 3626 428 3724 ἁμαρτιῶν,
456 3633 505 3711 εἷς
532 3622 767 3727 συγχώρησιν
785 3621 1120 3752 πληαμεληιιάιων,
1147 3628 1197 3706 είς
1216 3618 1328 3698 πνεύ-

97 3757 177 3810 ιτος
202 3726 312 3828 ἁγίου
337 3727 550 3817 κοινωνίαν,
577 3731 626 3810 εὶς
650 3723 839 3824 βασιλείας
865 3727 1037 3826 οὐρανῶν
1063 3723 1326 3821 κληρονομίαν,

97 3859 108 3913 3
143 3830 350 3927 παρρησίαν
386 3830 454 3926 τήν
488 3829 579 3928 πρὸς
614 3828 675 3918 σε,
718 3828 768 3925 μὴ
805 3833 854 3911 εἰς
889 3833 1023 3928 κρῖμα,
1067 3826 1090 3924 ἢ
1127 3832 1176 3910 είς
1210 3827 1326 3901 κατά-

97 3960 186 4027 ιιμα.

97 4112 364 4122 -a—..—-———-----

145 4204 204 4267 Cap.
222 4202 310 4253 xxxu.
346 4203 372 4253 C.
392 4211 447 4267 post
466 4203 598 4252 orationem
618 4190 862 4266 nodam-616
880 4193 965 4258 οὕτως
982 4199 1072 4268 θυμιᾷ
1089 4192 1121 4247 τά
1140 4194 1205 4265 ἅγια
1223 4194 1326 4262 λέγων·

97 4278 166 4335 ιιίσω
184 4297 214 4335 σε
233 4278 247 4335 6
269 4280 338 4341 Θεός
354 4302 416 4348 μου,
435 4279 457 4332 ὤ
474 4283 586 4348 βασιλεῦ
602 4300 659 4353 μου
676 4283 724 4334 καλ
740 4277 879 4352 εὐλογήσω
896 4279 926 4334 τὸ
943 4276 1031 4347 ὄνομά
1049 4295 1100 4333 σου
1116 4282 1157 4339 εἰς
1172 4277 1220 4331 τῦν
1238 4278 1326 4329 αἰῶνα

97 4367 107 4417 ῦ
124 4366 232 4424 αἰῶνος.
257 4370 321 4436 τρίς.
353 4362 498 4432 Ὑψιίθητι
521 4365 569 4418 ἐπὶ
585 4362 647 4426 τούς
664 4361 798 4436 οὐρανούς
815 4360 829 4418 6
851 4362 918 4424 Θεὸς
934 4366 981 4417 καλ
998 4365 1046 4417 ἐπὶ
1062 4365 1158 4416 πᾶσαν
1174 4363 1222 4428 τήν
1239 4356 1324 4431 γήνή

97 4452 197 4510 fanon.
216 4453 280 4521 ιρις.
316 4451 373 4502 Καὶ
390 4447 405 4502 ὁ
423 4443 550 4509 διάκονος
567 4444 713 4519 λκφιίνως·
731 4446 906 4522 πρόσχωμεν.
927 4444 957 4501 ‘0
973 4443 1062 4518 ἱερεύς
1076 4443 1158 4517 ὑψῶν
1175 4443 1223 4499 τὸν
1239 4443 1325 4518 ἄρτον

97 4551 147 4596 ιιι·
167 4533 198 4586 τὰ
216 4526 284 4602 ἅγια
302 4539 358 4594 τοῖς
375 4530 472 4605 ἁγίοις.
504 4531 534 4588 Ὁ
550 4530 650 4607 ἱερεύς·
667 4529 755 4607 Κύριε
773 4528 788 4590 6
805 4533 836 4588 τὸ
853 4531 992 4605 πανάγιον
1008 4533 1066 4588 κτλ..
1085 4536 1113 4589 C.
1133 4561 1163 4575 -
1179 4559 1214 4572 -
