3044 4912
710 257 785 332 523

115 437 302 538 συνάψας,
337 438 401 514 καί
426 440 465 524 ἐξ
491 437 608 514 αὐτοῦ
632 438 720 523 τοῦς
745 434 893 514 δυόδεκα
919 435 1148 536 πατριάρχας
1174 437 1382 532 ἀναδείξας,

117 539 136 615 ὸ
159 541 228 618 τὸν
248 540 385 640 Ἰωσὴφ
410 540 473 614 καὶ
497 538 567 638 τήν
585 538 750 615 Ἀσυνὸθ
775 537 964 631 συζεύξας,
996 539 1141 640 καρπὸν
1165 539 1384 641 παιδοποιή-

117 667 182 728 σας
218 643 345 726 αὐτοῖς
369 641 437 717 τὸν
455 640 618 741 Ἐφραίμ
642 640 706 717 καὶ
731 639 798 716 τὸν
823 640 1041 738 Μανασσήν
1062 640 1325 739 χαρισάμενος,
1363 643 1383 719 ὸ

116 744 180 821 τὸν
206 741 404 842 Ζαχαρίαν
429 741 493 817 καὶ
516 742 586 840 τήν
599 740 791 841 Ἓλισάβετ
811 739 1112 841 προςδεξάμενος,
1137 742 1200 818 καὶ
1222 742 1384 845 πρόδρο-

115 872 189 941 μον
213 844 283 920 τὸν
306 841 419 920 τόκον
444 844 571 928 αὐτοῖς
596 843 804 930 ἀναδείξας.
843 844 887 922 Ὁ
911 848 951 919 ἐκ
975 853 1040 942 τῆς
1063 843 1163 941 ῥίζης
1180 846 1324 922 Ἰεσσαὸ
1338 848 1382 922 τὸ

113 947 210 1022 κατά
238 943 360 1043 σάρκα
384 943 598 1044 βλαστήσας
622 945 691 1043 τήν
718 943 985 1046 ἀειπάρθενον,
1010 946 1074 1021 καὶ
1094 950 1134 1033 ἐξ
1154 946 1270 1045 αῦτῆς
1290 972 1383 1045 σαρ-

109 1047 251 1132 κωθεῖς
272 1047 337 1122 καὶ
358 1047 516 1143 τεχθεὶς,
533 1051 584 1131 ελς
605 1046 792 1146 σωτηρίαν
812 1057 881 1123 τοῦ
902 1049 1033 1150 γένους
1051 1057 1131 1123 τῶν
1152 1044 1382 1147 ἀνθρώπων.

106 1144 149 1229 ’0
186 1149 251 1226 διὰ
283 1149 351 1246 τὴν
385 1145 583 1247 ἀφραστόν
615 1172 684 1225 σου
717 1148 865 1247 δωρεάν
895 1149 959 1224 καὶ
991 1148 1129 1247 πολλήν
1161 1147 1383 1252 ἀγαθότητα

106 1246 416 1353 παραγενόμενος
439 1253 481 1325 ἐν
496 1256 605 1346 Κανηῖ
630 1259 695 1347 τῆς
710 1250 922 1339 Γαλιλαίας,
947 1249 1011 1325 καὶ
1035 1249 1103 1326 τὸν
1125 1255 1236 1327 ἐκεῖσε
1258 1249 1384 1354 γάμον

106 1349 328 1454 εὐλογήσας,
353 1352 417 1426 ἵνα
444 1350 676 1449 φανεριόσης,
703 1351 760 1426 ότι
786 1352 855 1428 σὸν
879 1350 1027 1449 θέλημά
1052 1356 1154 1428 ἐστιν
1179 1352 1201 1450 ή
1227 1355 1384 1449 ἔννομος

106 1452 274 1556 συζυγία
299 1450 410 1549 καὶὴ
436 1455 476 1537 ἐξ
500 1453 614 1550 αὐτῆς
639 1451 867 1529 παιδοποιία.
900 1453 1036 1542 Αὐτὸς,
1061 1453 1235 1542 δέσποτα,
1261 1450 1384 1530 πανά-

106 1583 182 1656 γιε,
215 1550 407 1652 πρόςδεξαι
440 1552 510 1650 τὴν
535 1553 661 1651 δέησιν
684 1554 794 1652 ήμιῦν
817 1564 897 1631 τῶν
921 1557 1055 1632 ἱκετῶν
1080 1580 1162 1646 σου,
1195 1554 1246 1640 ὥς
1271 1558 1384 1631 ἐκεῖσε

106 1656 176 1731 καὶ
197 1658 368 1731 ἐνταῦθα
388 1653 688 1756 παραγενόμενος
709 1665 755 1752 τῇ
777 1654 927 1754 ἀοράτῳ
949 1681 1018 1732 σου
1040 1657 1250 1756 ἐπιστασίᾳ·
1279 1654 1384 1733 εῦλό-

106 1782 232 1860 γησον
255 1755 324 1833 τὸν
347 1753 474 1858 γάμον
491 1765 627 1832 τοῦτον
644 1757 708 1833 καὶ
724 1756 921 1855 παράσχου
940 1765 1017 1841 τοῖς
1038 1756 1185 1842 δούλοις
1206 1784 1276 1834 σου
1296 1755 1384 1834 τού-

106 1887 202 1949 τοις,
235 1867 290 1955 τῷ
317 1856 423 1945 δεῖνι,
456 1857 520 1932 καὶ
545 1867 591 1954 τῇ
617 1856 724 1947 δεῖνι,
752 1858 851 1956 ζωήν
876 1858 1074 1955 εἰρηνικήν,
1106 1860 1384 1959 μακροημέρευ-

106 1986 188 2050 σιν,
216 1955 478 2059 σωφροσύνην,
499 1958 568 2055 τὴν
589 1963 640 2043 εῖς
661 1957 838 2057 ἀλλήλους
859 1956 1021 2063 ἀγάπην,
1047 1963 1089 2035 ἐν
1111 1969 1165 2059 τῷ
1184 1959 1383 2059 συνδέσμῳ

106 2070 177 2159 τῆς
201 2058 358 2157 ελρήνης,
392 2059 537 2157 σπέρμα
562 2058 785 2161 μακρόβιον,
816 2059 886 2159 τήν
910 2062 969 2135 ἐπὶ
994 2061 1133 2146 τέκνοις
1155 2059 1282 2159 χάριν,
1315 2061 1384 2138 τὸν

109 2160 373 2259 ἀμαράντινον
407 2170 472 2259 τῆς
507 2158 616 2258 δόξης
651 2163 848 2261 στέφανον.
893 2161 1070 2247 Ἀξίωσον
1110 2163 1247 2248 αὐτοῦς
1288 2161 1384 2239 ἰδεῖν

108 2268 224 2340 τέκνα
245 2263 401 2339 τέκνων·
429 2263 498 2361 τήν
522 2264 649 2360 κοίτην
671 2265 800 2340 αῦτοῖν
817 2261 1129 2362 ἀνεπιβούλευτον
1145 2261 1381 2362 διατήρησον.

109 2366 189 2441 Καὶ
222 2365 288 2450 δὸς
321 2366 447 2448 αὐτοῖς
479 2365 553 2439 ἀπὸ
578 2374 643 2462 τῆς
668 2363 809 2461 δρόσου
833 2375 901 2441 τοῦ
927 2367 1093 2463 οὐρανοῦ
1120 2368 1287 2456 ἀνωθεν,
1319 2365 1384 2441 καὶ

112 2467 188 2542 ἀπὸ
214 2476 279 2557 τῆς
303 2464 472 2563 πιότητος
496 2475 561 2563 τῆς
585 2475 662 2569 γῆς.
680 2469 891 2564 Ἔμπλησον
916 2466 1002 2552 τοὺς
1027 2472 1150 2552 οἴκους
1173 2468 1302 2543 αὸτιῦν
1319 2466 1384 2547 σι’-

110 2597 195 2656 του,
232 2573 336 2644 οἴνου
368 2569 431 2642 καί
468 2568 593 2643 ἐλαίου
628 2569 691 2643 καὶ
716 2565 835 2666 πόσης
861 2567 1116 2672 ἀγαθοσύνης,
1140 2572 1205 2645 ἵνα
1230 2568 1384 2665 μεταδι-

111 2669 209 2747 διῦσι
234 2669 297 2745 καὶ
322 2677 399 2753 τοῖς
419 2669 551 2766 χρείαν
577 2672 713 2765 έχουσι,
740 2668 979 2768 δωρούμενος
1002 2672 1081 2768 ἅμα
1103 2671 1265 2757 καὶτοῖς
1288 2698 1384 2768 συμ-

112 2780 275 2869 παροῦσι
299 2768 422 2847 πάντα
448 2772 494 2845 τὰ
521 2771 612 2872 πρὸς
637 2771 825 2873 σωτηρίαν
851 2770 1047 2870 αἰτήματα.

185 2906 269 2983 Ὅτι
302 2904 389 2990 Θεὸς
416 2906 549 2997 ἐλέους,
576 2911 778 3003 οἰκτιρμῶν
802 2907 866 2982 καὶ
887 2906 1176 3005 φιλανθρωπίας
1196 2903 1383 3007 ὑπάρχεις,

112 3008 175 3083 καὶ
211 3008 269 3083 σοῖ
302 3007 370 3103 τὴν
403 3005 520 3092 δόξαν
545 3007 824 3103 ἀναπέμπομεν,
859 3008 932 3083 σῦν
956 3016 1010 3105 τῷ
1037 3006 1190 3106 ἀνάρχῳ
1217 3034 1286 3083 σου
1312 3036 1384 3081 πα-

112 3110 185 3206 τρὶ,
211 3110 275 3184 καὶ
299 3117 353 3207 τῷ
375 3109 548 3211 παναγίῳ
569 3109 632 3182 καὶ
654 3110 793 3211 ἀγαθῷ
815 3110 878 3184 καὶ
901 3107 1070 3206 ζωοποιῷ
1093 3133 1162 3184 σου
1185 3105 1382 3205 πνεύματι,

113 3219 186 3287 νῦν
212 3210 275 3285 καὶ
302 3211 371 3300 ἀεὶ,
397 3211 460 3284 καὶ
486 3214 536 3293 εὶς
560 3209 647 3294 τοὸς
672 3214 813 3294 αλιῦνας
837 3218 916 3285 ταῖν
942 3206 1102 3286 αλιόνων.

195 3323 235 3393 ‘0
260 3323 369 3414 χορός.
411 3309 536 3407 Ἀμήν.

196 3424 235 3494 Ὁ
257 3424 418 3507 διάκονος.
474 3419 549 3487 Τοῦ
574 3410 718 3511 Κυρίου
743 3410 953 3509 δεηθῶμεν.

525 3561 596 3629 Καὶ
617 3557 636 3629 ό
659 3557 765 3648 ἱερεὺς
784 3561 843 3650 τήν
865 3557 970 3651 εῦχήν.

198 3664 406 3767 Εὐλογητὸς
432 3663 476 3753 εἶ,
501 3662 628 3763 Κύριε,
654 3663 673 3740 ὁ
703 3663 791 3749 Θεὸς
816 3663 937 3760 ήμῶν,
973 3663 993 3739 ὸ
1018 3671 1087 3739 τοῦ
1111 3671 1295 3759 μυστικοῦ
1319 3663 1383 3738 καὶ

113 3764 304 3867 ἀχράντου
329 3764 454 3869 γάμου
479 3764 682 3869 ἱερουργὸς,
706 3766 859 3842 καὶτοῦ
883 3773 1098 3860 σωματικοῦ
1121 3766 1340 3861 νομοθέτης,
1362 3764 1382 3838 ὸ

112 3878 177 3967 τῆς
194 3869 416 3965 ἀφθαρσίας
435 3864 569 3964 φύλαξ,
594 3875 673 3943 τῶν
693 3869 883 3965 βιωτικῶν
905 3868 1054 3969 ἀγαθὸς
1070 3862 1274 3961 οἰκονόμος.
1303 3865 1384 3941 Λῦ-

111 3970 175 4055 τὸς
199 3971 263 4045 καὶ
288 3979 373 4059 νῦν,
399 3967 573 4058 δέσποτα,
600 3968 620 4043 ὸ
647 3972 688 4045 ἐν
710 3970 807 4066 ἀρχῇ
826 3965 968 4053 πλάσας
983 3968 1051 4044 τὸν
1070 3970 1290 4068 ἀνθρωπον,
1315 3967 1379 4042 καὶ

112 4073 273 4170 θέμενος
298 4071 414 4147 αῦτὸν
441 4070 491 4154 (ῦς
510 4071 665 4167 βασιλέα
688 4079 752 4168 τῆς
772 4070 934 4160 κτίσεως,
960 4071 1023 4144 καὶ
1046 4069 1173 4160 ελπιὸν,
1201 4069 1246 4145 οὐ
1267 4069 1384 4144 καλὸν

113 4173 209 4252 εἶναι
242 4173 309 4249 τὸν
341 4174 550 4272 ἄνθρωπον
581 4170 702 4267 μόνον
734 4172 793 4246 ἐπὶ
825 4181 889 4267 τῆς
920 4180 999 4273 γῆς,
1033 4179 1245 4268 ποιησῶμεν
1278 4170 1383 4268 αὐτῷ

112 4274 265 4375 βοηθὸν
296 4276 378 4349 κατ’
410 4273 543 4350 αὐτόν·
581 4274 644 4348 καὶ
677 4272 808 4367 λαβιὸν
832 4274 926 4367 μίαν
951 4281 1029 4348 τιῦν
1054 4282 1225 4369 πλευραῖν
1251 4272 1382 4361 αὐτοῦ,

112 4379 274 4461 ἔπλασας
298 4383 472 4478 γυναῖκα,
496 4377 543 4472 ἣν
569 4375 664 4451 λδιὸν
683 4374 804 4470 Ἀδὰμ
829 4374 914 4449 εἷπε.
946 4381 1064 4451 Τοῦτο
1090 4383 1161 4450 νῦν
1184 4375 1321 4449 ὀστοῦν
1342 4377 1384 4448 ἀι

111 4489 191 4557 τιῦν
218 4480 341 4554 ἀστῶν
365 4507 453 4576 μου,
479 4477 542 4553 καὶ
569 4477 664 4580 σὰρξ
686 4480 727 4552 ἐκ
752 4485 815 4576 τῆς
841 4474 977 4579 σαρκός
1000 4504 1089 4576 μου,
1122 4476 1216 4575 αῦτη
1240 4473 1382 4575 κληθή-
