3044 4912
579 246 582 251 ’
663 278 736 353 οτι

105 457 199 531 ἀτιον
220 456 383 551 σωτηρίου
404 459 462 529 καί
480 466 603 543 χιτῶνα
624 454 828 549 εύφροσύνης
848 459 1031 547 περιέβαλέ
1049 483 1102 546 με.
1128 455 1184 540 Ὡς
1204 456 1336 552 νυμφίῳ

105 562 249 652 ιριέθηκέ
268 586 330 647 μοι
349 559 469 649 μίτραν
489 560 546 629 καί
567 558 613 642 ὡς
632 558 764 651 νύμφην
783 557 1008 651 κατεκόσμησέ
1026 586 1070 646 με
1091 560 1224 649 κόσμον.

147 660 202 733 Αἱ
224 663 262 731 δέ
283 659 387 747 εύχαί,
409 655 450 742 ἀς
470 662 561 750 λέγει
580 659 600 730 6
623 660 738 753 ἱερεύς,
761 659 846 731 είσίν
866 652 977 731 αὗται.

492 836 563 900 Τοῦ
584 828 712 920 Κυρίου
734 833 918 922 όεηθῶμεν.

149 964 256 1052 Κύριε
281 963 299 1035 6
324 954 410 1045 Θεὸς
434 962 539 1055 ήμῶν,
568 964 586 1033 6
614 966 737 1048 πιστὸς
762 966 798 1034 ἐν
825 970 900 1046 ταῖς
926 962 1166 1054 παραγγελίαις
1192 990 1252 1035 σου
1279 968 1336 1037 καὶ

105 1069 314 1157 ιεταμέλητος
336 1068 370 1136 ἐν
390 1075 461 1147 τοῖς
481 1066 663 1155 χαρίσμασί
683 1092 743 1135 σου
764 1066 821 1135 καί
843 1060 974 1156 ἀφατος
988 1067 1023 1135 ἐν
1037 1074 1076 1157 τῇ
1091 1067 1336 1160 φιλανθρωπίᾳ

106 1189 143 1236 υ·
166 1166 185 1237 6
207 1169 350 1249 καλέσας
369 1169 409 1237 τό
430 1166 569 1255 πλάσμα
591 1193 652 1237 σου
673 1166 788 1258 κλήσει
809 1164 889 1259 άγίη
909 1167 966 1236 καί
988 1164 1118 1256 ἀγαγὼν
1138 1169 1196 1237 τόν
1218 1168 1338 1238 δοῦλόν

106 1296 125 1337 υ
147 1267 197 1349 είς
217 1268 277 1358 τήν
296 1268 521 1359 πνευματικήν
541 1294 603 1338 σου
626 1267 725 1359 ζωήν·
755 1268 827 1350 Δός
848 1266 937 1359 αύτῷ
958 1266 1034 1354 βίον
1055 1266 1250 1359 εὐσχήμονα,
1271 1296 1338 1339 πο-

105 1368 193 1439 τείαν
214 1370 367 1460 ἐνάρετον
387 1371 444 1440 καί
466 1369 726 1459 ἀκατάγνωστον,
747 1372 803 1439 ἵνα
825 1370 860 1438 ἐν
880 1368 1034 1460 άγιασμή
1055 1369 1338 1459 πολιτευσάμενος

105 1472 212 1541 ΙΙπιλον
233 1468 425 1564 όιατηρήσῃ,
447 1470 531 1561 όπερ
552 1479 593 1563 τῇ
615 1472 754 1560 δυνάμει
774 1496 835 1540 σου
858 1470 1034 1542 ἐνεδύσατο
1056 1480 1174 1563 οχήμα.
1207 1478 1262 1563 Τῷ
1276 1474 1338 1560 μὲν

105 1580 180 1641 τῶνι
206 1573 266 1661 τήν
295 1573 505 1667 δικαιοσύνην
533 1571 772 1660 ἀμπεχόμενος,
796 1580 837 1664 τῇ
859 1573 897 1642 δέ
919 1572 1002 1666 ζώνῃ
1023 1573 1083 1664 τήν
1103 1575 1258 1664 νέκρωσιν
1278 1583 1338 1643 τοῦ

105 1670 221 1763 ίματος
241 1673 298 1743 καί
318 1674 378 1764 τήν
398 1674 613 1767 σωφροσύνην
635 1676 670 1744 ἐν
692 1672 799 1761 ἑαυτῷ
821 1676 1024 1765 περιφέρων,
1046 1680 1093 1767 τῷ
1108 1676 1338 1768 δέκουκουλίην

105 1801 124 1844 ν
137 1774 405 1864 περικεφαλαίαν
417 1784 478 1846 τοῦ
492 1775 655 1867 σωτηρίου
671 1777 825 1863 θέμενος,
847 1779 895 1866 τῷ
911 1776 948 1845 δέ
963 1774 1130 1868 ἀναλάβῳ,
1144 1782 1192 1867 τῷ
1206 1782 1339 1869 σταυρῷ

105 1880 122 1947 ί
143 1884 183 1968 τῇ
204 1875 319 1945 πίστει
338 1875 658 1965 κατακοσμούμενος,
686 1880 734 1966 τῷ
756 1876 794 1945 δέ
814 1876 1031 1966 περιβολαίῳ,
1060 1878 1180 1967 στολήν
1200 1876 1339 1970 ἀφθαρ-

105 2005 143 2060 ας
164 1977 447 2066 θωρακιζόμενος·
474 1984 547 2061 τοῖς
568 1980 606 2048 δὲ
628 1977 829 2060 σανδαλίοις,
858 1980 913 2046 ίνα
934 1976 1038 2071 ἐπιβῇ
1058 1987 1098 2069 τῇ
1120 1976 1189 2069 ὁδῷ
1210 1987 1269 2071 τῆς
1290 1980 1340 2051 εί-

105 2104 165 2173 νης
190 2081 246 2149 καὶ
272 2087 330 2169 τῆς
358 2078 537 2171 σωτηρίας,
566 2078 661 2161 ὅπως
687 2080 820 2172 γένηται
848 2080 994 2173 φοβερός
1020 2086 1092 2162 τοῖς
1117 2079 1338 2167 ὑπεναντίοις,

105 2180 238 2261 άλωτος
264 2188 336 2262 τοῖς
363 2180 557 2268 πολεμίοις,
586 2180 697 2272 πάσης
722 2180 844 2272 ἡδονῆς
871 2182 927 2251 καί
955 2180 1123 2273 αίσχίστης
1151 2182 1339 2269 ἐπιθυμίας

105 2280 251 2373 λότριος.
277 2280 445 2373 Ὺπακοήν
465 2282 718 2370 παιδευόμενος,
742 2283 932 2371 ἐγκράτειαν
951 2282 1197 2373 μετερχόμενος,
1218 2290 1265 2374 τῷ
1280 2292 1339 2375 τής

105 2380 235 2475 κήσεως
255 2392 394 2467 οτοιχῶν
415 2383 538 2466 κανόνι,
559 2386 614 2455 ἵνα
636 2385 671 2454 ἐν
685 2388 837 2477 ψαλμοῖς
850 2384 906 2453 καί
921 2384 1036 2471 ύμνοις
1048 2386 1105 2454 καί
1119 2382 1225 2477 ρίδαίς
1238 2411 1340 2455 πνευ-

105 2492 222 2565 πικαῖς
247 2484 381 2576 γεραίρῃ
409 2486 448 2554 τὸ
475 2484 642 2573 πάντιμον
672 2486 731 2557 καί
754 2487 1011 2576 μεγαλοπρεπές
1037 2482 1144 2573 όνομά
1173 2511 1245 2571 σου,
1268 2494 1341 2569 τοῖς

105 2611 170 2655 νεσι
193 2588 452 2655 κατακολουθῶν
481 2595 541 2656 τοῦ
566 2584 712 2674 μεγάλου
738 2586 916 2680 προφήτου
936 2584 1053 2657 Ἠλιοῦ
1078 2588 1136 2657 καί
1162 2595 1223 2657 τοῦ
1243 2585 1338 2677 άγίου

105 2685 215 2757 ιάννου
235 2693 296 2755 τοῦ
316 2685 518 2776 Προδρόμυυ
539 2690 595 2758 καὶ
617 2695 823 2774 Βαπτιστοῦ,
851 2688 908 2759 ίνα
929 2687 1070 2781 φθάσας
1088 2690 1127 2759 τὸ
1146 2690 1268 2781 μέτρον
1281 2699 1341 2783 τῆς

105 2787 273 2878 λειότητος
294 2790 350 2858 τόν
373 2789 496 2877 δρόμου
518 2791 644 2883 τελέσῃ,
665 2793 724 2882 τήν
745 2790 860 2862 πίστιν
882 2790 1005 2883 τηρήσῃ
1020 2792 1078 2862 καὶ
1092 2791 1268 2885 ἐνδύσηται
1281 2793 1341 2883 τήν

105 2898 133 2959 ἰν
153 2888 297 2979 ἀγγέλων
326 2886 523 2981 ἀφθαρσίαν
549 2894 606 2962 καί
627 2902 868 2985 συναριθμηθῇ
887 2901 928 2985 τῇ
950 2891 1030 2986 άγίηι
1051 2918 1112 2962 σου
1134 2894 1260 2985 ποίμνῃ
1283 2895 1341 2965 καί

105 3000 147 3083 χῃ
168 2998 227 3081 τῆς
247 2990 283 3061 ἐκ
305 2994 422 3073 δεξιῶν
443 3017 504 3061 σου
526 2992 770 3083 παραστάσεως
790 2996 847 3062 καί
868 2990 991 3087 ἀκούσῃ
1014 3001 1073 3085 τῆς
1084 2994 1251 3081 μακαρίας
1266 3020 1340 3085 φω-

105 3104 138 3175 ς·
160 3097 266 3161 Δεῦτε
288 3090 321 3160 οἱ
344 3090 555 3181 εύλογημένοι
576 3102 636 3162 τοῦ
657 3094 786 3179 πατρός
798 3121 873 3180 μου,
894 3091 1161 3183 κληρονομήσατε
1174 3095 1233 3179 τὴν
1247 3094 1340 3185 ήτοι-

105 3196 237 3285 ισμέιην
256 3192 333 3280 ύμῖν
353 3194 526 3279 βασιλείαν
548 3194 619 3264 ἀπό
640 3198 827 3284 καταβολῆς
846 3193 982 3282 κόσμου,
1012 3186 1052 3285 ἧς
1078 3196 1135 3264 καί
1156 3192 1244 3285 ἡμᾶς
1263 3200 1341 3287 κλη-

105 3295 232 3383 Ινόμους
257 3298 416 3384 γενέσθαι
444 3293 587 3377 ἀξίωσον
614 3294 632 3365 6
665 3297 750 3376 Θεὸς
777 3302 817 3387 τῇ
845 3302 886 3387 σῇ
915 3292 1112 3387 ἀγαθότητι.
1147 3296 1226 3365 ’Ότι
1254 3300 1341 3380 Θεὸς

105 3400 194 3479 έους,
224 3394 401 3484 οἶκτιρμῶν
427 3397 483 3465 καί
512 3395 773 3488 φιλανθρωπίας
801 3395 961 3484 ὑπάρχεις
987 3399 1045 3468 καὶ
1071 3398 1128 3468 σοί
1154 3400 1213 3490 τήν
1240 3400 1341 3481 δόξαν

105 3501 322 3585 ἀπέμπομεν,
344 3502 390 3587 τῷ
412 3499 515 3585 πατρὶ
536 3500 660 3587 καὶτῷ
682 3497 744 3586 υίῷ
763 3498 822 3567 καί
841 3503 889 3588 τῷ
912 3497 995 3591 ἁγίῳ
1016 3498 1192 3586 πνεύματι,
1214 3509 1270 3568 νῦν
1282 3502 1340 3569 καί

105 3604 132 3685 τ’,
155 3602 212 3670 καὶ
234 3599 282 3680 εἰς
302 3600 380 3681 τοὺς
401 3599 525 3681 αίῶυας
544 3607 610 3668 τῶν
631 3599 770 3669 αίιόνων.
809 3597 925 3690 Ἀμήν.

153 3701 275 3793 Εἰρήνη
297 3710 394 3771 πᾶσι.

151 3800 189 3871 ‘0
210 3802 387 3884 Διύκονος.
434 3803 503 3882 Τὰς
522 3800 672 3892 κεφαλὰς
692 3799 784 3888 ύμῶν
804 3806 851 3891 τῷ
874 3799 988 3891 Κυρίῳ
1008 3799 1150 3871 κλίνατε.

153 3906 259 3992 Κύριε
287 3903 305 3973 6
330 3906 415 3984 Θεός
441 3902 549 3993 ἡμῶν,
576 3900 727 3992 εῖςάγαγε
754 3905 812 3971 τὸν
839 3902 958 3972 δοῦλόν
980 3926 1041 3972 σου
1071 3901 1189 3986 (τόνδε)
1212 3902 1261 3984 είς
1280 3904 1340 3993 τήν

105 4005 294 4096 νευματικήν
322 4030 382 4075 σου
410 4003 512 4096 αὐλήν
538 4006 595 4075 καὶ
615 4001 926 4095 συγκαταρίθμησον
947 4000 1049 4073 αότδν
1069 4009 1116 4094 τῷ
1138 4007 1257 4095 λογικῷ
1278 4028 1339 4074 σου

105 4104 226 4197 ιιμνίιμ.
270 4106 435 4195 Κάθαρον
463 4104 566 4176 αὐτοῦ
591 4107 630 4175 τὸ
659 4103 815 4198 φρόνημα
842 4103 911 4174 ἀπό
939 4112 1006 4173 τῶν
1033 4113 1194 4193 σαρκικῶν
1215 4106 1340 4176 ἐπιθυ-

109 4216 156 4277 ῶν
175 4210 232 4278 καὶ
252 4217 311 4299 τῆς
331 4216 425 4298 κενῆς
447 4206 578 4299 ἀπάτης
598 4214 658 4276 τοῦ
677 4206 756 4293 βίου
776 4206 913 4277 τούτου·
934 4208 991 4276 καὶ
1014 4207 1072 4286 δός
1086 4205 1175 4297 αύτῷ
1190 4204 1340 4277 ἀδιαλεί-

105 4336 164 4390 ιως
189 4310 404 4401 μνημονεύειν
431 4318 498 4378 τῶν
525 4308 755 4396 ἀποκειμέκων
782 4308 921 4399 ἀγαθῶν
948 4316 1019 4388 τοῖς
1048 4307 1204 4396 ἀγαπῶσί
1223 4333 1261 4377 σε
1282 4310 1339 4378 καὶ

105 4411 300 4499 ἀυριόσαοιν
321 4411 460 4491 έαυτοδς
480 4416 526 4500 τῷ
547 4411 622 4502 βίην,
650 4412 708 4480 διὰ
728 4412 788 4501 τήν
808 4410 982 4498 βασιλείαν
1003 4435 1075 4479 σου.
1116 4412 1163 4477 Σύ
1184 4410 1246 4499 γὰρ
1268 4407 1300 4481 εἶ
1319 4410 1338 4482 6

105 4512 198 4602 τιμήν
217 4514 275 4583 καί
295 4512 480 4595 ἐπίσκοπος
499 4520 565 4582 τῶν
586 4520 703 4607 ψυχῶν
722 4510 815 4603 ἡμῶν
833 4513 892 4583 καί
912 4513 968 4582 σοὶ
987 4512 1048 4603 τήν
1067 4509 1168 4593 δόξαν
1188 4509 1340 4602 ἀναπέμ-

106 4620 145 4672 lv.
1102 4620 1136 4671 44
