3044 4912
819 132 871 253 do

206 457 211 463 Ι
282 371 342 445 IV·
375 379 446 472 Ἐφ’
470 378 597 470 ἑκάστην
620 379 657 448 δὲ
677 375 814 459 τούτων,
837 369 883 445 ὧν
904 373 923 445 ὸ
947 370 1100 455 διάκονος
1113 378 1316 464 προςφωνεῖ,
1338 369 1481 462 ῶςπρο-
1514 394 1519 465 3

203 483 357 572 είπομεν,
386 486 507 572 λεγέτω
529 478 548 550 ὸ
570 479 666 560 λαός·
691 463 806 562 Κύριε
831 464 979 562 iliacos
1005 476 1063 546 καὶ
1089 476 1157 564 πρὸ
1179 474 1314 544 πάντων
1334 472 1380 544 τὸ
1400 501 1481 545 παι-
1511 528 1516 564 ,

208 585 276 657 δίο.
284 593 305 669 ¹)
348 583 539 654 Κλινόντων
560 584 598 652 δὲ
620 578 728 650 αῦτῶν
749 581 810 661 τὰς
830 579 990 670 κεφαλὰς,
1013 574 1188 667 εὐλογείτω
1210 574 1481 666 αῦτοὸςὸχειρο-
1514 637 1518 645 ,

206 687 362 779 τσνηθεὸς
383 684 569 765 ἐπίσκοπος
591 680 743 772 εὐλογίαν
763 680 915 752 τοιάνδε·
937 666 980 743 Ὁ
1008 666 1097 750 Θεὸς
1113 665 1133 740 ὃ
1151 662 1436 765 παλτθλίρᾶτωρ,
1461 663 1479 740 ὅ

175 778 181 785 '
208 778 407 879 ἀγέννητὸς
430 773 494 849 καὶ
520 769 726 869 δπρόςιτος,
753 770 773 846 ὸ
799 767 915 863 μόνος
935 769 1116 864 ἀληθινὸς
1140 767 1239 857 Θεὸς,
1267 767 1287 843 ὸ
1313 767 1401 852 Θεὸς
1419 766 1480 845 ae'ol

207 877 327 974 πατήρ
362 883 431 950 τοῦ
456 880 625 971 Χριστοῦ
659 898 728 948 σου
760 881 829 947 τοῦ
861 878 1088 999 μονογενοῦς
1113 870 1199 944 υἱοῦ
1227 894 1308 959 σου,
1347 869 1368 945 ὃ
1397 867 1480 956 Θεὸς
1515 949 1522 954 ,

206 988 274 1055 τοῦ
304 973 556 1075 παρακλήτου,
589 974 654 1050 καί
684 982 763 1051 τῶν
790 974 888 1048 ὅλων
911 1001 1054 1070 κυριος·
1091 971 1111 1046 ὸ
1138 969 1202 1046 διὸ
1228 977 1400 1069 Χριστοῦ
1425 969 1478 1047 δι-

207 1077 416 1162 δασκάλους
440 1077 528 1162 τοὺς
552 1076 728 1174 μαθητὰς
753 1072 950 1172 ἐπιστήσας
976 1073 1067 1169 πρὸς
1092 1070 1265 1170 μάθησιν
1288 1081 1356 1169 τῆς
1380 1072 1478 1148 εῦσε·
1504 1048 1518 1127 ί

206 1182 327 1281 βείας·
363 1179 474 1263 αὐτὸς
498 1179 562 1253 καὶ
588 1187 660 1254 νῦν
685 1178 785 1252 ἔπιδε
811 1176 870 1252 ἐπὶ
892 1177 979 1260 τοὺς
1003 1172 1161 1259 δούλους
1187 1199 1268 1265 σου,
1302 1175 1392 1259 τοὺς
1415 1203 1478 1250 κα-

207 1283 457 1381 τηχουμένους
481 1280 524 1355 τὸ
550 1281 764 1382 εὐαγγέλιον
788 1288 857 1354 τοῦ
871 1284 1041 1375 Χριστοῦ
1067 1302 1153 1351 σου·
1179 1276 1242 1352 καὶ
1269 1275 1335 1360 δὸς
1358 1277 1479 1361 αὐτοῖς

206 1384 369 1482 καρδίαν
393 1382 539 1478 καινὴν,
570 1382 634 1456 καὶ
659 1389 807 1477 πνεῦμα
833 1378 943 1463 endis
968 1377 1180 1482 έγκαίνισον
1205 1382 1247 1454 ἐν
1271 1383 1349 1462 τοῖς
1375 1375 1480 1481 ε’γκοί-
1511 1450 1514 1485 3

207 1515 284 1569 τοις
317 1485 457 1572 αὐτῶν,
490 1481 582 1580 πρὸς
614 1482 656 1557 τὸ
690 1481 826 1557 εἰδέναι
851 1481 915 1556 καὶ
940 1487 1058 1556 ποιεῖν
1083 1480 1126 1555 τὸ
1152 1477 1300 1578 θέλημά
1327 1504 1410 1570 σου,
1443 1482 1480 1556 ἐν

207 1585 345 1682 καρδίᾳ
379 1584 504 1682 πλήρει
536 1584 600 1659 καὶ
632 1593 734 1684 ψυχῇ
768 1579 951 1679 θελούσῃ·
985 1581 1217 1667 καταξίωσον
1250 1581 1389 1666 αὐτοὺς
1421 1589 1480 1679 τῆς

206 1687 319 1791 ἁγίας
350 1683 531 1783 μυήσεως,
564 1684 628 1760 καὶ
663 1687 805 1762 ίνωσον
840 1683 976 1769 αῦτοὸς
1008 1692 1054 1780 τῇ
1089 1683 1179 1786 ἁγίᾳ
1205 1708 1273 1759 σου
1300 1681 1480 1781 ἐκκλησίᾳ,

208 1790 272 1865 καί
303 1785 482 1884 μετόχους
514 1787 670 1884 ποίησον
695 1795 775 1862 τῶν
800 1788 919 1862 Θείων
943 1785 1174 1884 μυστηρίων,
1211 1785 1275 1862 διὸ
1301 1790 1480 1883 Χριστοῦ,

208 1899 275 1988 τῆς
298 1888 443 1974 ἐλπίδος
467 1889 589 1987 ήμῶν,
615 1897 683 1965 τοῦ
709 1887 801 1986 ὑπέρ
829 1890 957 1964 αὐτῶν
977 1884 1256 1972 ἀποθανόντος·
1285 1886 1336 1962 δι’
1360 1881 1406 1962 οὗ
1427 1912 1482 1962 σοι

209 1992 303 2078 δόξα
341 1991 404 2066 καὶ
446 1992 488 2067 τὸ
523 1986 654 2091 σέβας,
694 1995 736 2067 ἐν
768 1991 864 2094 ἁγίῳ
899 1986 1094 2084 πνεύματι,
1130 1994 1180 2073 είς
1211 1989 1299 2075 τοῦς
1332 1994 1481 2089 αἰῶνας.
1503 1988 1517 2099 ..ἶ

209 2092 353 2193 nutas)
1470 2116 1513 2203 '··.}

298 2335 322 2394 ll
340 2332 541 2385 cotelerius:
560 2333 618 2393 „Vel
638 2332 707 2397 pueri
726 2347 819 2392 omnes,
838 2330 1040 2395 quemadmodum
1060 2331 1123 2396 apud
1142 2330 1264 2391 Basiliam,
1283 2329 1388 2380 llomilia
1407 2330 1431 2380 in
1449 2331 1483 2379 la-

207 2435 273 2472 mem
293 2427 317 2469 at
334 2419 465 2467 siccitatem
484 2418 589 2480 itemquo
607 2416 805 2478 chrysostomum
824 2414 956 2465 llomil.'l²
975 2417 998 2466 in
1008 2414 1160 2475 Multandum,
1178 2414 1213 2463 val
1232 2415 1300 2479 pueri
1318 2429 1402 2464 sacrae
1420 2427 1484 2478 sym·

203 2504 326 2573 plonius,
343 2503 373 2552 da
392 2503 479 2564 quibus
498 2500 565 2549 multi
584 2499 726 2555 docuerunt.
744 2500 832 2563 quique
851 2500 874 2548 in
892 2499 993 2548 Euchol.
1003 2500 1074 2551 Gonni
1093 2516 1116 2564 p.
1128 2499 1176 2550 359
1195 2499 1346 2564 appellantur
1362 2494 1487 2565 ὀρφανοί

209 2588 297 2653 procul
316 2585 389 2635 dubio
409 2584 472 2648 qiiod
491 2598 504 2631 ε
514 2583 613 2646 pupillis
623 2591 646 2633 ct
659 2583 778 2633 destitutis
788 2584 905 2633 ccclesias
916 2585 1068 2647 eleemosyna
1079 2584 1239 2646 indigentibus
1251 2584 1339 2633 assumi
1349 2581 1485 2633 solerent“

213 2671 309 2720 Placent
326 2669 395 2733 posui
414 2668 498 2717 musici
516 2668 685 2728 augustio:
705 2682 748 2729 ago
767 2682 831 2728 acro,
850 2683 904 2717 cum
923 2669 1057 2730 refragetur
1075 2669 1140 2718 illius
1157 2669 1208 2717 acui
1226 2668 1369 2733 simplicitas
1383 2684 1412 2718 ac
1425 2669 1484 2719 inira

212 2756 321 2804 hortetur
339 2753 457 2801 lliaconus
484 2759 581 2811 matres,
608 2759 634 2800 ut
660 2761 785 2801 assumant
802 2745 834 2800 τὸ
857 2747 965 2814 παιδία,
991 2753 1071 2802 malim
1096 2753 1230 2814 intelligam
1254 2752 1367 2817 parvulos
1390 2753 1484 2803 bissem

211 2838 277 2889 illam
297 2836 425 2885 formulam
445 2835 551 2885 edoctos.
576 2835 634 2884 llam
654 2836 784 2900 plurimum
803 2836 864 2886 ualet
882 2852 962 2886 corani
976 2837 1024 2886 lico
1043 2838 1205 2886 innocentium
1225 2837 1379 2901 paruulorum
1399 2837 1486 2901 depra-

209 2923 283 2973 catio.
318 2921 447 2970 Nobiscum
467 2921 523 2970 lacit
542 2920 756 2983 chrysostom.
777 2921 864 2970 llounil.
883 2921 915 2970 72
941 2923 963 2972 in
983 2922 1077 2971 ilatio:
1103 2914 1119 2983 ἡ
1143 2913 1258 2986 πρώτη
1286 2917 1379 2984 δέησις
1396 2916 1487 2976 ἐλέους

211 3005 300 3074 γέμει,
325 2999 392 3054 ὅταν
418 2998 488 3070 ὸπέρ
506 3001 561 3053 τῶν
578 3000 789 3071 ἐνεργουμένων
807 3004 1021 3071 παρακαλῶμεν,
1048 3003 1096 3054 καλ
1113 3000 1128 3067 ἡ
1148 3001 1294 3072 δευτέρα
1313 2994 1400 3053 πόλιν
1416 2997 1485 3069 ὑπὲρ

211 3085 311 3153 ἐτέρων
331 3085 385 3136 τῶν
401 3083 433 3136 ἐν
450 3089 593 3153 μετανοίᾳ,
621 3082 692 3137 πολὺ
711 3081 739 3137 τὸ
757 3086 832 3144 ἔλεος
849 3085 1024 3151 ἐπιζητοῦσα·
1052 3086 1099 3138 καὶ
1117 3081 1133 3150 ἡ
1152 3090 1248 3154 τρίτη
1265 3084 1297 3138 δὲ
1314 3081 1402 3138 πόλιν
1418 3083 1487 3156 ὑπὲρ

211 3163 292 3240 ἡμῶν
317 3167 409 3220 αὐτῶν
431 3169 479 3220 καλ
502 3165 569 3235 αὕτη
593 3167 631 3221 τὸ
656 3168 782 3221 παιδία
800 3172 849 3221 τοῦ
865 3165 956 3239 δήμου
974 3168 1168 3240 προμαλλήται,
1193 3168 1241 3223 τὸν
1258 3166 1327 3224 θεὸν
1345 3170 1394 3224 ἐπὶ
1410 3169 1488 3225 ἔλεον

208 3255 437 3327 παρακαλοῦντα·
457 3248 552 3318 ἐπειδὴ
569 3250 623 3321 γὰρ
641 3246 719 3306 αὸτολ
736 3247 950 3325 κατεγνώκαμεν
967 3254 1073 3307 ἑαυτῶν
1090 3249 1272 3327 ἁμαρτήματα
1286 3250 1358 3322 ὸπέρ
1368 3253 1487 3324 μέντῶν

211 3335 299 3390 πολλὰ
317 3333 514 3408 ἡμαρτηκότων
532 3339 578 3388 καλ
596 3336 763 3405 ἐγκληῦηναι
781 3332 950 3406 δηειλόντων
967 3336 1047 3391 αὐτοὶ
1062 3339 1186 3409 βοῶμεν·
1205 3334 1275 3409 ῦπέρ
1293 3338 1324 3392 δέ
1342 3337 1423 3408 ἡμῶν
1434 3337 1488 3391 οὐ·

210 3422 267 3473 τῶν
293 3422 319 3473 αἱ
345 3419 451 3487 παῖδες,
478 3408 518 3472 τὸν
542 3423 588 3484 τῆς
609 3415 761 3485 ἁπλότητος
785 3417 847 3480 τοῦς
864 3419 1012 3488 ζηλωτὰςή
1036 3425 1161 3490 βασιλεία
1180 3424 1235 3474 τῶν
1252 3419 1383 3494 οὸρανῶν
1398 3427 1486 3494 μένει.

211 3509 344 3572 Ιοιελίίςεε,
362 3510 644 3573 temporcClurysostomi
663 3510 765 3559 inlautes
784 3510 942 3560 interlocutos
961 3525 1014 3561 essa
1033 3513 1181 3561 orationibus
1200 3526 1244 3576 pao
1262 3512 1486 3562 ssdclibnstautum.

297 3593 322 3654 2)
348 3593 473 3644 llrsbhc
492 3593 538 3643 Ι.ο.
557 3592 655 3659 nm:
675 3594 777 3655 „lliescs
791 3595 867 3646 Gabai
885 3595 965 3644 istluu
983 3596 1021 3647 dic
1040 3597 1125 3646 llirclua
1144 3598 1167 3646 in
1187 3595 1259 3645 violer
1276 3596 1416 3677 ΙλετίελτοιτηΙΙ
1430 3597 1487 3647 sehr

213 3678 385 3740 merlwdrdi33
405 3692 430 3726 os
450 3679 480 3726 ist
498 3678 536 3727 ain
556 3679 686 3739 eiulaclacs,
704 3679 863 3729 wurusmttas
881 3679 929 3728 und
948 3680 1098 3729 christlichcs
1110 3681 1193 3739 delict,
1212 3681 1259 3732 und
1271 3681 1318 3730 lusi
1326 3681 1371 3732 das
1381 3678 1486 3744 Einuigo,

212 3778 261 3815 was
279 3764 304 3812 iu
322 3762 402 3812 dieser
421 3764 461 3810 Aut
478 3762 520 3811 aul
537 3776 582 3812 uns
600 3763 741 3824 gelommsn
760 3764 799 3814 ist.
825 3764 856 3814 Es
875 3763 932 3813 wind
952 3764 1009 3812 aber
1026 3764 1160 3814 besondeus
1179 3765 1254 3814 durch
1273 3766 1326 3815 cino
1340 3764 1488 3839 auliallsnda

211 3847 464 3906 Ueharsiustimmuug
481 3846 524 3894 mit
542 3846 596 3895 dcun
607 3847 793 3911 chrysostomus
811 3847 978 3910 merluurdig.
1003 3847 1086 3898 [liesca
1104 3850 1168 3910 gicht
1177 3850 1280 3900 numlich
1291 3851 1313 3899 in
1324 3852 1406 3900 seinai
1416 3849 1487 3900 awei-

211 3937 253 3980 ton
270 3928 374 3979 llomilia
399 3929 458 3978 libor
475 3930 520 3979 don
539 3930 636 3980 aweiten
655 3932 721 3982 Briel
737 3948 766 3981 nn
785 3932 822 3981 dia
842 3932 969 3981 llorinther
987 3933 1039 3981 cino
1057 3933 1192 3997 Erllarnng
1208 3936 1251 3984 des
1270 3936 1373 3985 Gcbetcs
1390 3935 1432 3984 ίδτ
1448 3933 1488 3984 δίε
1516 3952 1520 3959 ·

213 4012 415 4074 dilectionem,
439 4014 543 4063 ivelches
567 4014 590 4063 in
615 4015 658 4064 der
676 4017 781 4077 liturgic
799 4017 879 4065 seiner
897 4016 982 4066 tirone
1000 4017 1121 4068 suthaltsu
1139 4019 1214 4068 war.“
1252 4011 1324 4075 Τοδς
1340 4010 1456 4074 πιστοὺς
1473 4007 1488 4067 ὸ

214 4085 301 4163 νόμος
318 4092 446 4163 διεγείρει
464 4090 533 4163 πρὸς
550 4090 599 4157 τὴν
616 4096 671 4146 τῶν
688 4090 821 4164 ἀμυήτων
837 4097 990 4168 ἱκετηρίαν·
1009 4094 1076 4151 ὅταν
1092 4098 1147 4168 γάρ
1159 4094 1173 4151 ὸ
1187 4093 1398 4171 διοίκονοςλέγη,
1416 4096 1487 4167 ὑπὲρ

204 4179 269 4230 1τῶν
294 4178 508 4247 κατηγουμένων
533 4176 649 4238 ἐκτενῶς
666 4177 822 4247 δεηθῶμεν,
848 4179 931 4233 οὐδὲν
948 4173 1015 4234 ἄλλο
1030 4177 1048 4246 ἢ
1064 4177 1111 4235 τὸν
1128 4181 1220 4253 δῆμον
1236 4179 1347 4236 ἅπαντα
1366 4185 1421 4236 τῶν
1438 4200 1488 4233 m-

214 4260 287 4312 στῶν
312 4261 484 4327 διανίστησιν
509 4262 547 4319 είς
570 4257 617 4322 τὰς
640 4258 710 4335 ὑπὲρ
728 4261 843 4316 ἐκείνων
860 4261 950 4333 εὐχὰς,
978 4268 1067 4318 καίτοι
1081 4264 1116 4337 γε’
1131 4262 1270 4336 ὸλλδτριοι
1287 4271 1353 4326 τέως
1369 4269 1443 4320 alula*
1460 4266 1489 4319 ολ

213 4343 425 4417 κατηγεόμενοι·
444 4340 553 4397 οὐδέπω
571 4346 628 4418 γὰρ
646 4348 694 4399 τοῦ
712 4340 840 4416 σώματός
856 4350 907 4401 ελσε
921 4351 969 4402 τοῦ
978 4350 1112 4421 Χριστοῦ,
1129 4347 1239 4404 οὸδέπω
1246 4355 1409 4421 μυστηρίων
1417 4348 1488 4404 ἐκοι-

213 4412 351 4494 νῶνησοιν,
376 4418 435 4480 ἀλλ”
457 4426 496 4483 ἔτι
514 4427 675 4503 διηρημένοι
692 4426 857 4501 τυγχάνουσι
875 4435 921 4500 τῆς
937 4410 1037 4504 ἀγέλης
1052 4437 1100 4503 τῆς
1115 4435 1309 4506 πνευματικῆς.
1336 4465 1370 4477 -
1387 4431 1488 4489 -.διδ

309 4630 325 4657 n·
