3044 4912
808 216 857 291 tu

276 407 349 482 XV.
377 405 455 481 Ἔτι
486 397 652 500 δεόμεθά
686 422 769 492 σου,
801 396 917 500 κόριε,
948 398 1012 475 καὶ
1042 396 1137 498 ὐπόρ
1167 405 1233 495 τῆς
1265 394 1377 500 ἀγίας
1402 420 1473 475 σου
1516 446 1518 459 ·

197 505 389 604 ἐκκλησίας
420 515 486 604 τῆς
517 503 591 580 ἀπὸ
623 500 796 602 περάτων
827 502 895 587 ἕως
926 497 1111 599 περάτων,
1142 499 1194 599 ἣν
1228 494 1473 627 περιετιοιηω
1515 556 1518 561 -

197 616 253 708 τῷ
278 606 391 709 τιμίῳ
417 609 546 706 αἵματι
568 613 638 682 τοῦ
661 610 830 705 Χριστοῦ
856 629 938 695 σου,
971 601 1071 687 ὅπως
1085 600 1215 701 αὐτὴν
1240 600 1472 702 διαφυλαξης

199 712 371 787 ἄσειστον
395 708 459 787 καὶ
484 702 777 799 ἀκλοδοίνιστον,
803 706 889 808 άχρι
914 712 978 803 τῆς
1004 702 1212 788 συντελείας
1235 710 1306 780 τοῦ
1323 706 1469 791 αἰῶνος.
1514 740 1518 751 ·

198 811 263 889 καὶ
286 810 378 912 ὑπὲρ
412 808 531 909 πάσης
563 813 758 908 ἐπισκοπῆς
782 816 847 906 τῆς
872 802 1153 909 ἀρθοτομούσης
1177 804 1246 883 τύν
1270 802 1387 908 λόγον
1408 810 1470 902 τῆς

198 911 387 1011 ἀληθείας.
413 915 466 988 ἔτι
491 910 778 1012 παρακαλοῦμέν
804 934 843 986 σε
868 908 932 986 καὶ
955 907 1048 1007 ὐπύρ
1073 915 1139 1006 τῆς
1162 910 1252 1006 ἐμῆς
1275 914 1346 984 τοῦ
1361 934 1469 1005 προς-

199 1012 378 1115 φέροντός
410 1038 469 1090 σοι
501 1013 684 1105 οὐδενίας,
717 1012 781 1089 καὶ
812 1011 905 1112 ι’πιὲρ
931 1009 1071 1095 παντὸς
1094 1018 1163 1086 τοῦ
1187 1006 1469 1109 πρεσβυτερίου,

197 1116 291 1216 ὑπὲρ
314 1125 394 1194 τῶν
418 1114 608 1194 διακόνων
632 1115 696 1193 καὶ
720 1114 858 1215 παντύς
881 1120 950 1190 τοῦ
973 1108 1124 1213 κλήρου,
1148 1113 1214 1189 ἵνα
1238 1108 1385 1196 πάντας
1410 1135 1469 1186 σο-

200 1360 300 1411 οίῖετιοτ
317 1359 388 1423 pauiu
407 1366 431 1408 et
447 1359 527 1408 uiuum
546 1371 600 1406 cum
618 1369 680 1420 aqua
697 1355 812 1405 mixtum:
831 1362 888 1419 port
904 1355 1052 1405 oblationem
1063 1353 1127 1405 Deua
1144 1351 1315 1419 perspiritum
1326 1351 1470 1403 eamifloium

199 1443 246 1493 ribi
270 1441 378 1492 oblatum
403 1449 480 1492 mutat
506 1442 530 1490 iu
554 1440 650 1491 meiius.
684 1439 792 1489 Efficitur
816 1439 886 1504 punis
913 1454 1001 1504 corpor
1020 1438 1117 1498 chricti,
1140 1438 1220 1487 riuum
1247 1437 1346 1500 eauguie
1375 1434 1470 1497 Chriefi,

200 1541 247 1592 pro
266 1526 337 1576 uobis
355 1526 379 1575 iu
398 1539 468 1575 cruce
486 1524 569 1575 oblati.
604 1524 661 1574 ideo
678 1530 743 1574 recte
762 1537 825 1573 uuuc
843 1538 939 1589 quoque
957 1523 1035 1573 uocari
1058 1529 1161 1587 poeeuut
1183 1521 1329 1573 sacrtnctum
1354 1520 1400 1572 ιεδ
1425 1518 1472 1570 aiio

201 1624 275 1660 reuau
294 1618 318 1662 et
335 1609 383 1659 ulia
400 1610 493 1660 ratione
510 1623 582 1674 quaro
601 1616 678 1658 autea.
695 1607 755 1658 λοιο
767 1608 973 1658 coureoratiouem
990 1605 1166 1657 adumbreiaut
1182 1604 1377 1669 ercitum-etr
1394 1604 1472 1657 homi·

202 1694 273 1745 uibus
297 1692 414 1753 obtutum,
438 1708 501 1744 nuuc
524 1693 611 1743 iterum
635 1698 820 1756 repraesentant
837 1692 963 1752 uictimam,
982 1690 1058 1741 remei
1075 1692 1099 1741 io
1119 1706 1190 1742 cruce
1208 1691 1259 1741 Deo
1276 1690 1341 1757 patri
1359 1690 1473 1741 obtutare.

179 1790 181 1795 ·
201 1777 253 1829 Nec
270 1778 317 1828 itoc
334 1777 462 1829 tacendum
480 1787 525 1843 eet,
543 1777 631 1827 mutari
648 1789 736 1841 panem
753 1776 777 1826 iu
796 1791 885 1840 corpur
903 1783 927 1826 et
943 1776 1023 1825 riuum
1036 1776 1061 1825 iu
1082 1776 1224 1838 erupuiuem
1245 1790 1275 1827 eo
1297 1774 1412 1837 coneilio,
1427 1770 1473 1823 ῖνι

203 1858 231 1911 οῖ
246 1851 450 1928 μεταλαβόντες
464 1859 639 1925 praecocum
655 1853 726 1928 πρὸς
741 1852 883 1923 εὐσέβειαν
900 1867 947 1911 etc.

286 1944 341 1996 Noli
358 1946 549 2011 praetermittere
567 1945 626 1996 duae
643 1947 767 1997 orutiooee
784 1944 955 1996 eucharisticae
973 1958 1033 2009 quoe
1050 1944 1155 1994 oiieruut
1171 1940 1249 2009 cupita
1265 1943 1300 1995 25
1317 1952 1342 1995 et
1358 1942 1394 1996 λδ
1410 1942 1474 2003 Like

202 2030 312 2096 Septimi,
336 2031 427 2082 noetrie
451 2031 555 2081 iortaeac
578 2030 753 2095 uliquautuium
776 2029 924 2095 ruperiorea.
959 2023 1187 2094 Εὐχαριστοῦμέν
1202 2038 1263 2090 σοι,
1280 2022 1369 2095 πάτερ
1384 2021 1474 2095 aipein,

200 2105 273 2181 ὐπλρ
297 2111 357 2178 Coei:
378 2097 411 2179 ἧς
432 2107 586 2180 ίγνιίρισας
608 2106 677 2181 ἡμῖν
700 2107 747 2163 διά
764 2106 856 2175 Ἰησοῦ
877 2112 926 2162 τοῦ
947 2102 1048 2166 παιδός
1070 2121 1129 2174 σου,
1153 2107 1190 2160 δι’
1213 2096 1244 2162 οὐ
1267 2109 1315 2161 καλ
1331 2102 1366 2162 τά
1383 2104 1474 2162 πάντα

202 2193 344 2262 ἐποίησας,
366 2196 415 2249 καλ
437 2195 492 2249 τοῖν
515 2190 588 2250 ὅλων
611 2199 749 2265 προνοεῖς,
772 2188 806 2247 ὃν
827 2193 875 2245 καλ
898 2192 1060 2251 ἀπέστειλας
1084 2192 1149 2263 περὶ
1171 2198 1291 2262 σωτηρία
1308 2187 1475 2265 τῇῆμειέρρ

201 2282 337 2349 γενέσθαι
352 2275 515 2351 ἀνθρωπον,
540 2274 573 2333 ὃν
589 2279 638 2332 καλ
653 2274 850 2350 ουνεχοίρησας
865 2281 970 2331 παθεῖν
986 2278 1035 2329 καλ
1051 2272 1216 2344 ἀποθανεῖν,
1240 2272 1274 2331 ὃν
1286 2279 1336 2329 καὶ
1351 2272 1474 2345 ἀναστό-

202 2378 255 2423 σας
276 2358 429 2429 εὐδόκησας
452 2362 575 2429 δοξάσαι,
599 2363 647 2416 καλ
663 2362 796 2422 ίκάδισας
812 2362 842 2416 ὲκ
859 2361 958 2422 δεξιῶν
974 2377 1039 2414 σου·
1061 2360 1100 2414 δι’
1121 2348 1154 2414 οὐ
1171 2360 1219 2413 καλ
1234 2360 1392 2431 ἐσαγγεῖλαι
1407 2356 1476 2431 ἡμῖν

201 2443 252 2515 τὴν
269 2441 423 2502 ἀνάστασιν
440 2448 494 2501 τοῖν
512 2449 626 2519 νεκριῦν.
643 2440 678 2499 σύ
695 2445 817 2499 δέσποτα
834 2441 1030 2515 παντοκράτωρ
1051 2444 1101 2498 Θεέ
1119 2439 1226 2498 αῖιόνιε·
1245 2445 1337 2517 ιδςπερ
1353 2434 1388 2512 ἦν
1395 2446 1476 2500 τοῦτο

203 2529 460 2600 διεσκορπισμένον,
477 2533 524 2583 καί
540 2529 683 2598 συναχθὲν
700 2529 808 2599 ἐγένετο
826 2521 865 2589 εἷς
882 2525 973 2602 άρτος,
995 2525 1064 2583 οὐτω
1082 2529 1227 2599 συνάγαγέ
1241 2545 1294 2584 σου
1312 2526 1361 2597 τὴν
1376 2528 1477 2597 tate,-

202 2618 268 2668 σίαν
285 2610 341 2667 ἀπὸ
359 2616 414 2667 τιῦν
430 2610 559 2683 περάτων
575 2620 620 2680 τῆς
636 2616 687 2683 γῆς
703 2616 741 2673 είς
758 2608 806 2679 τῆν
822 2617 973 2680 βασιλείαν.
992 2614 1031 2666 ἔτι
1047 2612 1273 2684 εὐχαριστοῦμεν,
1290 2614 1379 2688 πάτερ
1387 2610 1475 2685 ἀμᾶν,

202 2692 273 2766 ὐπίρ
297 2698 345 2749 τοῦ
368 2701 460 2768 τιμίου
483 2701 599 2767 αἳματος
617 2696 707 2765 Ἰησοῦ
724 2702 848 2766 Χριστοῦ
865 2703 913 2750 τοῦ
928 2698 1092 2766 ἐκχυθέντος
1107 2697 1177 2768 ὑπὲρ
1195 2695 1283 2768 ἡμῶν,
1307 2700 1355 2752 καί
1372 2701 1422 2753 τοῦ
1438 2718 1475 2752 τι-

204 2784 272 2852 μίου
289 2777 430 2852 σώματος·
449 2769 482 2836 οὐ
499 2783 547 2834 καλ
564 2783 698 2835 ἀντίτυπα
716 2782 799 2835 ταῦτα
817 2781 1003 2852 ἐπιτελοῦμεν,
1020 2780 1105 2836 αὐτοῦ
1122 2783 1326 2854 διαταξαμένου
1342 2779 1413 2853 ἡμῖν
1423 2803 1477 2837 rre-

204 2867 363 2934 ταγγέλλειν
385 2863 434 2920 τόν
456 2863 539 2920 αὐτοῦ
561 2861 701 2921 θάνατον·
726 2864 763 2919 δι’
789 2862 874 2920 αὐτοῦ
896 2866 950 2938 γάρ
977 2882 1021 2920 σοι
1038 2869 1087 2921 καὶ
1104 2866 1118 2933 η
1137 2863 1213 2935 δόξα,
1231 2871 1270 2928 είς
1285 2871 1349 2929 τούς
1365 2871 1477 2928 αῖῦνιις.

187 2966 289 3018 ιαμην.

291 3038 416 3088 Secundae
434 3039 537 3091 orationi
555 3040 616 3090 hacc
633 3040 794 3105 praecedunt:
817 3038 888 3107 μετά
906 3036 937 3089 δὲ
955 3032 1003 3101 τὴν
1019 3031 1175 3105 μετάληψιν
1192 3032 1278 3096 οὕτως
1293 3036 1479 3110 εὐχαριστεῖτε

206 3147 239 3158 -
257 3123 301 3173 aeti
325 3123 385 3173 haec
408 3125 513 3175 secunda
538 3140 609 3175 manu
634 3126 714 3176 addita
737 3133 800 3175 aunt.
837 3125 923 3176 Procul
943 3125 1016 3175 dubio
1035 3133 1071 3175 est
1089 3125 1204 3186 Coiiectu,
1228 3140 1290 3190 quae
1308 3128 1397 3179 dicitur
1414 3128 1479 3181 intre

208 3207 325 3256 actionem
343 3208 452 3271 proxime
470 3218 525 3260 anto
542 3210 742 3260 cummunionem
761 3210 874 3261 dicenda:
892 3202 1120 3278 Εὐχαριστοῦμέν
1136 3221 1189 3272 σοι,
1207 3202 1222 3259 ὁ
1239 3205 1306 3266 θεὸς
1322 3208 1371 3260 καλ
1388 3208 1479 3278 πατὴρ

203 3286 292 3353 Ἰησοῦ
308 3288 358 3339 τοῦ
375 3288 495 3358 σωτῆρος
513 3285 592 3355 ἡμῶν
608 3286 678 3360 ὑπὲρ
696 3289 744 3341 τοῦ
760 3285 842 3358 ἀγίου
859 3303 921 3358 σου,
938 3277 970 3343 οὗ
987 3287 1197 3356 κατεσκηνώσας
1206 3289 1237 3343 ίν
1247 3285 1333 3360 ἡμῖν·
1350 3290 1479 3362 καλύπλρ

206 3374 253 3438 τῆς
273 3366 403 3441 γνώσεως
425 3373 473 3424 καὶ
490 3378 607 3432 πίστεως
624 3373 671 3424 καί
688 3367 799 3442 ἀγάπης
815 3374 863 3426 καλ
879 3371 1046 3443 ἀθανασίας,
1068 3363 1100 3441 ἧς
1117 3375 1223 3435 ἔδωκας
1238 3370 1308 3445 ἡμῖν
1326 3373 1374 3429 διά
1388 3376 1479 3443 Ἰησοῦ

204 3459 254 3510 τοῦ
272 3450 373 3516 παϊδός
389 3471 449 3509 σου.
483 3454 524 3508 Σύ
543 3457 664 3509 δέσποτα
680 3453 880 3531 παντοκράτορ,
898 3455 913 3512 ό
930 3456 996 3519 δεύς
1008 3460 1063 3511 τῶν
1081 3457 1160 3526 ὅλων,
1179 3459 1286 3520 ἔκτισας
1302 3462 1351 3514 ιδν
1368 3456 1479 3534 κόσμον

205 3543 254 3596 καλ
276 3538 309 3594 τά
332 3539 365 3594 δν
387 3536 462 3608 αὐτῷ
479 3537 516 3593 δι’
539 3538 625 3593 αὐτοῦ
648 3541 695 3593 καλ
712 3535 802 3614 νόμον
819 3536 1023 3613 κατεψῦτευσας
1039 3541 1071 3598 ίν
1088 3549 1146 3604 ταῖς
1163 3549 1268 3614 ψυχαῖς
1284 3541 1364 3615 ἡμῶν
1381 3548 1428 3599 καλ
1445 3544 1479 3600 τά

204 3623 276 3696 πρὸς
301 3618 459 3698 μετάληψιν
483 3628 700 3698 προευτρέπισας
722 3621 892 3696 ἀνθρώποις.
924 3622 954 3679 Ὁ
976 3624 1041 3687 θεὸς
1064 3631 1117 3681 τιῦν
1141 3626 1230 3698 ἁγίων
1252 3632 1299 3683 καλ
1321 3628 1480 3700 άμέμπτιιν

204 3714 333 3780 πατέρων
349 3706 438 3780 ἡμῶν,
452 3706 577 3779 Ἀβραάμ
595 3711 643 3762 καλ
655 3707 749 3764 Ἰσαάκ
766 3712 814 3764 καλ
826 3709 931 3778 Ἰακώβ,
949 3712 1004 3764 τῶν
1021 3716 1127 3765 πιστῶν
1145 3707 1253 3766 δούλων
1270 3729 1335 3769 σου·
1355 3712 1371 3769 ὁ
1389 3709 1480 3769 δόνα-

203 3814 250 3869 τος
272 3791 338 3855 θεός
360 3789 375 3848 ὀ
398 3790 494 3854 πιστός
516 3797 563 3846 καὶ
586 3791 718 3860 ἀληθινός
733 3796 781 3848 καλ
797 3792 923 3862 ἀψευδὴς
938 3793 970 3847 έν
987 3797 1045 3854 ταῖς
1062 3797 1252 3867 ἐπαγγελίαις·
1277 3796 1292 3853 ὁ
1310 3797 1484 3861 ἀποστείλας

204 3877 253 3931 int
269 3880 318 3948 γῆς
331 3877 440 3944 Ἰησοῦν
456 3874 504 3933 τόν
522 3874 645 3951 Χριστόν
662 3894 722 3944 σου,
740 3873 902 3949 ἀνθρώποις
918 3884 1185 3950 συναναστραφῆναι
1201 3878 1241 3943 uie
1258 3883 1413 3956 ἄνθρωπον
1429 3886 1481 3937 καλ

205 3958 255 4027 τὴν
271 3957 381 4029 πλάνην
399 3956 545 4033 πρόρριζον
563 3960 682 4016 ἀνελεῖν.
708 3959 799 4021 Λύτύς
815 3964 862 4015 καλ
879 3964 931 4017 νῦν
948 3961 984 4015 δι’
1007 3962 1092 4018 αὐτοῦ
1107 3963 1247 4035 μνήσθητι
1263 3971 1309 4034 τῆς
1326 3964 1410 4038 άγίιτς
1425 3983 1483 4023 σου

204 4044 348 4111 ίκκλησίας
365 4042 462 4113 ταύτης
476 4042 511 4113 ἣν
528 4047 713 4117 περιεποιήσω
731 4049 768 4113 τῷ
785 4051 865 4116 τιμίῳ
883 4048 980 4117 αἵματι
997 4051 1045 4101 τοῦ
1062 4050 1186 4120 Χριστοῦ
1203 4064 1255 4103 σου
1272 4053 1319 4104 καί
1336 4052 1419 4122 ῥῦσαι
1429 4048 1482 4106 αὐ-

204 4127 253 4197 τὴν
276 4128 333 4183 ἀπὸ
356 4130 461 4191 παντὸς
483 4134 608 4203 πονηροῦ
631 4132 680 4183 καλ
702 4131 847 4193 τελείωσιν
864 4128 950 4197 αὐτὴν
968 4132 1000 4185 έν
1016 4135 1048 4205 τι]
1064 4129 1159 4207 ἀγάπη
1178 4151 1229 4188 σου
1246 4136 1293 4186 καί
1310 4136 1342 4207 τῇ
1359 4134 1481 4205 ἀληθείᾳ

204 4230 255 4269 σου
277 4218 325 4268 καλ
347 4209 489 4285 συνάγαγε
514 4209 621 4275 πάντας
642 4211 714 4284 ἡμᾶς
737 4215 776 4272 είς
798 4212 847 4281 τὴν
870 4212 922 4282 σὴν
943 4219 1097 4287 βασιλείαν,
1119 4211 1155 4284 ἣν
1172 4217 1206 4272 σύ
1223 4214 1385 4290 ἡτοίμασας,
1411 4217 1484 4289 αὐτη

204 4295 367 4368 μαραναύά.
398 4295 522 4351 Ὡσαννά
546 4301 584 4367 τῴ
600 4300 651 4367 cipi
666 4296 766 4365 Δαβλδ,
785 4296 969 4369 εὐλογημένος
986 4296 1000 4354 ὁ
1018 4298 1169 4374 ἐρχόμενος
1186 4303 1218 4356 έν
1235 4297 1353 4359 δνὸαατι
1368 4298 1479 4374 κάριου.

210 4380 278 4441 Θεύς
293 4379 386 4451 κάρτος
403 4381 417 4436 ὁ
436 4384 583 4452 ίπιηανελς
600 4383 631 4436 έν
648 4387 739 4455 σαρκί.
773 4385 811 4434 Et
827 4402 866 4443 τις
881 4379 960 4453 άγιος
976 4392 1180 4456 προςερχέσῦω,
1198 4390 1223 4441 εί
1240 4388 1274 4442 δέ
1289 4408 1328 4448 τις
1343 4382 1394 4443 οὐκ
1411 4390 1483 4462 ἔστι,

205 4470 326 4532 γινέσθω
346 4465 391 4520 διά
407 4471 569 4537 μετανοίας·
588 4466 744 4538 έπιτρίπετε
763 4467 792 4521 δὲ
811 4470 858 4521 καλ
875 4473 929 4530 τοῖς
945 4475 1138 4542 πρεσβυτέροις
1155 4467 1244 4543 ὐμυῖν,
1261 4472 1445 4547 εὐχαριστεῖν.
