3044 4912
224 1384 280 1447 DE
302 1380 527 1445 VESPERIS
548 1382 602 1445 AC
624 1380 975 1447 BENEDICTIONE
997 1380 1162 1447 PANUM.

140 1585 318 1674 Praemisso
347 1615 490 1673 consueta
518 1609 741 1672 introductione
763 1617 900 1672 cantatur
920 1608 1030 1672 Psalm.
1055 1612 1132 1674 104:
1159 1600 1329 1700 εύλογεῖή

105 1704 149 1795 ιχή
170 1733 236 1793 μου
258 1708 316 1776 τὸν
336 1705 462 1794 Κύριον
483 1717 514 1771 et
535 1709 614 1771 inter
627 1709 741 1771 Psalmi
763 1710 971 1773 recitationem
987 1712 1136 1775 Sacerdos
1158 1723 1227 1776 autc
1250 1716 1331 1778 tores

105 1821 180 1875 nctas
203 1822 270 1875 orat
291 1820 407 1893 septem
429 1811 582 1873 orationes
604 1811 665 1874 τοῦ
686 1807 846 1889 λυχνικοῦ,
861 1831 878 1873 a
896 1810 1005 1891 quibus
1020 1811 1095 1873 haec
1110 1813 1205 1891 prima
1220 1816 1331 1897 Vespe-

105 1934 160 1975 rum
183 1933 254 1995 pars
277 1932 385 1977 nomen
409 1912 575 1975 trahitcnri
589 1908 751 1991 λυχνικοῦ.
779 1912 984 1975 Exscribimns
999 1913 1173 1992 septimam:
1196 1907 1215 1978 ό
1228 1912 1333 1999 μέγας

106 2008 292 2102 ίύιγιστος,
313 2006 333 2080 ό
354 2006 456 2095 μόνος
477 2005 559 2093 έχων
581 2004 782 2089 ἀθανασίαν,
806 2014 879 2098 φῶς
901 2006 999 2077 οἰκῶν
1016 2004 1207 2095 ἀπρόςιτον,
1229 2008 1334 2081 duai-

105 2139 125 2178 ν
143 2112 201 2201 τήν
221 2110 328 2180 κτίσιν
350 2110 385 2179 έν
406 2106 513 2201 σοφίη
535 2106 789 2199 δημιουργήσας,
811 2105 830 2177 ό
852 2106 1054 2197 διαχωρίσας
1074 2104 1137 2177 ἀνὰ
1156 2111 1261 2196 μέσον
1273 2120 1334 2184 τοῦ

105 2212 174 2293 στ’δς
200 2212 257 2282 καί
284 2209 347 2281 ἀνὰ
368 2209 471 2297 μέσον
492 2218 553 2278 τοῦ
574 2208 713 2291 σκότους
732 2208 790 2278 καί
810 2209 868 2278 τὸν
888 2206 983 2299 ήλιον
1004 2210 1147 2295 θέμενος
1168 2210 1217 2292 είς
1238 2210 1334 2297 ἐξου-

105 2340 138 2383 ιιν
167 2321 227 2403 τῆς
257 2310 392 2403 ἡμέρας,
423 2309 559 2402 σελήνην
581 2312 619 2379 δέ
639 2312 696 2379 καί
718 2307 859 2397 ἀστέρας
881 2308 930 2391 είς
951 2308 1105 2391 ἐξουσίαν
1124 2320 1184 2402 τῆς
1204 2313 1333 2398 νυκτός·

109 2412 316 2497 καταξιώσας
346 2410 426 2503 ήμῖν
456 2418 528 2493 τοῖς
559 2408 770 2500 ἁμαρτωλοῖς
798 2411 856 2480 καί
886 2410 945 2479 dci
971 2418 1030 2502 τῆς
1051 2412 1224 2505 παρούσης
1245 2414 1334 2507 ῶρας

105 2514 269 2607 ,ιοηθάσαι
289 2516 328 2583 τὸ
350 2511 532 2599 πρόςωπόν
553 2535 614 2580 σου
637 2510 673 2582 έν
694 2510 930 2603 ἐξομολογήσει
943 2513 1000 2581 καί
1013 2514 1072 2601 τήν
1087 2512 1263 2608 ἓσπερινήν
1276 2520 1332 2588 σοί

105 2616 258 2707 νξολογίαν
279 2620 509 2704 προςαγαγεῖν,
543 2610 644 2695 αὐτὸς
665 2612 889 2705 φιλάνθρωπε
909 2612 1114 2684 κατεύθυνον
1141 2618 1200 2707 τήν
1232 2646 1337 2709 προς-

105 2720 158 2810 γήν
177 2717 271 2809 ήμῶν
292 2714 338 2797 ῶς
358 2713 516 2802 θυμίαμα
537 2712 683 2784 ένῶπιόν
704 2739 765 2785 σου
785 2716 843 2785 καί
856 2713 1037 2806 πρόςδεξαι
1052 2714 1154 2808 αὐτὴν
1168 2718 1216 2801 είς
1231 2717 1336 2812 ὀσμήν

107 2819 214 2901 ωδίας,
237 2815 410 2907 παράσχον
432 2817 469 2885 δέ
490 2812 570 2905 ήμῐν
589 2816 649 2905 τήν
670 2823 845 2905 παροῦσαν
866 2814 1012 2906 ἑσπέραν
1028 2820 1084 2887 καί
1098 2821 1158 2909 τήν
1173 2818 1336 2892 ἐπιοῦσαν

105 2920 163 2991 Ικτα
185 2917 357 3011 είρηνικήν.
378 2912 537 2985 ’Ἑνδυσον
557 2914 646 3006 ἡμᾶς
668 2915 758 2986 ὅπλα
780 2919 902 3007 φωτὸς,
924 2925 1023 3007 ῥῦσαι
1037 2917 1125 3007 ἡμᾶς
1140 2918 1210 2991 ἀπὸ
1225 2923 1335 3013 φόβου

105 3030 250 3112 κτερινοῦ
271 3020 328 3089 καί
348 3019 474 3099 παντὸς
494 3016 691 3106 πράγματος
713 3019 747 3087 ἕν
769 3017 880 3087 σκότει
901 3021 1184 3108 διαπορευομένου
1205 3024 1263 3091 καί
1278 3024 1337 3106 δός

105 3150 125 3191 ιν
153 3123 268 3204 ύπνον,
302 3115 340 3189 ὃν
373 3118 422 3199 είς
453 3116 643 3188 ἀνάπαυσιν
668 3127 708 3210 τῇ
730 3117 891 3210 ἀσθενείᾳ
913 3116 1004 3209 ήμῶν
1025 3120 1193 3211 ἐδωρήσω,
1225 3122 1338 3217 πάσης

107 3228 260 3313 αδολικής
293 3216 480 3312 φαντασίας
511 3216 773 3309 ἀπηλλαγμένον.
816 3221 888 3288 Ναί
921 3220 1072 3289 δέσποτα
1100 3231 1167 3290 τῶν
1198 3220 1338 3314 ἀγαθῶν

105 3327 191 3417 ιρηγὲ,
213 3327 269 3393 ἵνα
288 3323 346 3391 καί
367 3322 426 3390 ἐπὶ
447 3326 521 3401 ταῖς
540 3319 669 3401 κοίταις
689 3320 782 3410 ήμῶν
800 3320 1064 3410 καταγενόμενοι,
1085 3326 1338 3415 μνημονεύωμεν

105 3454 108 3471 ·
134 3427 225 3495 νικτί
254 3432 315 3494 τοῦ
336 3420 500 3509 ὀνόματός
520 3445 582 3491 σου
603 3421 661 3489 καί
680 3429 721 3513 τῇ
740 3425 860 3515 μελετή
880 3429 945 3491 τῶν
966 3430 1033 3492 σῶν
1055 3425 1196 3494 ἐντολῶν
1216 3454 1339 3496 καταυ-

105 3526 243 3615 ιζόμενοι
275 3527 311 3596 ἕν
344 3522 538 3614 ἀγαλλιάσει
569 3530 679 3615 ψυχῆς
712 3525 938 3610 διαναστῶμεν
958 3527 1045 3615 πρὸς
1066 3526 1261 3615 δοξολογίαν
1280 3535 1339 3617 τής

105 3636 129 3716 ic
147 3626 368 3719 ἀγαθότητος,
391 3624 522 3715 δεήσεις
542 3625 599 3693 καί
620 3621 747 3704 ἱκεσίας
767 3632 807 3716 τῇ
828 3632 869 3716 σῇ
884 3622 1106 3717 εύσπλαγχνίρ
1119 3626 1341 3717 προςάγοντες

105 3733 154 3819 τδρ
184 3738 251 3800 τῶν
283 3727 378 3799 ἰδίων
410 3724 653 3817 ἁμαρτημάτων
684 3725 742 3793 καί
772 3726 900 3806 παντὸς
929 3733 990 3794 τοῦ
1017 3729 1101 3794 λαοῦ
1126 3752 1187 3795 σου
1210 3727 1245 3796 έν
1265 3734 1341 3811 ταῖς

105 3830 264 3919 ρεσβείαις
284 3838 344 3919 τῆς
365 3826 461 3917 ἁγίας
481 3825 644 3896 θεοτόκου
667 3826 702 3895 ἐν
723 3825 810 3895 ἐλέει
832 3825 1026 3917 ἐπίσκεψαι.
1047 3824 1125 3896 Ὅτι
1140 3826 1271 3917 ἀγαθὸς
1283 3831 1342 3900 καί

107 3931 316 4021 ιλάνθρωπος
344 3931 428 4011 θεὸς
458 3925 619 4016 ύπάρχεις
649 3927 708 3996 καί
728 3926 785 3996 σοί
805 3928 864 4015 τὴν
886 3925 986 4011 δόξαν
1008 3925 1261 4017 άναπέμπομεν,
1293 3938 1341 4022 τῷ

105 4036 175 4123 ἀτρί
205 4034 263 4104 καί
294 4038 342 4121 τῷ
363 4028 428 4122 υἱῷ
447 4030 572 4120 καὶτῷ
595 4025 678 4120 ἁγίῳ
699 4026 867 4116 πνεύματι
887 4037 944 4098 νῦν
964 4030 1020 4099 καί
1042 4027 1173 4100 ἀείκαὶ
1194 4030 1244 4113 εἰς
1263 4035 1343 4115 τούς

105 4132 195 4217 λῶνας
214 4142 281 4204 τῶν
303 4130 441 4202 αίῶνων.
482 4128 597 4220 Ἀμήν.

156 4242 300 4306 Precibus
326 4242 387 4303 τοῦ
408 4237 559 4317 λιγνικοῦ
581 4256 640 4300 una
663 4255 730 4299 oum
751 4236 872 4299 Psalmo
895 4235 1050 4312 absolutis,
1083 4238 1194 4300 dicitur
1215 4232 1343 4303 ἐκτενία

120 4364 145 4407 e.
164 4343 338 4426 deprecatio
360 4360 416 4423 pro
438 4359 522 4421 paco,
549 4358 606 4421 pro
629 4338 848 4411 ecclesia-etc..
878 4356 955 4418 quae
977 4341 1116 4403 convenit
1137 4357 1204 4403 curu
1227 4340 1342 4423 suppti-

105 4445 190 4511 rtinne
212 4446 298 4508 obvia
319 4444 353 4507 in
374 4443 476 4505 missis
499 4440 611 4517 iacobi,
632 4439 837 4523 chrysostomi
860 4439 997 4521 aliisque.

112 4546 144 4595 tr.
1111 4535 1142 4588 λθ
