<?xml version="1.0" encoding="UTF-8"?>
<!DOCTYPE html PUBLIC "-//W3C//DTD XHTML 1.0 Transitional//EN"
    "http://www.w3.org/TR/xhtml1/DTD/xhtml1-transitional.dtd">
<html xmlns="http://www.w3.org/1999/xhtml" xml:lang="en" lang="en">
 <head>
  <title>
</title>
<meta http-equiv="Content-Type" content="text/html;charset=utf-8" />
  <meta name='ocr-system' content='tesseract 3.04.00' />
  <meta name='ocr-capabilities' content='ocr_page ocr_carea ocr_par ocr_line ocrx_word'/>
</head>
<body>
  <div class='ocr_page' id='page_1' title='image "./codexliturgicus05danigoog_0082.png"; bbox 0 0 3044 4912; ppageno 0'>
   <div class='ocr_carea' id='block_1_1' title="bbox 443 204 452 235">
    <p class='ocr_par' dir='ltr' id='par_1_1' title="bbox 443 204 452 235">
     <span class='ocr_line' id='line_1_1' title="bbox 443 204 452 235; baseline 0 0"><span class='ocrx_word' id='word_1_1' title='bbox 443 204 452 235; x_wconf 67' lang='lat' dir='ltr'><strong>i</strong></span> 
     </span>
    </p>
   </div>
   <div class='ocr_carea' id='block_1_2' title="bbox 661 234 706 307">
    <p class='ocr_par' dir='ltr' id='par_1_2' title="bbox 661 234 706 307">
     <span class='ocr_line' id='line_1_2' title="bbox 661 234 706 307; baseline 0.022 -1"><span class='ocrx_word' id='word_1_2' title='bbox 661 234 706 307; x_wconf 81' lang='lat'><strong><em>71</em></strong></span> 
     </span>
    </p>
   </div>
   <div class='ocr_carea' id='block_1_3' title="bbox 46 414 1331 1337">
    <p class='ocr_par' dir='ltr' id='par_1_3' title="bbox 46 414 1331 1337">
     <span class='ocr_line' id='line_1_3' title="bbox 46 414 1323 524; baseline 0.006 -30"><span class='ocrx_word' id='word_1_3' title='bbox 46 422 163 524; x_wconf 77' lang='grc' dir='ltr'><strong><em>φύσας</em></strong></span> <span class='ocrx_word' id='word_1_4' title='bbox 187 415 398 516; x_wconf 82' lang='grc' dir='ltr'><strong><em>πνεύματος</em></strong></span> <span class='ocrx_word' id='word_1_5' title='bbox 422 415 533 519; x_wconf 87' lang='grc' dir='ltr'><strong><em>άγίου</em></strong></span> <span class='ocrx_word' id='word_1_6' title='bbox 559 414 764 513; x_wconf 84' lang='grc' dir='ltr'><strong><em>πληράσῃς.</em></strong></span> <span class='ocrx_word' id='word_1_7' title='bbox 791 417 844 492; x_wconf 74' lang='grc' dir='ltr'><strong><em>ἔτι</em></strong></span> <span class='ocrx_word' id='word_1_8' title='bbox 858 421 1156 519; x_wconf 83' lang='grc' dir='ltr'><strong><em>,παρακαλυῦμὲν</em></strong></span> <span class='ocrx_word' id='word_1_9' title='bbox 1177 448 1229 515; x_wconf 89' lang='grc' dir='ltr'><strong><em>σε,</em></strong></span> <span class='ocrx_word' id='word_1_10' title='bbox 1255 421 1323 503; x_wconf 87' lang='grc' dir='ltr'><strong><em>κύ-</em></strong></span> 
     </span>
     <span class='ocr_line' id='line_1_4' title="bbox 48 517 1321 627; baseline 0.015 -34"><span class='ocrx_word' id='word_1_11' title='bbox 48 554 115 625; x_wconf 78' lang='grc' dir='ltr'><strong><em>ριε,</em></strong></span> <span class='ocrx_word' id='word_1_12' title='bbox 152 521 247 621; x_wconf 79' lang='grc' dir='ltr'><strong><em>ὑπὲρ</em></strong></span> <span class='ocrx_word' id='word_1_13' title='bbox 277 527 347 596; x_wconf 87' lang='grc' dir='ltr'><strong><em>τοῦ</em></strong></span> <span class='ocrx_word' id='word_1_14' title='bbox 376 517 577 618; x_wconf 69' lang='grc' dir='ltr'><strong><em>βασιλέως,</em></strong></span> <span class='ocrx_word' id='word_1_15' title='bbox 618 518 682 592; x_wconf 75' lang='grc' dir='ltr'><strong><em>καὶ</em></strong></span> <span class='ocrx_word' id='word_1_16' title='bbox 713 526 793 594; x_wconf 90' lang='grc' dir='ltr'><strong><em>τῶν</em></strong></span> <span class='ocrx_word' id='word_1_17' title='bbox 827 522 869 595; x_wconf 81' lang='grc' dir='ltr'><strong><em>ἐν</em></strong></span> <span class='ocrx_word' id='word_1_18' title='bbox 900 521 1093 623; x_wconf 50' lang='grc' dir='ltr'><strong><em>ύπεροχῇλ)</em></strong></span> <span class='ocrx_word' id='word_1_19' title='bbox 1122 547 1151 622; x_wconf 84' lang='grc'><strong><em>(1</em></strong></span> <span class='ocrx_word' id='word_1_20' title='bbox 1166 545 1321 627; x_wconf 65' lang='lat' dir='ltr'><strong>Tium)</strong></span> 
     </span>
     <span class='ocr_line' id='line_1_5' title="bbox 51 616 1323 726; baseline 0.003 -24"><span class='ocrx_word' id='word_1_21' title='bbox 51 625 112 703; x_wconf 82' lang='grc' dir='ltr'><strong><em>καὶ</em></strong></span> <span class='ocrx_word' id='word_1_22' title='bbox 136 623 277 707; x_wconf 80' lang='grc' dir='ltr'><strong><em>παντὸς</em></strong></span> <span class='ocrx_word' id='word_1_23' title='bbox 299 628 369 697; x_wconf 87' lang='grc' dir='ltr'><strong><em>τοῦ</em></strong></span> <span class='ocrx_word' id='word_1_24' title='bbox 393 616 658 722; x_wconf 74' lang='grc' dir='ltr'><strong><em>στρατοπέδου,</em></strong></span> <span class='ocrx_word' id='word_1_25' title='bbox 683 623 748 696; x_wconf 82' lang='grc' dir='ltr'><strong><em>λ’να</em></strong></span> <span class='ocrx_word' id='word_1_26' title='bbox 766 618 1026 719; x_wconf 82' lang='grc' dir='ltr'><strong><em>ελρηνεύωνται</em></strong></span> <span class='ocrx_word' id='word_1_27' title='bbox 1040 626 1088 700; x_wconf 79' lang='grc' dir='ltr'><strong><em>τά</em></strong></span> <span class='ocrx_word' id='word_1_28' title='bbox 1105 627 1196 726; x_wconf 82' lang='grc' dir='ltr'><strong><em>πρὸς</em></strong></span> <span class='ocrx_word' id='word_1_29' title='bbox 1212 627 1323 726; x_wconf 81' lang='grc' dir='ltr'><strong><em>ἡμᾶς,</em></strong></span> 
     </span>
     <span class='ocr_line' id='line_1_6' title="bbox 53 719 1324 828; baseline 0.007 -28"><span class='ocrx_word' id='word_1_30' title='bbox 53 727 151 812; x_wconf 76' lang='grc' dir='ltr'><strong><em>ὅπως</em></strong></span> <span class='ocrx_word' id='word_1_31' title='bbox 180 730 225 802; x_wconf 80' lang='grc' dir='ltr'><strong><em>ἐν</em></strong></span> <span class='ocrx_word' id='word_1_32' title='bbox 256 720 394 823; x_wconf 81' lang='grc' dir='ltr'><strong><em>ἡσυχίᾳ</em></strong></span> <span class='ocrx_word' id='word_1_33' title='bbox 424 723 491 798; x_wconf 79' lang='grc' dir='ltr'><strong><em>καλ</em></strong></span> <span class='ocrx_word' id='word_1_34' title='bbox 522 720 681 819; x_wconf 82' lang='grc' dir='ltr'><strong><em>ὁμονοίᾳ</em></strong></span> <span class='ocrx_word' id='word_1_35' title='bbox 713 719 907 824; x_wconf 76' lang='grc' dir='ltr'><em>διάγοντες</em></span> <span class='ocrx_word' id='word_1_36' title='bbox 937 724 1005 801; x_wconf 85' lang='grc' dir='ltr'><strong><em>τὸν</em></strong></span> <span class='ocrx_word' id='word_1_37' title='bbox 1036 723 1159 804; x_wconf 90' lang='grc' dir='ltr'><strong><em>πάντα</em></strong></span> <span class='ocrx_word' id='word_1_38' title='bbox 1180 730 1324 828; x_wconf 88' lang='grc' dir='ltr'><strong><em>χρόνον</em></strong></span> 
     </span>
     <span class='ocr_line' id='line_1_7' title="bbox 55 820 1324 928; baseline 0.007 -29"><span class='ocrx_word' id='word_1_39' title='bbox 55 838 117 926; x_wconf 74' lang='grc' dir='ltr'><strong><em>τῆς</em></strong></span> <span class='ocrx_word' id='word_1_40' title='bbox 140 828 236 925; x_wconf 77' lang='grc' dir='ltr'><strong><em>ζωῆς</em></strong></span> <span class='ocrx_word' id='word_1_41' title='bbox 260 825 384 923; x_wconf 81' lang='grc' dir='ltr'><strong><em>ἡμῶν,</em></strong></span> <span class='ocrx_word' id='word_1_42' title='bbox 409 820 625 919; x_wconf 70' lang='grc' dir='ltr'><strong><em>δοξάζωμεν</em></strong></span> <span class='ocrx_word' id='word_1_43' title='bbox 651 849 691 898; x_wconf 80' lang='grc' dir='ltr'><strong><em>σε</em></strong></span> <span class='ocrx_word' id='word_1_44' title='bbox 716 823 782 900; x_wconf 83' lang='grc' dir='ltr'><strong><em>διὰ</em></strong></span> <span class='ocrx_word' id='word_1_45' title='bbox 802 827 925 922; x_wconf 82' lang='grc' dir='ltr'>Ἰησοῦ</span> <span class='ocrx_word' id='word_1_46' title='bbox 939 832 1110 926; x_wconf 80' lang='grc' dir='ltr'><strong><em>Χριστοῦ</em></strong></span> <span class='ocrx_word' id='word_1_47' title='bbox 1134 845 1200 928; x_wconf 82' lang='grc' dir='ltr'><strong><em>τῆς</em></strong></span> <span class='ocrx_word' id='word_1_48' title='bbox 1224 832 1324 908; x_wconf 74' lang='grc' dir='ltr'><strong><em>ἐλπί-</em></strong></span> 
     </span>
     <span class='ocr_line' id='line_1_8' title="bbox 57 925 1324 1026; baseline 0.005 -26"><span class='ocrx_word' id='word_1_49' title='bbox 57 931 119 1016; x_wconf 84' lang='grc' dir='ltr'><strong><em>δος</em></strong></span> <span class='ocrx_word' id='word_1_50' title='bbox 141 929 261 1026; x_wconf 76' lang='grc' dir='ltr'><strong><em>ἡμῶν.</em></strong></span> <span class='ocrx_word' id='word_1_51' title='bbox 287 928 340 1001; x_wconf 81' lang='grc' dir='ltr'><strong><em>ἔτι</em></strong></span> <span class='ocrx_word' id='word_1_52' title='bbox 365 925 649 1025; x_wconf 52' lang='grc' dir='ltr'><strong><em>προςφέρομένῗ)</em></strong></span> <span class='ocrx_word' id='word_1_53' title='bbox 678 949 736 1001; x_wconf 90' lang='grc' dir='ltr'><strong><em>σοι</em></strong></span> <span class='ocrx_word' id='word_1_54' title='bbox 760 926 824 1001; x_wconf 81' lang='grc' dir='ltr'><strong><em>καὶ</em></strong></span> <span class='ocrx_word' id='word_1_55' title='bbox 848 925 941 1024; x_wconf 76' lang='grc' dir='ltr'><strong><em>ὑπὲρ</em></strong></span> <span class='ocrx_word' id='word_1_56' title='bbox 966 927 1121 1008; x_wconf 91' lang='grc' dir='ltr'><strong><em>πάντων</em></strong></span> <span class='ocrx_word' id='word_1_57' title='bbox 1145 940 1224 1009; x_wconf 89' lang='grc' dir='ltr'><strong><em>τῶν</em></strong></span> <span class='ocrx_word' id='word_1_58' title='bbox 1249 933 1324 1012; x_wconf 78' lang='grc' dir='ltr'><strong><em>ἀπὸ</em></strong></span> 
     </span>
     <span class='ocr_line' id='line_1_9' title="bbox 58 1024 1331 1134; baseline 0.001 -26"><span class='ocrx_word' id='word_1_59' title='bbox 58 1036 188 1116; x_wconf 83' lang='grc' dir='ltr'><strong><em>αλιύνος</em></strong></span> <span class='ocrx_word' id='word_1_60' title='bbox 212 1024 541 1127; x_wconf 83' lang='grc' dir='ltr'><strong><em>εὐαρεστησάνεων</em></strong></span> <span class='ocrx_word' id='word_1_61' title='bbox 568 1051 624 1102; x_wconf 90' lang='grc' dir='ltr'><strong><em>σοι</em></strong></span> <span class='ocrx_word' id='word_1_62' title='bbox 651 1026 784 1129; x_wconf 84' lang='grc' dir='ltr'><strong><em>ἁγίων,</em></strong></span> <span class='ocrx_word' id='word_1_63' title='bbox 819 1038 1073 1127; x_wconf 87' lang='grc' dir='ltr'><strong><em>πατριαρχῶν,</em></strong></span> <span class='ocrx_word' id='word_1_64' title='bbox 1106 1042 1331 1134; x_wconf 78' lang='grc' dir='ltr'><strong><em>προφητῶν,</em></strong></span> 
     </span>
     <span class='ocr_line' id='line_1_10' title="bbox 58 1126 1322 1233; baseline 0.004 -25"><span class='ocrx_word' id='word_1_65' title='bbox 58 1132 221 1222; x_wconf 79' lang='grc' dir='ltr'><strong><em>δικαίων,</em></strong></span> <span class='ocrx_word' id='word_1_66' title='bbox 259 1126 490 1217; x_wconf 78' lang='grc' dir='ltr'><strong><em>ἀποστόλων,</em></strong></span> <span class='ocrx_word' id='word_1_67' title='bbox 525 1126 741 1226; x_wconf 79' lang='grc' dir='ltr'><strong><em>μαρτύρων,</em></strong></span> <span class='ocrx_word' id='word_1_68' title='bbox 778 1129 1062 1233; x_wconf 48' lang='grc' dir='ltr'><strong><em>όμολογητιύνά)</em></strong></span> <span class='ocrx_word' id='word_1_69' title='bbox 1100 1136 1322 1228; x_wconf 80' lang='grc' dir='ltr'><strong><em>ἐπισκόπων,</em></strong></span> 
     </span>
     <span class='ocr_line' id='line_1_11' title="bbox 58 1227 1322 1337; baseline 0.003 -26"><span class='ocrx_word' id='word_1_70' title='bbox 58 1233 327 1337; x_wconf 82' lang='grc' dir='ltr'><strong><em>πρεσβυτέρων,</em></strong></span> <span class='ocrx_word' id='word_1_71' title='bbox 345 1227 546 1319; x_wconf 79' lang='grc' dir='ltr'><strong><em>διακόνων,</em></strong></span> <span class='ocrx_word' id='word_1_72' title='bbox 566 1228 856 1330; x_wconf 83' lang='grc' dir='ltr'><strong><em>[ύποιλιοικύνων]</em></strong></span> <span class='ocrx_word' id='word_1_73' title='bbox 871 1232 1140 1336; x_wconf 82' lang='grc' dir='ltr'><strong><em>άναγνωστῶν,</em></strong></span> <span class='ocrx_word' id='word_1_74' title='bbox 1154 1247 1322 1336; x_wconf 74' lang='grc' dir='ltr'><strong><em>ψαλτῶν,</em></strong></span> 
     </span>
    </p>
   </div>
   <div class='ocr_carea' id='block_1_4' title="bbox 10 1463 1379 3570">
    <p class='ocr_par' dir='ltr' id='par_1_4' title="bbox 54 1463 1326 2045">
     <span class='ocr_line' id='line_1_12' title="bbox 139 1463 1324 1544; baseline 0.003 -19"><span class='ocrx_word' id='word_1_75' title='bbox 139 1475 163 1535; x_wconf 80' lang='lat' dir='ltr'><strong><em>i)</em></strong></span> <span class='ocrx_word' id='word_1_76' title='bbox 187 1474 349 1524; x_wconf 77' lang='lat' dir='ltr'><strong>Eunehiuu</strong></span> <span class='ocrx_word' id='word_1_77' title='bbox 365 1472 409 1522; x_wconf 75' lang='lat' dir='ltr'><strong><em>tit</em></strong></span> <span class='ocrx_word' id='word_1_78' title='bbox 425 1471 549 1522; x_wconf 79' lang='lat' dir='ltr'><strong>coustant.</strong></span> <span class='ocrx_word' id='word_1_79' title='bbox 560 1467 643 1532; x_wconf 59' lang='lat' dir='ltr'><strong><em>Mi:</em></strong></span> <span class='ocrx_word' id='word_1_80' title='bbox 661 1495 694 1506; x_wconf 98' lang='lat'><em>-</em></span> <span class='ocrx_word' id='word_1_81' title='bbox 714 1467 741 1519; x_wconf 84' lang='grc' dir='ltr'><strong><em>ολ</em></strong></span> <span class='ocrx_word' id='word_1_82' title='bbox 758 1465 789 1521; x_wconf 77' lang='lat' dir='ltr'><strong><em>di</em></strong></span> <span class='ocrx_word' id='word_1_83' title='bbox 806 1463 846 1537; x_wconf 75' lang='grc' dir='ltr'><strong><em>μὴ</em></strong></span> <span class='ocrx_word' id='word_1_84' title='bbox 863 1464 909 1521; x_wconf 80' lang='grc' dir='ltr'><strong><em>διά</em></strong></span> <span class='ocrx_word' id='word_1_85' title='bbox 927 1467 1031 1524; x_wconf 84' lang='grc' dir='ltr'><strong><em>τούτων</em></strong></span> <span class='ocrx_word' id='word_1_86' title='bbox 1044 1475 1149 1544; x_wconf 79' lang='grc' dir='ltr'><strong><em>χωρεῖν</em></strong></span> <span class='ocrx_word' id='word_1_87' title='bbox 1165 1465 1222 1527; x_wconf 85' lang='grc' dir='ltr'><strong><em>οἷοί</em></strong></span> <span class='ocrx_word' id='word_1_88' title='bbox 1237 1479 1324 1528; x_wconf 89' lang='grc' dir='ltr'><strong><em>τεθυ-</em></strong></span> 
     </span>
     <span class='ocr_line' id='line_1_13' title="bbox 57 1546 1325 1626; baseline 0.002 -16"><span class='ocrx_word' id='word_1_89' title='bbox 57 1560 124 1617; x_wconf 68' lang='lat' dir='ltr'><strong><em>ann</em></strong></span> <span class='ocrx_word' id='word_1_90' title='bbox 139 1555 271 1626; x_wconf 79' lang='grc' dir='ltr'><strong><em>ἀναίμοις</em></strong></span> <span class='ocrx_word' id='word_1_91' title='bbox 286 1553 334 1605; x_wconf 86' lang='grc' dir='ltr'><strong><em>καλ</em></strong></span> <span class='ocrx_word' id='word_1_92' title='bbox 349 1554 496 1621; x_wconf 84' lang='grc' dir='ltr'><strong><em>μυστικαῖς</em></strong></span> <span class='ocrx_word' id='word_1_93' title='bbox 511 1551 680 1622; x_wconf 73' lang='grc' dir='ltr'><strong><em>ἱερουργίαις</em></strong></span> <span class='ocrx_word' id='word_1_94' title='bbox 696 1550 726 1603; x_wconf 82' lang='grc' dir='ltr'><strong><em>τὸ</em></strong></span> <span class='ocrx_word' id='word_1_95' title='bbox 743 1554 824 1604; x_wconf 82' lang='grc' dir='ltr'><strong><em>θεῖον</em></strong></span> <span class='ocrx_word' id='word_1_96' title='bbox 842 1546 1000 1622; x_wconf 72' lang='grc' dir='ltr'><strong><em>ἱλάσκοντο,</em></strong></span> <span class='ocrx_word' id='word_1_97' title='bbox 1025 1550 1095 1626; x_wconf 78' lang='grc' dir='ltr'><strong><em>ῦπλρ</em></strong></span> <span class='ocrx_word' id='word_1_98' title='bbox 1113 1559 1159 1624; x_wconf 82' lang='grc' dir='ltr'><strong><em>τῆς</em></strong></span> <span class='ocrx_word' id='word_1_99' title='bbox 1173 1560 1266 1625; x_wconf 77' lang='grc' dir='ltr'><strong><em>κοινῆς</em></strong></span> <span class='ocrx_word' id='word_1_100' title='bbox 1283 1560 1325 1614; x_wconf 88' lang='grc' dir='ltr'><strong><em>ελ-</em></strong></span> 
     </span>
     <span class='ocr_line' id='line_1_14' title="bbox 60 1628 1325 1711; baseline 0.002 -18"><span class='ocrx_word' id='word_1_101' title='bbox 60 1634 146 1709; x_wconf 69' lang='grc' dir='ltr'><strong><em>ρύνης,</em></strong></span> <span class='ocrx_word' id='word_1_102' title='bbox 162 1634 234 1709; x_wconf 81' lang='grc' dir='ltr'><strong><em>ὐπέρ</em></strong></span> <span class='ocrx_word' id='word_1_103' title='bbox 252 1638 297 1705; x_wconf 67' lang='grc' dir='ltr'><strong><em>τῆς</em></strong></span> <span class='ocrx_word' id='word_1_104' title='bbox 314 1637 457 1701; x_wconf 66' lang='grc' dir='ltr'><strong><em>ἐκκλησίας</em></strong></span> <span class='ocrx_word' id='word_1_105' title='bbox 472 1635 522 1689; x_wconf 88' lang='grc' dir='ltr'><strong><em>τοῦ</em></strong></span> <span class='ocrx_word' id='word_1_106' title='bbox 539 1628 608 1688; x_wconf 88' lang='grc' dir='ltr'><strong><em>θεοῦ</em></strong></span> <span class='ocrx_word' id='word_1_107' title='bbox 624 1631 708 1689; x_wconf 85' lang='grc' dir='ltr'><strong><em>αὐτοῦ</em></strong></span> <span class='ocrx_word' id='word_1_108' title='bbox 725 1651 752 1688; x_wconf 88' lang='grc' dir='ltr'><strong><em>τε</em></strong></span> <span class='ocrx_word' id='word_1_109' title='bbox 769 1637 910 1704; x_wconf 77' lang='grc' dir='ltr'><strong><em>βασιλέως,</em></strong></span> <span class='ocrx_word' id='word_1_110' title='bbox 927 1634 998 1711; x_wconf 77' lang='grc' dir='ltr'><strong><em>ύπίρ</em></strong></span> <span class='ocrx_word' id='word_1_111' title='bbox 1016 1644 1064 1694; x_wconf 92' lang='grc' dir='ltr'><strong><em>τοῦ</em></strong></span> <span class='ocrx_word' id='word_1_112' title='bbox 1081 1637 1217 1696; x_wconf 87' lang='grc' dir='ltr'><strong><em>τοσούτων</em></strong></span> <span class='ocrx_word' id='word_1_113' title='bbox 1226 1645 1325 1711; x_wconf 75' lang='grc' dir='ltr'><strong><em>αἰτίαν,</em></strong></span> 
     </span>
     <span class='ocr_line' id='line_1_15' title="bbox 58 1715 1324 1795; baseline -0.004 -19"><span class='ocrx_word' id='word_1_114' title='bbox 58 1724 163 1778; x_wconf 74' lang='grc' dir='ltr'><strong><em>παίδων</em></strong></span> <span class='ocrx_word' id='word_1_115' title='bbox 179 1720 206 1776; x_wconf 81' lang='grc' dir='ltr'><strong><em>τ’</em></strong></span> <span class='ocrx_word' id='word_1_116' title='bbox 226 1723 313 1775; x_wconf 73' lang='grc' dir='ltr'><strong><em>αὐτοῦ</em></strong></span> <span class='ocrx_word' id='word_1_117' title='bbox 329 1721 482 1790; x_wconf 68' lang='grc' dir='ltr'><strong><em>θεοφιλῶν,</em></strong></span> <span class='ocrx_word' id='word_1_118' title='bbox 498 1720 648 1790; x_wconf 81' lang='grc' dir='ltr'><strong><em>λκετηρίους</em></strong></span> <span class='ocrx_word' id='word_1_119' title='bbox 664 1715 748 1788; x_wconf 82' lang='grc' dir='ltr'><strong><em>εὐχάς</em></strong></span> <span class='ocrx_word' id='word_1_120' title='bbox 765 1721 803 1787; x_wconf 81' lang='grc' dir='ltr'><strong><em>τῶ</em></strong></span> <span class='ocrx_word' id='word_1_121' title='bbox 818 1722 876 1788; x_wconf 80' lang='grc' dir='ltr'><strong><em>θεῶ</em></strong></span> <span class='ocrx_word' id='word_1_122' title='bbox 892 1727 1157 1795; x_wconf 79' lang='grc' dir='ltr'><strong><em>προςαναφέροντες.</em></strong></span> <span class='ocrx_word' id='word_1_123' title='bbox 1191 1733 1225 1782; x_wconf 76' lang='lat' dir='ltr'><strong><em>At</em></strong></span> <span class='ocrx_word' id='word_1_124' title='bbox 1231 1733 1324 1783; x_wconf 63' lang='lat'>1120..</span> 
     </span>
     <span class='ocr_line' id='line_1_16' title="bbox 58 1798 1326 1881; baseline 0.002 -18"><span class='ocrx_word' id='word_1_125' title='bbox 58 1815 122 1864; x_wconf 78' lang='lat' dir='ltr'><strong><em>uin</em></strong></span> <span class='ocrx_word' id='word_1_126' title='bbox 137 1811 240 1877; x_wconf 73' lang='lat' dir='ltr'><strong>ipuiog.</strong></span> <span class='ocrx_word' id='word_1_127' title='bbox 259 1811 289 1861; x_wconf 83' lang='lat' dir='ltr'><strong><em>ad</em></strong></span> <span class='ocrx_word' id='word_1_128' title='bbox 300 1810 397 1861; x_wconf 52' lang='lat' dir='ltr'><strong>Consta</strong></span> <span class='ocrx_word' id='word_1_129' title='bbox 415 1799 507 1875; x_wconf 89' lang='grc' dir='ltr'><strong><em>μόνον</em></strong></span> <span class='ocrx_word' id='word_1_130' title='bbox 524 1800 578 1875; x_wconf 81' lang='grc' dir='ltr'><strong><em>γάρ</em></strong></span> <span class='ocrx_word' id='word_1_131' title='bbox 597 1804 703 1874; x_wconf 76' lang='grc' dir='ltr'><strong><em>ἔλεγον,</em></strong></span> <span class='ocrx_word' id='word_1_132' title='bbox 720 1798 867 1874; x_wconf 80' lang='grc' dir='ltr'><strong><em>εὐξάμεθα</em></strong></span> <span class='ocrx_word' id='word_1_133' title='bbox 885 1807 950 1875; x_wconf 77' lang='grc' dir='ltr'><strong><em>περὶ</em></strong></span> <span class='ocrx_word' id='word_1_134' title='bbox 966 1809 1011 1874; x_wconf 76' lang='grc' dir='ltr'><strong><em>τῆς</em></strong></span> <span class='ocrx_word' id='word_1_135' title='bbox 1027 1814 1163 1881; x_wconf 79' lang='grc' dir='ltr'><strong><em>σωτηρίας</em></strong></span> <span class='ocrx_word' id='word_1_136' title='bbox 1180 1813 1227 1865; x_wconf 91' lang='grc' dir='ltr'><strong><em>τοῦ</em></strong></span> <span class='ocrx_word' id='word_1_137' title='bbox 1243 1809 1326 1866; x_wconf 84' lang='grc' dir='ltr'><strong><em>εὐσε-</em></strong></span> 
     </span>
     <span class='ocr_line' id='line_1_17' title="bbox 54 1885 1325 1968; baseline -0.005 -24"><span class='ocrx_word' id='word_1_138' title='bbox 54 1890 181 1960; x_wconf 62' lang='lat' dir='ltr'><strong>muron</strong></span> <span class='ocrx_word' id='word_1_139' title='bbox 197 1887 365 1961; x_wconf 75' lang='grc' dir='ltr'><strong><em>Αὐγούστου</em></strong></span> <span class='ocrx_word' id='word_1_140' title='bbox 381 1891 591 1942; x_wconf 80' lang='grc' dir='ltr'><strong><em>Κωνσταντέου·</em></strong></span> <span class='ocrx_word' id='word_1_141' title='bbox 610 1889 657 1940; x_wconf 88' lang='grc' dir='ltr'><strong><em>καλ</em></strong></span> <span class='ocrx_word' id='word_1_142' title='bbox 676 1889 729 1948; x_wconf 83' lang='grc' dir='ltr'><strong><em>πῶς</em></strong></span> <span class='ocrx_word' id='word_1_143' title='bbox 746 1885 761 1943; x_wconf 86' lang='grc' dir='ltr'><strong><em>ό</em></strong></span> <span class='ocrx_word' id='word_1_144' title='bbox 780 1887 846 1949; x_wconf 82' lang='grc' dir='ltr'><strong><em>λαός</em></strong></span> <span class='ocrx_word' id='word_1_145' title='bbox 865 1888 949 1950; x_wconf 83' lang='grc' dir='ltr'><strong><em>εὐθύς</em></strong></span> <span class='ocrx_word' id='word_1_146' title='bbox 965 1892 1017 1963; x_wconf 74' lang='grc' dir='ltr'><strong><em>μιᾷ</em></strong></span> <span class='ocrx_word' id='word_1_147' title='bbox 1039 1895 1121 1966; x_wconf 72' lang='grc' dir='ltr'><strong><em>ιγωνῇ</em></strong></span> <span class='ocrx_word' id='word_1_148' title='bbox 1143 1891 1227 1963; x_wconf 61' lang='grc' dir='ltr'><strong><em>ἱρός·</em></strong></span> <span class='ocrx_word' id='word_1_149' title='bbox 1251 1900 1325 1968; x_wconf 63' lang='grc' dir='ltr'><strong><em>χρη.</em></strong></span> 
     </span>
     <span class='ocr_line' id='line_1_18' title="bbox 57 1976 427 2045; baseline -0.008 -14"><span class='ocrx_word' id='word_1_150' title='bbox 57 1976 98 2031; x_wconf 87' lang='grc' dir='ltr'><strong><em>στλ</em></strong></span> <span class='ocrx_word' id='word_1_151' title='bbox 113 1976 213 2045; x_wconf 63' lang='lat' dir='ltr'><strong>puniant</strong></span> <span class='ocrx_word' id='word_1_152' title='bbox 234 1976 427 2040; x_wconf 77' lang='grc' dir='ltr'><strong><em>Κωνοταντίῳ.</em></strong></span> 
     </span>
    </p>

    <p class='ocr_par' dir='ltr' id='par_1_5' title="bbox 57 2054 1324 2218">
     <span class='ocr_line' id='line_1_19' title="bbox 136 2054 1324 2134; baseline 0.003 -20"><span class='ocrx_word' id='word_1_153' title='bbox 136 2065 162 2127; x_wconf 73' lang='lat'><strong><em>2)</em></strong></span> <span class='ocrx_word' id='word_1_154' title='bbox 178 2060 433 2129; x_wconf 71' lang='grc' dir='ltr'><strong><em>ίοτπροςφέρομεν</em></strong></span> <span class='ocrx_word' id='word_1_155' title='bbox 448 2063 472 2113; x_wconf 92' lang='lat' dir='ltr'><strong><em>iu</em></strong></span> <span class='ocrx_word' id='word_1_156' title='bbox 491 2061 538 2112; x_wconf 83' lang='lat' dir='ltr'><strong><em>huc</em></strong></span> <span class='ocrx_word' id='word_1_157' title='bbox 555 2061 633 2126; x_wconf 81' lang='lat' dir='ltr'><strong>eapite</strong></span> <span class='ocrx_word' id='word_1_158' title='bbox 651 2062 714 2112; x_wconf 76' lang='lat' dir='ltr'><strong>idern</strong></span> <span class='ocrx_word' id='word_1_159' title='bbox 733 2063 930 2129; x_wconf 66' lang='lat' dir='ltr'><strong>significantque</strong></span> <span class='ocrx_word' id='word_1_160' title='bbox 948 2054 1081 2131; x_wconf 79' lang='grc' dir='ltr'><strong><em>δεόμεθα,</em></strong></span> <span class='ocrx_word' id='word_1_161' title='bbox 1100 2065 1324 2134; x_wconf 87' lang='grc' dir='ltr'><strong><em>παρακαλοῦμεν,</em></strong></span> 
     </span>
     <span class='ocr_line' id='line_1_20' title="bbox 57 2144 196 2218; baseline -0.014 -19"><span class='ocrx_word' id='word_1_162' title='bbox 57 2144 196 2218; x_wconf 81' lang='grc' dir='ltr'><strong><em>άξιοῦμεν.</em></strong></span> 
     </span>
    </p>

    <p class='ocr_par' dir='ltr' id='par_1_6' title="bbox 10 2229 1379 3570">
     <span class='ocr_line' id='line_1_21' title="bbox 141 2229 1325 2301; baseline 0.003 -16"><span class='ocrx_word' id='word_1_163' title='bbox 141 2233 168 2296; x_wconf 76' lang='grc'><strong><em>3)</em></strong></span> <span class='ocrx_word' id='word_1_164' title='bbox 193 2234 281 2285; x_wconf 79' lang='lat' dir='ltr'><strong>lterum</strong></span> <span class='ocrx_word' id='word_1_165' title='bbox 309 2230 471 2296; x_wconf 73' lang='lat' dir='ltr'><strong>deprehendit</strong></span> <span class='ocrx_word' id='word_1_166' title='bbox 499 2229 647 2281; x_wconf 74' lang='lat' dir='ltr'><strong>neuen-undae</strong></span> <span class='ocrx_word' id='word_1_167' title='bbox 674 2231 822 2295; x_wconf 75' lang='lat' dir='ltr'><strong><em>antiquitatis</em></strong></span> <span class='ocrx_word' id='word_1_168' title='bbox 848 2233 978 2296; x_wconf 74' lang='lat' dir='ltr'><strong>uestigium.</strong></span> <span class='ocrx_word' id='word_1_169' title='bbox 1016 2233 1106 2284; x_wconf 75' lang='lat' dir='ltr'><strong>Omnes</strong></span> <span class='ocrx_word' id='word_1_170' title='bbox 1124 2235 1187 2285; x_wconf 82' lang='lat' dir='ltr'><strong>anim</strong></span> <span class='ocrx_word' id='word_1_171' title='bbox 1205 2236 1325 2301; x_wconf 71' lang='lat' dir='ltr'><strong>Litunpiae</strong></span> 
     </span>
     <span class='ocr_line' id='line_1_22' title="bbox 57 2316 1325 2388; baseline 0.002 -17"><span class='ocrx_word' id='word_1_172' title='bbox 57 2336 120 2388; x_wconf 81' lang='grc' dir='ltr'><strong><em>ηοιε</em></strong></span> <span class='ocrx_word' id='word_1_173' title='bbox 138 2326 192 2369; x_wconf 76' lang='lat' dir='ltr'><strong><em>uun</em></strong></span> <span class='ocrx_word' id='word_1_174' title='bbox 213 2318 336 2369; x_wconf 71' lang='lat' dir='ltr'><strong>saeculum</strong></span> <span class='ocrx_word' id='word_1_175' title='bbox 360 2325 472 2381; x_wconf 75' lang='lat' dir='ltr'><strong>quintum</strong></span> <span class='ocrx_word' id='word_1_176' title='bbox 497 2316 607 2366; x_wconf 77' lang='lat' dir='ltr'><strong>continu</strong></span> <span class='ocrx_word' id='word_1_177' title='bbox 625 2322 681 2366; x_wconf 84' lang='lat' dir='ltr'><strong>nunt</strong></span> <span class='ocrx_word' id='word_1_178' title='bbox 701 2331 788 2379; x_wconf 83' lang='lat' dir='ltr'><strong>pnuces</strong></span> <span class='ocrx_word' id='word_1_179' title='bbox 807 2317 910 2367; x_wconf 80' lang='lat' dir='ltr'><strong>tundunt</strong></span> <span class='ocrx_word' id='word_1_180' title='bbox 926 2332 971 2382; x_wconf 88' lang='lat' dir='ltr'><strong><em>pru</em></strong></span> <span class='ocrx_word' id='word_1_181' title='bbox 990 2318 1112 2382; x_wconf 73' lang='lat' dir='ltr'><strong>tpuutuiia</strong></span> <span class='ocrx_word' id='word_1_182' title='bbox 1130 2327 1153 2368; x_wconf 80' lang='lat' dir='ltr'><strong><em>et</em></strong></span> <span class='ocrx_word' id='word_1_183' title='bbox 1171 2322 1325 2386; x_wconf 74' lang='grc' dir='ltr'><strong><em>ωετινιίὐυλ,</em></strong></span> 
     </span>
     <span class='ocr_line' id='line_1_23' title="bbox 58 2394 1325 2472; baseline 0.002 -15"><span class='ocrx_word' id='word_1_184' title='bbox 58 2405 203 2457; x_wconf 74' lang='lat' dir='ltr'><strong>influmine</strong></span> <span class='ocrx_word' id='word_1_185' title='bbox 224 2402 399 2469; x_wconf 73' lang='lat' dir='ltr'><strong>pausantibus:</strong></span> <span class='ocrx_word' id='word_1_186' title='bbox 424 2416 484 2466; x_wconf 86' lang='grc' dir='ltr'><strong><em>ηοεε</em></strong></span> <span class='ocrx_word' id='word_1_187' title='bbox 508 2400 651 2451; x_wconf 74' lang='lat' dir='ltr'><strong>recentioris</strong></span> <span class='ocrx_word' id='word_1_188' title='bbox 669 2400 769 2462; x_wconf 78' lang='lat' dir='ltr'><strong>originis</strong></span> <span class='ocrx_word' id='word_1_189' title='bbox 786 2407 851 2462; x_wconf 80' lang='lat' dir='ltr'><strong>aunt,</strong></span> <span class='ocrx_word' id='word_1_190' title='bbox 870 2401 978 2452; x_wconf 74' lang='lat' dir='ltr'><strong>invocant</strong></span> <span class='ocrx_word' id='word_1_191' title='bbox 995 2400 1106 2465; x_wconf 71' lang='lat' dir='ltr'><strong>Sanetus,</strong></span> <span class='ocrx_word' id='word_1_192' title='bbox 1131 2413 1158 2454; x_wconf 89' lang='lat' dir='ltr'><strong><em>ut</em></strong></span> <span class='ocrx_word' id='word_1_193' title='bbox 1175 2406 1220 2470; x_wconf 80' lang='lat' dir='ltr'><strong>ipsi</strong></span> <span class='ocrx_word' id='word_1_194' title='bbox 1239 2394 1325 2472; x_wconf 74' lang='lat' dir='ltr'><strong>prutes</strong></span> 
     </span>
     <span class='ocr_line' id='line_1_24' title="bbox 58 2480 1379 2556; baseline -0.001 -15"><span class='ocrx_word' id='word_1_195' title='bbox 58 2487 358 2553; x_wconf 76' lang='lat' dir='ltr'><strong>iuudautprussdeiibus.</strong></span> <span class='ocrx_word' id='word_1_196' title='bbox 393 2485 596 2550; x_wconf 75' lang='lat' dir='ltr'><strong>Epiphanius</strong></span> <span class='ocrx_word' id='word_1_197' title='bbox 615 2485 684 2534; x_wconf 77' lang='lat' dir='ltr'><strong>iiten.</strong></span> <span class='ocrx_word' id='word_1_198' title='bbox 704 2484 751 2534; x_wconf 77' lang='lat'><strong><em>⁷5:</em></strong></span> <span class='ocrx_word' id='word_1_199' title='bbox 780 2511 812 2522; x_wconf 90' lang='lat'><em>-</em></span> <span class='ocrx_word' id='word_1_200' title='bbox 831 2480 924 2534; x_wconf 73' lang='grc' dir='ltr'><strong><em>ἔπειτα</em></strong></span> <span class='ocrx_word' id='word_1_201' title='bbox 942 2481 972 2534; x_wconf 77' lang='grc' dir='ltr'><strong><em>δὲ</em></strong></span> <span class='ocrx_word' id='word_1_202' title='bbox 991 2485 1055 2553; x_wconf 77' lang='grc' dir='ltr'><strong><em>περὶ</em></strong></span> <span class='ocrx_word' id='word_1_203' title='bbox 1074 2486 1120 2536; x_wconf 90' lang='grc' dir='ltr'><strong><em>τοῦ</em></strong></span> <span class='ocrx_word' id='word_1_204' title='bbox 1140 2482 1264 2556; x_wconf 83' lang='grc' dir='ltr'><strong><em>ὀνόματα</em></strong></span> <span class='ocrx_word' id='word_1_205' title='bbox 1282 2489 1325 2540; x_wconf 85' lang='grc' dir='ltr'><strong><em>λέ-</em></strong></span> <span class='ocrx_word' id='word_1_206' title='bbox 1375 2486 1379 2493; x_wconf 83' lang='grc'><strong>’</strong></span> 
     </span>
     <span class='ocr_line' id='line_1_25' title="bbox 58 2561 1327 2644; baseline 0 -19"><span class='ocrx_word' id='word_1_207' title='bbox 58 2589 114 2640; x_wconf 81' lang='grc' dir='ltr'><strong><em>γειν</em></strong></span> <span class='ocrx_word' id='word_1_208' title='bbox 129 2571 185 2624; x_wconf 85' lang='grc' dir='ltr'><strong><em>τῶν</em></strong></span> <span class='ocrx_word' id='word_1_209' title='bbox 204 2565 431 2635; x_wconf 87' lang='grc' dir='ltr'><strong><em>τελευτησάντων,</em></strong></span> <span class='ocrx_word' id='word_1_210' title='bbox 455 2569 483 2619; x_wconf 86' lang='grc' dir='ltr'><strong><em>τέ</em></strong></span> <span class='ocrx_word' id='word_1_211' title='bbox 497 2561 533 2618; x_wconf 85' lang='grc' dir='ltr'><strong><em>άν</em></strong></span> <span class='ocrx_word' id='word_1_212' title='bbox 550 2567 592 2631; x_wconf 81' lang='grc' dir='ltr'><strong><em>ελη</em></strong></span> <span class='ocrx_word' id='word_1_213' title='bbox 606 2561 703 2618; x_wconf 90' lang='grc' dir='ltr'><strong><em>τούτου</em></strong></span> <span class='ocrx_word' id='word_1_214' title='bbox 721 2570 951 2638; x_wconf 87' lang='grc' dir='ltr'><strong><em>προυργιαίτερον</em></strong></span> <span class='ocrx_word' id='word_1_215' title='bbox 957 2588 967 2631; x_wconf 79' lang='lat'><em>3</em></span> <span class='ocrx_word' id='word_1_216' title='bbox 991 2572 1017 2619; x_wconf 86' lang='grc' dir='ltr'><strong><em>τί</em></strong></span> <span class='ocrx_word' id='word_1_217' title='bbox 1033 2562 1127 2623; x_wconf 83' lang='grc' dir='ltr'><strong><em>τούτου</em></strong></span> <span class='ocrx_word' id='word_1_218' title='bbox 1145 2565 1327 2644; x_wconf 86' lang='grc' dir='ltr'><strong><em>καιριιότερον</em></strong></span> 
     </span>
     <span class='ocr_line' id='line_1_26' title="bbox 58 2643 1327 2725; baseline 0.002 -17"><span class='ocrx_word' id='word_1_219' title='bbox 58 2658 102 2708; x_wconf 82' lang='grc' dir='ltr'><strong><em>καλ</em></strong></span> <span class='ocrx_word' id='word_1_220' title='bbox 115 2646 360 2725; x_wconf 82' lang='grc' dir='ltr'><strong><em>θαυμασιώτερον,</em></strong></span> <span class='ocrx_word' id='word_1_221' title='bbox 377 2647 515 2704; x_wconf 81' lang='grc' dir='ltr'><strong><em>πιστεύειν</em></strong></span> <span class='ocrx_word' id='word_1_222' title='bbox 531 2649 586 2721; x_wconf 74' lang='grc' dir='ltr'><strong><em>μίν</em></strong></span> <span class='ocrx_word' id='word_1_223' title='bbox 603 2646 666 2708; x_wconf 86' lang='grc' dir='ltr'><strong><em>τούς</em></strong></span> <span class='ocrx_word' id='word_1_224' title='bbox 683 2643 830 2723; x_wconf 85' lang='grc' dir='ltr'><strong><em>παρόντας,</em></strong></span> <span class='ocrx_word' id='word_1_225' title='bbox 849 2650 890 2703; x_wconf 79' lang='grc' dir='ltr'><strong><em>ὅτι</em></strong></span> <span class='ocrx_word' id='word_1_226' title='bbox 906 2651 933 2704; x_wconf 81' lang='grc' dir='ltr'><strong><em>ολ</em></strong></span> <span class='ocrx_word' id='word_1_227' title='bbox 950 2647 1120 2713; x_wconf 72' lang='grc' dir='ltr'><strong><em>ἀπελθόντες</em></strong></span> <span class='ocrx_word' id='word_1_228' title='bbox 1135 2655 1207 2721; x_wconf 80' lang='grc' dir='ltr'><strong><em>ζῶσι,</em></strong></span> <span class='ocrx_word' id='word_1_229' title='bbox 1231 2657 1277 2708; x_wconf 90' lang='grc' dir='ltr'><strong><em>καλ</em></strong></span> <span class='ocrx_word' id='word_1_230' title='bbox 1295 2656 1327 2710; x_wconf 74' lang='grc' dir='ltr'><strong><em>ἔν</em></strong></span> 
     </span>
     <span class='ocr_line' id='line_1_27' title="bbox 57 2730 1327 2809; baseline 0.002 -17"><span class='ocrx_word' id='word_1_231' title='bbox 57 2742 209 2809; x_wconf 76' lang='grc' dir='ltr'><strong><em>ὐνυπαρέίη</em></strong></span> <span class='ocrx_word' id='word_1_232' title='bbox 234 2735 284 2791; x_wconf 84' lang='grc' dir='ltr'><strong><em>οὐκ</em></strong></span> <span class='ocrx_word' id='word_1_233' title='bbox 308 2739 388 2803; x_wconf 83' lang='grc' dir='ltr'><strong><em>είσλν,</em></strong></span> <span class='ocrx_word' id='word_1_234' title='bbox 412 2732 481 2788; x_wconf 83' lang='grc' dir='ltr'><strong><em>άλλά</em></strong></span> <span class='ocrx_word' id='word_1_235' title='bbox 503 2737 557 2789; x_wconf 86' lang='grc' dir='ltr'><strong><em>είσλ</em></strong></span> <span class='ocrx_word' id='word_1_236' title='bbox 574 2736 622 2788; x_wconf 89' lang='grc' dir='ltr'><strong><em>καλ</em></strong></span> <span class='ocrx_word' id='word_1_237' title='bbox 639 2737 701 2798; x_wconf 77' lang='grc' dir='ltr'><strong><em>ζῶσι</em></strong></span> <span class='ocrx_word' id='word_1_238' title='bbox 719 2731 796 2804; x_wconf 84' lang='grc' dir='ltr'><strong><em>παρά</em></strong></span> <span class='ocrx_word' id='word_1_239' title='bbox 814 2736 851 2803; x_wconf 81' lang='grc' dir='ltr'><strong><em>τῶ</em></strong></span> <span class='ocrx_word' id='word_1_240' title='bbox 867 2730 996 2809; x_wconf 79' lang='grc' dir='ltr'><strong><em>ὐεσπότη,</em></strong></span> <span class='ocrx_word' id='word_1_241' title='bbox 1020 2739 1067 2790; x_wconf 87' lang='grc' dir='ltr'><strong><em>καλ</em></strong></span> <span class='ocrx_word' id='word_1_242' title='bbox 1084 2733 1159 2798; x_wconf 79' lang='grc' dir='ltr'><strong><em>ὅπως</em></strong></span> <span class='ocrx_word' id='word_1_243' title='bbox 1176 2733 1213 2792; x_wconf 82' lang='grc' dir='ltr'><strong><em>άν</em></strong></span> <span class='ocrx_word' id='word_1_244' title='bbox 1229 2738 1259 2794; x_wconf 89' lang='grc' dir='ltr'><strong><em>τὸ</em></strong></span> <span class='ocrx_word' id='word_1_245' title='bbox 1277 2758 1327 2795; x_wconf 88' lang='grc' dir='ltr'><strong><em>σε·</em></strong></span> 
     </span>
     <span class='ocr_line' id='line_1_28' title="bbox 56 2814 1327 2893; baseline 0.001 -17"><span class='ocrx_word' id='word_1_246' title='bbox 56 2821 190 2893; x_wconf 85' lang='grc' dir='ltr'><strong><em>μνόταιον</em></strong></span> <span class='ocrx_word' id='word_1_247' title='bbox 218 2816 346 2892; x_wconf 78' lang='grc' dir='ltr'><strong><em>κήρυγμα</em></strong></span> <span class='ocrx_word' id='word_1_248' title='bbox 363 2814 551 2889; x_wconf 75' lang='grc' dir='ltr'><strong><em>ιλιηγησαιντο,</em></strong></span> <span class='ocrx_word' id='word_1_249' title='bbox 575 2816 612 2879; x_wconf 82' lang='grc' dir='ltr'><strong><em>ὡς</em></strong></span> <span class='ocrx_word' id='word_1_250' title='bbox 628 2818 706 2878; x_wconf 87' lang='grc' dir='ltr'><strong><em>έλπίς</em></strong></span> <span class='ocrx_word' id='word_1_251' title='bbox 723 2818 798 2871; x_wconf 71' lang='grc' dir='ltr'><strong><em>ἔστιν</em></strong></span> <span class='ocrx_word' id='word_1_252' title='bbox 815 2816 884 2890; x_wconf 70' lang='grc' dir='ltr'><strong><em>ὑπὲρ</em></strong></span> <span class='ocrx_word' id='word_1_253' title='bbox 902 2818 1035 2891; x_wconf 72' lang='grc' dir='ltr'><strong><em>άιλελιμῶν</em></strong></span> <span class='ocrx_word' id='word_1_254' title='bbox 1051 2819 1217 2892; x_wconf 72' lang='grc' dir='ltr'><strong><em>εὐχομένοις,</em></strong></span> <span class='ocrx_word' id='word_1_255' title='bbox 1243 2823 1279 2885; x_wconf 86' lang='grc' dir='ltr'><strong><em>ῶς</em></strong></span> <span class='ocrx_word' id='word_1_256' title='bbox 1295 2824 1327 2880; x_wconf 84' lang='grc' dir='ltr'><strong><em>έν</em></strong></span> 
     </span>
     <span class='ocr_line' id='line_1_29' title="bbox 57 2899 1325 2978; baseline 0.001 -16"><span class='ocrx_word' id='word_1_257' title='bbox 57 2907 197 2978; x_wconf 79' lang='grc' dir='ltr'><strong><em>τίποάημίρ</em></strong></span> <span class='ocrx_word' id='word_1_258' title='bbox 214 2901 425 2976; x_wconf 76' lang='grc' dir='ltr'><strong><em>τυγχανόντων·</em></strong></span> <span class='ocrx_word' id='word_1_259' title='bbox 443 2902 547 2974; x_wconf 77' lang='grc' dir='ltr'><strong><em>ῶφελει·</em></strong></span> <span class='ocrx_word' id='word_1_260' title='bbox 564 2904 593 2957; x_wconf 69' lang='lat' dir='ltr'><strong><em>ii</em></strong></span> <span class='ocrx_word' id='word_1_261' title='bbox 612 2905 660 2955; x_wconf 88' lang='grc' dir='ltr'><strong><em>καλ</em></strong></span> <span class='ocrx_word' id='word_1_262' title='bbox 676 2899 746 2970; x_wconf 75' lang='grc' dir='ltr'><strong><em>ὑπὲρ</em></strong></span> <span class='ocrx_word' id='word_1_263' title='bbox 764 2902 855 2955; x_wconf 84' lang='grc' dir='ltr'><strong><em>αὐτῶν</em></strong></span> <span class='ocrx_word' id='word_1_264' title='bbox 871 2910 1010 2974; x_wconf 89' lang='grc' dir='ltr'><strong><em>γενομένη</em></strong></span> <span class='ocrx_word' id='word_1_265' title='bbox 1027 2904 1103 2976; x_wconf 78' lang='grc' dir='ltr'><strong><em>εὐχὴ,</em></strong></span> <span class='ocrx_word' id='word_1_266' title='bbox 1121 2910 1146 2960; x_wconf 88' lang='grc' dir='ltr'><strong><em>εί</em></strong></span> <span class='ocrx_word' id='word_1_267' title='bbox 1162 2911 1209 2961; x_wconf 87' lang='grc' dir='ltr'><strong><em>καλ</em></strong></span> <span class='ocrx_word' id='word_1_268' title='bbox 1226 2913 1258 2962; x_wconf 82' lang='grc' dir='ltr'><strong><em>τὰ</em></strong></span> <span class='ocrx_word' id='word_1_269' title='bbox 1276 2907 1325 2964; x_wconf 84' lang='grc' dir='ltr'><strong><em>ὅλα</em></strong></span> 
     </span>
     <span class='ocr_line' id='line_1_30' title="bbox 10 2975 1327 3062; baseline -0.001 -16"><span class='ocrx_word' id='word_1_270' title='bbox 10 3002 12 3013; x_wconf 88' lang='grc'><strong>“</strong></span> <span class='ocrx_word' id='word_1_271' title='bbox 57 2994 105 3046; x_wconf 82' lang='grc' dir='ltr'><strong><em>τῶν</em></strong></span> <span class='ocrx_word' id='word_1_272' title='bbox 122 2985 296 3062; x_wconf 84' lang='grc' dir='ltr'><strong><em>αίτιαμάτων</em></strong></span> <span class='ocrx_word' id='word_1_273' title='bbox 312 2988 351 3059; x_wconf 77' lang='grc' dir='ltr'><strong><em>μη</em></strong></span> <span class='ocrx_word' id='word_1_274' title='bbox 368 2983 521 3043; x_wconf 80' lang='grc' dir='ltr'><strong><em>άποκόπτοι</em></strong></span> <span class='ocrx_word' id='word_1_275' title='bbox 538 2985 598 3040; x_wconf 74' lang='grc' dir='ltr'><strong><em>ἀλλ’</em></strong></span> <span class='ocrx_word' id='word_1_276' title='bbox 620 2975 669 3041; x_wconf 83' lang='grc' dir='ltr'><strong><em>οόν</em></strong></span> <span class='ocrx_word' id='word_1_277' title='bbox 686 3004 718 3057; x_wconf 89' lang='grc' dir='ltr'><strong><em>γε</em></strong></span> <span class='ocrx_word' id='word_1_278' title='bbox 737 2985 784 3039; x_wconf 81' lang='grc' dir='ltr'><strong><em>διὰ</em></strong></span> <span class='ocrx_word' id='word_1_279' title='bbox 802 2985 831 3040; x_wconf 85' lang='grc' dir='ltr'><strong><em>τὸ</em></strong></span> <span class='ocrx_word' id='word_1_280' title='bbox 849 2984 981 3049; x_wconf 79' lang='grc' dir='ltr'><strong><em>πολλάκις</em></strong></span> <span class='ocrx_word' id='word_1_281' title='bbox 998 2990 1028 3042; x_wconf 81' lang='grc' dir='ltr'><strong><em>έν</em></strong></span> <span class='ocrx_word' id='word_1_282' title='bbox 1046 2985 1142 3060; x_wconf 82' lang='grc' dir='ltr'><strong><em>κόσμῳ</em></strong></span> <span class='ocrx_word' id='word_1_283' title='bbox 1160 2988 1233 3062; x_wconf 76' lang='grc' dir='ltr'><strong><em>ἡμᾶς</em></strong></span> <span class='ocrx_word' id='word_1_284' title='bbox 1245 2988 1327 3055; x_wconf 83' lang='grc' dir='ltr'><strong><em>ὄντας</em></strong></span> 
     </span>
     <span class='ocr_line' id='line_1_31' title="bbox 57 3071 1325 3150; baseline -0.001 -19"><span class='ocrx_word' id='word_1_285' title='bbox 57 3074 229 3148; x_wconf 66' lang='grc' dir='ltr'><strong><em>σφάλλεσθαι</em></strong></span> <span class='ocrx_word' id='word_1_286' title='bbox 254 3072 390 3133; x_wconf 76' lang='grc' dir='ltr'><strong><em>ἀκουσίως</em></strong></span> <span class='ocrx_word' id='word_1_287' title='bbox 412 3091 439 3127; x_wconf 88' lang='grc' dir='ltr'><strong><em>τε</em></strong></span> <span class='ocrx_word' id='word_1_288' title='bbox 462 3075 510 3126; x_wconf 86' lang='grc' dir='ltr'><strong><em>καλ</em></strong></span> <span class='ocrx_word' id='word_1_289' title='bbox 531 3072 671 3138; x_wconf 71' lang='grc' dir='ltr'><strong><em>ἑκουσίως,</em></strong></span> <span class='ocrx_word' id='word_1_290' title='bbox 695 3075 741 3124; x_wconf 77' lang='grc' dir='ltr'><strong><em>ἵνα</em></strong></span> <span class='ocrx_word' id='word_1_291' title='bbox 765 3071 794 3125; x_wconf 82' lang='grc' dir='ltr'><strong><em>τὸ</em></strong></span> <span class='ocrx_word' id='word_1_292' title='bbox 818 3073 1006 3144; x_wconf 80' lang='grc' dir='ltr'><strong><em>έντελέστερον</em></strong></span> <span class='ocrx_word' id='word_1_293' title='bbox 1032 3079 1176 3148; x_wconf 73' lang='grc' dir='ltr'><strong><em>σημανθῇ·</em></strong></span> <span class='ocrx_word' id='word_1_294' title='bbox 1201 3079 1249 3128; x_wconf 87' lang='grc' dir='ltr'><strong><em>καλ</em></strong></span> <span class='ocrx_word' id='word_1_295' title='bbox 1270 3076 1325 3150; x_wconf 81' lang='grc' dir='ltr'><strong><em>γάρ</em></strong></span> 
     </span>
     <span class='ocr_line' id='line_1_32' title="bbox 57 3152 1326 3232; baseline 0 -16"><span class='ocrx_word' id='word_1_296' title='bbox 57 3163 168 3216; x_wconf 74' lang='grc' dir='ltr'><strong><em>δικαίων</em></strong></span> <span class='ocrx_word' id='word_1_297' title='bbox 185 3154 347 3226; x_wconf 87' lang='grc' dir='ltr'><strong><em>ποιούμεθα</em></strong></span> <span class='ocrx_word' id='word_1_298' title='bbox 363 3155 412 3225; x_wconf 79' lang='grc' dir='ltr'><strong><em>τὴν</em></strong></span> <span class='ocrx_word' id='word_1_299' title='bbox 428 3152 543 3226; x_wconf 78' lang='grc' dir='ltr'><strong><em>μνήμην</em></strong></span> <span class='ocrx_word' id='word_1_300' title='bbox 560 3159 607 3210; x_wconf 85' lang='grc' dir='ltr'><strong><em>καλ</em></strong></span> <span class='ocrx_word' id='word_1_301' title='bbox 623 3152 694 3224; x_wconf 74' lang='grc' dir='ltr'><strong><em>ὑπὲρ</em></strong></span> <span class='ocrx_word' id='word_1_302' title='bbox 712 3153 891 3227; x_wconf 76' lang='grc' dir='ltr'><strong><em>ἁμαρτωλῶν,</em></strong></span> <span class='ocrx_word' id='word_1_303' title='bbox 911 3153 980 3231; x_wconf 78' lang='grc' dir='ltr'><strong><em>ὑπὲρ</em></strong></span> <span class='ocrx_word' id='word_1_304' title='bbox 999 3160 1091 3219; x_wconf 75' lang='grc' dir='ltr'><strong><em>ἐλέους</em></strong></span> <span class='ocrx_word' id='word_1_305' title='bbox 1102 3162 1171 3213; x_wconf 90' lang='grc' dir='ltr'><strong><em>θεοῦ</em></strong></span> <span class='ocrx_word' id='word_1_306' title='bbox 1182 3154 1326 3232; x_wconf 81' lang='grc' dir='ltr'><strong><em>ῦεόμενω·</em></strong></span> 
     </span>
     <span class='ocr_line' id='line_1_33' title="bbox 59 3241 1328 3317; baseline 0.001 -18"><span class='ocrx_word' id='word_1_307' title='bbox 59 3243 122 3317; x_wconf 78' lang='grc' dir='ltr'><strong><em>ύπλρ</em></strong></span> <span class='ocrx_word' id='word_1_308' title='bbox 140 3246 171 3300; x_wconf 83' lang='grc' dir='ltr'><strong><em>ύλ</em></strong></span> <span class='ocrx_word' id='word_1_309' title='bbox 192 3245 309 3298; x_wconf 79' lang='grc' dir='ltr'><strong><em>δικαίων</em></strong></span> <span class='ocrx_word' id='word_1_310' title='bbox 325 3245 372 3295; x_wconf 89' lang='grc' dir='ltr'><strong><em>καλ</em></strong></span> <span class='ocrx_word' id='word_1_311' title='bbox 390 3245 516 3311; x_wconf 88' lang='grc' dir='ltr'><strong><em>πατέρων</em></strong></span> <span class='ocrx_word' id='word_1_312' title='bbox 533 3243 580 3293; x_wconf 90' lang='grc' dir='ltr'><strong><em>καλ</em></strong></span> <span class='ocrx_word' id='word_1_313' title='bbox 597 3244 777 3310; x_wconf 82' lang='grc' dir='ltr'><strong><em>πατριαρχῶν</em></strong></span> <span class='ocrx_word' id='word_1_314' title='bbox 793 3243 841 3293; x_wconf 88' lang='grc' dir='ltr'><strong><em>καλ</em></strong></span> <span class='ocrx_word' id='word_1_315' title='bbox 858 3244 1017 3314; x_wconf 78' lang='grc' dir='ltr'><strong><em>προφητῶν.</em></strong></span> <span class='ocrx_word' id='word_1_316' title='bbox 1035 3246 1083 3296; x_wconf 87' lang='grc' dir='ltr'><strong><em>καλ</em></strong></span> <span class='ocrx_word' id='word_1_317' title='bbox 1100 3241 1263 3301; x_wconf 80' lang='grc' dir='ltr'><strong><em>ἀποστόλων</em></strong></span> <span class='ocrx_word' id='word_1_318' title='bbox 1280 3248 1328 3301; x_wconf 87' lang='grc' dir='ltr'><strong><em>καλ</em></strong></span> 
     </span>
     <span class='ocr_line' id='line_1_34' title="bbox 58 3321 1328 3401; baseline 0.002 -20"><span class='ocrx_word' id='word_1_319' title='bbox 58 3329 263 3401; x_wconf 78' lang='grc' dir='ltr'><strong><em>αὐαγγέλισιῶν</em></strong></span> <span class='ocrx_word' id='word_1_320' title='bbox 286 3330 334 3381; x_wconf 88' lang='grc' dir='ltr'><strong><em>καλ</em></strong></span> <span class='ocrx_word' id='word_1_321' title='bbox 359 3321 509 3399; x_wconf 88' lang='grc' dir='ltr'><strong><em>μαρτύρων</em></strong></span> <span class='ocrx_word' id='word_1_322' title='bbox 531 3330 578 3378; x_wconf 82' lang='grc' dir='ltr'><strong><em>καὶ</em></strong></span> <span class='ocrx_word' id='word_1_323' title='bbox 596 3321 775 3395; x_wconf 86' lang='grc' dir='ltr'><strong><em>ὁμολογητῶν</em></strong></span> <span class='ocrx_word' id='word_1_324' title='bbox 793 3321 954 3382; x_wconf 69' lang='grc' dir='ltr'><strong><em>ἐπισκόπων</em></strong></span> <span class='ocrx_word' id='word_1_325' title='bbox 972 3329 1001 3381; x_wconf 77' lang='lat' dir='ltr'><strong><em>‹tt</em></strong></span> <span class='ocrx_word' id='word_1_326' title='bbox 1020 3331 1067 3381; x_wconf 85' lang='grc' dir='ltr'><strong><em>καλ</em></strong></span> <span class='ocrx_word' id='word_1_327' title='bbox 1084 3327 1263 3400; x_wconf 80' lang='grc' dir='ltr'><strong><em>άναχορητῶν</em></strong></span> <span class='ocrx_word' id='word_1_328' title='bbox 1280 3334 1328 3386; x_wconf 89' lang='grc' dir='ltr'><strong><em>καλ</em></strong></span> 
     </span>
     <span class='ocr_line' id='line_1_35' title="bbox 59 3404 1327 3485; baseline -0.001 -17"><span class='ocrx_word' id='word_1_329' title='bbox 59 3416 155 3476; x_wconf 77' lang='grc' dir='ltr'><strong><em>παντὸς</em></strong></span> <span class='ocrx_word' id='word_1_330' title='bbox 179 3417 230 3468; x_wconf 88' lang='grc' dir='ltr'><strong><em>τοῦ</em></strong></span> <span class='ocrx_word' id='word_1_331' title='bbox 252 3406 399 3484; x_wconf 86' lang='grc' dir='ltr'><strong><em>τάγματος,</em></strong></span> <span class='ocrx_word' id='word_1_332' title='bbox 423 3413 469 3464; x_wconf 74' lang='grc' dir='ltr'><strong><em>ἵνα</em></strong></span> <span class='ocrx_word' id='word_1_333' title='bbox 487 3407 535 3464; x_wconf 86' lang='grc' dir='ltr'><strong><em>τὸν</em></strong></span> <span class='ocrx_word' id='word_1_334' title='bbox 552 3404 647 3480; x_wconf 89' lang='grc' dir='ltr'><strong><em>κύριον</em></strong></span> <span class='ocrx_word' id='word_1_335' title='bbox 661 3409 768 3475; x_wconf 83' lang='grc' dir='ltr'><strong><em>Ἰησοῦν</em></strong></span> <span class='ocrx_word' id='word_1_336' title='bbox 786 3409 908 3481; x_wconf 88' lang='grc' dir='ltr'><strong><em>Χριστὸν</em></strong></span> <span class='ocrx_word' id='word_1_337' title='bbox 931 3414 1113 3485; x_wconf 84' lang='grc' dir='ltr'><strong><em>ιἰφορίσωμεν</em></strong></span> <span class='ocrx_word' id='word_1_338' title='bbox 1137 3415 1192 3469; x_wconf 76' lang='grc' dir='ltr'><strong><em>ιἰπό</em></strong></span> <span class='ocrx_word' id='word_1_339' title='bbox 1212 3421 1256 3481; x_wconf 78' lang='grc' dir='ltr'><strong><em>τῆς</em></strong></span> <span class='ocrx_word' id='word_1_340' title='bbox 1273 3419 1327 3468; x_wconf 84' lang='grc' dir='ltr'><strong><em>τῶν</em></strong></span> 
     </span>
     <span class='ocr_line' id='line_1_36' title="bbox 59 3492 1325 3570; baseline 0 -18"><span class='ocrx_word' id='word_1_341' title='bbox 59 3495 217 3569; x_wconf 84' lang='grc' dir='ltr'><strong><em>ὐνθράπων</em></strong></span> <span class='ocrx_word' id='word_1_342' title='bbox 240 3494 342 3557; x_wconf 80' lang='grc' dir='ltr'><strong><em>τάξεως</em></strong></span> <span class='ocrx_word' id='word_1_343' title='bbox 362 3492 408 3548; x_wconf 81' lang='grc' dir='ltr'><strong><em>διά</em></strong></span> <span class='ocrx_word' id='word_1_344' title='bbox 432 3498 478 3561; x_wconf 78' lang='grc' dir='ltr'><strong><em>τῆς</em></strong></span> <span class='ocrx_word' id='word_1_345' title='bbox 494 3492 564 3564; x_wconf 87' lang='grc' dir='ltr'><strong><em>πρὸς</em></strong></span> <span class='ocrx_word' id='word_1_346' title='bbox 581 3494 665 3547; x_wconf 81' lang='grc' dir='ltr'><strong><em>αὐτὸν</em></strong></span> <span class='ocrx_word' id='word_1_347' title='bbox 683 3497 760 3564; x_wconf 84' lang='grc' dir='ltr'><strong><em>τιμῆς</em></strong></span> <span class='ocrx_word' id='word_1_348' title='bbox 777 3498 823 3546; x_wconf 89' lang='grc' dir='ltr'><strong><em>καλ</em></strong></span> <span class='ocrx_word' id='word_1_349' title='bbox 842 3500 924 3564; x_wconf 78' lang='grc' dir='ltr'><strong><em>σέβας</em></strong></span> <span class='ocrx_word' id='word_1_350' title='bbox 940 3498 1014 3565; x_wconf 78' lang='grc' dir='ltr'><strong><em>αὐτῷ</em></strong></span> <span class='ocrx_word' id='word_1_351' title='bbox 1031 3498 1191 3570; x_wconf 81' lang='grc' dir='ltr'><strong><em>άπούῶμεν.</em></strong></span> <span class='ocrx_word' id='word_1_352' title='bbox 1227 3506 1325 3567; x_wconf 73' lang='lat' dir='ltr'>Chry·</span> 
     </span>
    </p>
   </div>
   <div class='ocr_carea' id='block_1_5' title="bbox 59 3573 1438 3651">
    <p class='ocr_par' dir='ltr' id='par_1_7' title="bbox 59 3573 1438 3651">
     <span class='ocr_line' id='line_1_37' title="bbox 59 3573 1438 3651; baseline -0.003 -14"><span class='ocrx_word' id='word_1_353' title='bbox 59 3599 183 3641; x_wconf 75' lang='lat' dir='ltr'><strong>iustum.</strong></span> <span class='ocrx_word' id='word_1_354' title='bbox 204 3589 275 3638; x_wconf 83' lang='lat' dir='ltr'><strong>ilum.</strong></span> <span class='ocrx_word' id='word_1_355' title='bbox 293 3586 324 3636; x_wconf 78' lang='lat'><strong><em>41</em></strong></span> <span class='ocrx_word' id='word_1_356' title='bbox 344 3586 368 3636; x_wconf 89' lang='lat' dir='ltr'><strong><em>in</em></strong></span> <span class='ocrx_word' id='word_1_357' title='bbox 388 3585 480 3635; x_wconf 76' lang='lat' dir='ltr'><strong>leun:</strong></span> <span class='ocrx_word' id='word_1_358' title='bbox 498 3610 532 3620; x_wconf 93' lang='lat'>-</span> <span class='ocrx_word' id='word_1_359' title='bbox 550 3576 613 3632; x_wconf 74' lang='grc' dir='ltr'><strong><em>οὐδὲ</em></strong></span> <span class='ocrx_word' id='word_1_360' title='bbox 632 3579 691 3651; x_wconf 78' lang='grc' dir='ltr'><strong><em>ελκῇ</em></strong></span> <span class='ocrx_word' id='word_1_361' title='bbox 705 3573 821 3648; x_wconf 68' lang='grc' dir='ltr'><strong><em>μνήμην</em></strong></span> <span class='ocrx_word' id='word_1_362' title='bbox 838 3576 997 3648; x_wconf 81' lang='grc' dir='ltr'><strong><em>ποιούμεθα</em></strong></span> <span class='ocrx_word' id='word_1_363' title='bbox 1016 3585 1070 3635; x_wconf 89' lang='grc' dir='ltr'><strong><em>τῶν</em></strong></span> <span class='ocrx_word' id='word_1_364' title='bbox 1087 3578 1268 3635; x_wconf 76' lang='grc' dir='ltr'><strong><em>ἀπελθόντων</em></strong></span> <span class='ocrx_word' id='word_1_365' title='bbox 1279 3582 1327 3634; x_wconf 69' lang='lat' dir='ltr'><strong><em>ini</em></strong></span> <span class='ocrx_word' id='word_1_366' title='bbox 1433 3607 1438 3613; x_wconf 86' lang='grc'>-</span> 
     </span>
    </p>
   </div>
   <div class='ocr_carea' id='block_1_6' title="bbox 61 3657 1329 4584">
    <p class='ocr_par' dir='ltr' id='par_1_8' title="bbox 61 3657 1329 4584">
     <span class='ocr_line' id='line_1_38' title="bbox 61 3657 1326 3738; baseline 0 -19"><span class='ocrx_word' id='word_1_367' title='bbox 61 3670 110 3720; x_wconf 86' lang='grc' dir='ltr'><strong><em>τῶν</em></strong></span> <span class='ocrx_word' id='word_1_368' title='bbox 124 3674 212 3722; x_wconf 89' lang='grc' dir='ltr'><strong><em>θείων</em></strong></span> <span class='ocrx_word' id='word_1_369' title='bbox 229 3671 389 3738; x_wconf 83' lang='grc' dir='ltr'><strong><em>μυστηρίων</em></strong></span> <span class='ocrx_word' id='word_1_370' title='bbox 405 3666 453 3717; x_wconf 88' lang='grc' dir='ltr'><strong><em>καλ</em></strong></span> <span class='ocrx_word' id='word_1_371' title='bbox 469 3660 539 3734; x_wconf 67' lang='grc' dir='ltr'><strong><em>ὑπὲρ</em></strong></span> <span class='ocrx_word' id='word_1_372' title='bbox 557 3661 648 3716; x_wconf 88' lang='grc' dir='ltr'><strong><em>αὐτῶν</em></strong></span> <span class='ocrx_word' id='word_1_373' title='bbox 665 3658 807 3733; x_wconf 88' lang='grc' dir='ltr'><strong><em>πρόςιμεν,</em></strong></span> <span class='ocrx_word' id='word_1_374' title='bbox 826 3657 955 3733; x_wconf 71' lang='grc' dir='ltr'><strong><em>δεόμενοι</em></strong></span> <span class='ocrx_word' id='word_1_375' title='bbox 973 3668 1019 3720; x_wconf 90' lang='grc' dir='ltr'><strong><em>τοῦ</em></strong></span> <span class='ocrx_word' id='word_1_376' title='bbox 1030 3662 1122 3738; x_wconf 82' lang='grc' dir='ltr'><strong><em>άμνου</em></strong></span> <span class='ocrx_word' id='word_1_377' title='bbox 1133 3667 1181 3720; x_wconf 85' lang='grc' dir='ltr'><strong><em>τοῦ</em></strong></span> <span class='ocrx_word' id='word_1_378' title='bbox 1190 3671 1326 3736; x_wconf 88' lang='grc' dir='ltr'><strong><em>κειμένου,</em></strong></span> 
     </span>
     <span class='ocr_line' id='line_1_39' title="bbox 61 3742 1327 3822; baseline -0.003 -16"><span class='ocrx_word' id='word_1_379' title='bbox 61 3756 101 3806; x_wconf 82' lang='grc' dir='ltr'><strong><em>τοῦ</em></strong></span> <span class='ocrx_word' id='word_1_380' title='bbox 125 3748 262 3821; x_wconf 68' lang='grc' dir='ltr'><strong><em>λαβόντος</em></strong></span> <span class='ocrx_word' id='word_1_381' title='bbox 287 3748 335 3817; x_wconf 80' lang='grc' dir='ltr'><strong><em>τὴν</em></strong></span> <span class='ocrx_word' id='word_1_382' title='bbox 361 3747 500 3822; x_wconf 80' lang='grc' dir='ltr'><strong><em>ἆμαρτίαν</em></strong></span> <span class='ocrx_word' id='word_1_383' title='bbox 526 3754 574 3801; x_wconf 86' lang='grc' dir='ltr'><strong><em>τοῦ</em></strong></span> <span class='ocrx_word' id='word_1_384' title='bbox 599 3742 715 3817; x_wconf 86' lang='grc' dir='ltr'><strong><em>κόσμου,</em></strong></span> <span class='ocrx_word' id='word_1_385' title='bbox 742 3744 802 3799; x_wconf 80' lang='grc' dir='ltr'><strong><em>ἀλλ’</em></strong></span> <span class='ocrx_word' id='word_1_386' title='bbox 830 3749 876 3799; x_wconf 73' lang='grc' dir='ltr'><strong><em>ἵνα</em></strong></span> <span class='ocrx_word' id='word_1_387' title='bbox 903 3767 943 3809; x_wconf 91' lang='grc' dir='ltr'><strong><em>τις</em></strong></span> <span class='ocrx_word' id='word_1_388' title='bbox 959 3750 1089 3803; x_wconf 79' lang='grc' dir='ltr'><strong><em>ἐντεῦθεν</em></strong></span> <span class='ocrx_word' id='word_1_389' title='bbox 1106 3749 1198 3809; x_wconf 85' lang='grc' dir='ltr'><strong><em>αὐτοῖς</em></strong></span> <span class='ocrx_word' id='word_1_390' title='bbox 1215 3755 1327 3819; x_wconf 90' lang='grc' dir='ltr'><strong><em>γένηται</em></strong></span> 
     </span>
     <span class='ocr_line' id='line_1_40' title="bbox 62 3826 1327 3910; baseline 0 -21"><span class='ocrx_word' id='word_1_391' title='bbox 62 3842 238 3910; x_wconf 84' lang='grc' dir='ltr'><strong><em>παραμυθία·</em></strong></span> <span class='ocrx_word' id='word_1_392' title='bbox 266 3834 331 3888; x_wconf 67' lang='lat' dir='ltr'><strong>otti</strong></span> <span class='ocrx_word' id='word_1_393' title='bbox 353 3830 445 3902; x_wconf 87' lang='grc' dir='ltr'><strong><em>μάτην</em></strong></span> <span class='ocrx_word' id='word_1_394' title='bbox 468 3831 483 3887; x_wconf 82' lang='grc' dir='ltr'><strong><em>ό</em></strong></span> <span class='ocrx_word' id='word_1_395' title='bbox 506 3831 649 3906; x_wconf 78' lang='grc' dir='ltr'><strong><em>παρεστώς</em></strong></span> <span class='ocrx_word' id='word_1_396' title='bbox 672 3831 709 3898; x_wconf 75' lang='grc' dir='ltr'><strong><em>τῷ</em></strong></span> <span class='ocrx_word' id='word_1_397' title='bbox 731 3836 918 3901; x_wconf 84' lang='grc' dir='ltr'><strong><em>θυσιαστηρίῳ</em></strong></span> <span class='ocrx_word' id='word_1_398' title='bbox 943 3836 998 3885; x_wconf 86' lang='grc' dir='ltr'><strong><em>τῶν</em></strong></span> <span class='ocrx_word' id='word_1_399' title='bbox 1021 3826 1144 3905; x_wconf 74' lang='grc' dir='ltr'><strong><em>ωρικτῶν</em></strong></span> <span class='ocrx_word' id='word_1_400' title='bbox 1166 3840 1327 3907; x_wconf 85' lang='grc' dir='ltr'><strong><em>μυστηρίων</em></strong></span> 
     </span>
     <span class='ocr_line' id='line_1_41' title="bbox 63 3912 1328 3993; baseline -0.002 -18"><span class='ocrx_word' id='word_1_401' title='bbox 63 3924 230 3993; x_wconf 77' lang='grc' dir='ltr'><strong><em>τελουμένων</em></strong></span> <span class='ocrx_word' id='word_1_402' title='bbox 247 3921 314 3988; x_wconf 79' lang='grc' dir='ltr'><strong><em>βοᾷ·</em></strong></span> <span class='ocrx_word' id='word_1_403' title='bbox 337 3915 407 3988; x_wconf 74' lang='grc' dir='ltr'><strong><em>ὑπὲρ</em></strong></span> <span class='ocrx_word' id='word_1_404' title='bbox 426 3912 540 3972; x_wconf 88' lang='grc' dir='ltr'><strong><em>πάντων</em></strong></span> <span class='ocrx_word' id='word_1_405' title='bbox 557 3922 612 3970; x_wconf 91' lang='grc' dir='ltr'><strong><em>τῶν</em></strong></span> <span class='ocrx_word' id='word_1_406' title='bbox 629 3916 660 3969; x_wconf 84' lang='grc' dir='ltr'><strong><em>έν</em></strong></span> <span class='ocrx_word' id='word_1_407' title='bbox 679 3919 791 3988; x_wconf 74' lang='grc' dir='ltr'><strong><em>Χριστῷ</em></strong></span> <span class='ocrx_word' id='word_1_408' title='bbox 808 3921 1016 3987; x_wconf 89' lang='grc' dir='ltr'><strong><em>κεκοιμημένων</em></strong></span> <span class='ocrx_word' id='word_1_409' title='bbox 1032 3919 1150 3970; x_wconf 80' lang='grc' dir='ltr'><strong><em>καὶτῶν</em></strong></span> <span class='ocrx_word' id='word_1_410' title='bbox 1167 3915 1214 3977; x_wconf 84' lang='grc' dir='ltr'><strong><em>τάς</em></strong></span> <span class='ocrx_word' id='word_1_411' title='bbox 1229 3925 1328 3991; x_wconf 86' lang='grc' dir='ltr'><strong><em>μνείας</em></strong></span> 
     </span>
     <span class='ocr_line' id='line_1_42' title="bbox 63 3997 1327 4076; baseline -0.002 -17"><span class='ocrx_word' id='word_1_412' title='bbox 63 4000 123 4076; x_wconf 73' lang='grc' dir='ltr'><strong><em>όιὶρ</em></strong></span> <span class='ocrx_word' id='word_1_413' title='bbox 140 4003 237 4058; x_wconf 89' lang='grc' dir='ltr'><strong><em>αὐτῶν</em></strong></span> <span class='ocrx_word' id='word_1_414' title='bbox 254 3999 466 4057; x_wconf 79' lang='grc' dir='ltr'><strong><em>έπιτελούντων·</em></strong></span> <span class='ocrx_word' id='word_1_415' title='bbox 483 4004 509 4056; x_wconf 89' lang='grc' dir='ltr'><strong><em>ελ</em></strong></span> <span class='ocrx_word' id='word_1_416' title='bbox 525 4021 580 4074; x_wconf 89' lang='grc' dir='ltr'><strong><em>γαρ</em></strong></span> <span class='ocrx_word' id='word_1_417' title='bbox 593 3997 632 4073; x_wconf 74' lang='grc' dir='ltr'><strong><em>μὴ</em></strong></span> <span class='ocrx_word' id='word_1_418' title='bbox 645 3997 713 4070; x_wconf 83' lang='grc' dir='ltr'><strong><em>ύπέρ</em></strong></span> <span class='ocrx_word' id='word_1_419' title='bbox 726 3999 816 4053; x_wconf 90' lang='grc' dir='ltr'><strong><em>αὐτῶν</em></strong></span> <span class='ocrx_word' id='word_1_420' title='bbox 827 4002 857 4052; x_wconf 78' lang='grc' dir='ltr'><strong><em>αἱ</em></strong></span> <span class='ocrx_word' id='word_1_421' title='bbox 865 4004 960 4070; x_wconf 82' lang='grc' dir='ltr'><strong><em>μνεΐαι</em></strong></span> <span class='ocrx_word' id='word_1_422' title='bbox 970 4001 1105 4068; x_wconf 84' lang='grc' dir='ltr'><strong><em>ίγένοντο,</em></strong></span> <span class='ocrx_word' id='word_1_423' title='bbox 1123 4001 1185 4055; x_wconf 75' lang='grc' dir='ltr'><strong><em>οὐδ’</em></strong></span> <span class='ocrx_word' id='word_1_424' title='bbox 1199 3999 1234 4056; x_wconf 84' lang='grc' dir='ltr'><strong><em>ἄν</em></strong></span> <span class='ocrx_word' id='word_1_425' title='bbox 1244 4007 1327 4057; x_wconf 87' lang='grc' dir='ltr'><strong><em>ταῦτα</em></strong></span> 
     </span>
     <span class='ocr_line' id='line_1_43' title="bbox 66 4081 1327 4159; baseline 0.003 -22"><span class='ocrx_word' id='word_1_426' title='bbox 66 4087 154 4159; x_wconf 58' lang='lat' dir='ltr'><strong><em>tillon</em></strong></span> <span class='ocrx_word' id='word_1_427' title='bbox 172 4119 252 4130; x_wconf 90' lang='lat'><strong><em>--</em></strong></span> <span class='ocrx_word' id='word_1_428' title='bbox 269 4088 308 4159; x_wconf 83' lang='grc' dir='ltr'><strong><em>μὴ</em></strong></span> <span class='ocrx_word' id='word_1_429' title='bbox 326 4086 360 4155; x_wconf 75' lang='grc' dir='ltr'><strong><em>δὴ</em></strong></span> <span class='ocrx_word' id='word_1_430' title='bbox 377 4081 569 4158; x_wconf 86' lang='grc' dir='ltr'><strong><em>άποκάμωμεν</em></strong></span> <span class='ocrx_word' id='word_1_431' title='bbox 587 4091 643 4145; x_wconf 81' lang='grc' dir='ltr'><strong><em>τοῖς</em></strong></span> <span class='ocrx_word' id='word_1_432' title='bbox 659 4085 810 4138; x_wconf 83' lang='grc' dir='ltr'><strong><em>ἀπελθοῦσι</em></strong></span> <span class='ocrx_word' id='word_1_433' title='bbox 819 4086 1036 4152; x_wconf 76' lang='grc' dir='ltr'><strong><em>βοηθοῦντεςκαλ</em></strong></span> <span class='ocrx_word' id='word_1_434' title='bbox 1047 4091 1248 4158; x_wconf 74' lang='grc' dir='ltr'><strong><em>προςιμέροντες</em></strong></span> <span class='ocrx_word' id='word_1_435' title='bbox 1256 4084 1327 4159; x_wconf 78' lang='grc' dir='ltr'><strong><em>ὑπὲρ</em></strong></span> 
     </span>
     <span class='ocr_line' id='line_1_44' title="bbox 66 4162 1328 4243; baseline 0 -18"><span class='ocrx_word' id='word_1_436' title='bbox 66 4173 146 4229; x_wconf 77' lang='grc' dir='ltr'><strong><em>αὐτῶν</em></strong></span> <span class='ocrx_word' id='word_1_437' title='bbox 163 4173 263 4243; x_wconf 85' lang='grc' dir='ltr'><strong><em>εύχὰς·</em></strong></span> <span class='ocrx_word' id='word_1_438' title='bbox 281 4173 329 4224; x_wconf 86' lang='grc' dir='ltr'><strong><em>καλ</em></strong></span> <span class='ocrx_word' id='word_1_439' title='bbox 345 4170 399 4243; x_wconf 87' lang='grc' dir='ltr'><strong><em>γάρ</em></strong></span> <span class='ocrx_word' id='word_1_440' title='bbox 416 4169 446 4225; x_wconf 84' lang='grc' dir='ltr'><strong><em>τὸ</em></strong></span> <span class='ocrx_word' id='word_1_441' title='bbox 456 4168 550 4226; x_wconf 88' lang='grc' dir='ltr'><strong><em>κοινόν</em></strong></span> <span class='ocrx_word' id='word_1_442' title='bbox 559 4172 604 4238; x_wconf 75' lang='grc' dir='ltr'><strong><em>τῆς</em></strong></span> <span class='ocrx_word' id='word_1_443' title='bbox 612 4173 774 4238; x_wconf 78' lang='grc' dir='ltr'><strong><em>οἰκουμένης</em></strong></span> <span class='ocrx_word' id='word_1_444' title='bbox 783 4169 906 4239; x_wconf 70' lang='grc' dir='ltr'><strong><em>δεόμεθα</em></strong></span> <span class='ocrx_word' id='word_1_445' title='bbox 916 4162 974 4222; x_wconf 87' lang='grc' dir='ltr'><strong><em>τότε</em></strong></span> <span class='ocrx_word' id='word_1_446' title='bbox 983 4173 1030 4221; x_wconf 81' lang='grc' dir='ltr'><strong><em>καὶ</em></strong></span> <span class='ocrx_word' id='word_1_447' title='bbox 1039 4169 1109 4241; x_wconf 82' lang='grc' dir='ltr'><strong><em>μετά</em></strong></span> <span class='ocrx_word' id='word_1_448' title='bbox 1116 4167 1266 4242; x_wconf 86' lang='grc' dir='ltr'><strong><em>μαρτύρων</em></strong></span> <span class='ocrx_word' id='word_1_449' title='bbox 1275 4172 1328 4225; x_wconf 84' lang='grc' dir='ltr'><strong><em>σύ·</em></strong></span> 
     </span>
     <span class='ocr_line' id='line_1_45' title="bbox 68 4249 1328 4327; baseline -0.002 -16"><span class='ocrx_word' id='word_1_450' title='bbox 68 4260 118 4319; x_wconf 84' lang='grc' dir='ltr'><strong><em>τούς</em></strong></span> <span class='ocrx_word' id='word_1_451' title='bbox 127 4261 281 4326; x_wconf 87' lang='grc' dir='ltr'><strong><em>καλοῦμεν,</em></strong></span> <span class='ocrx_word' id='word_1_452' title='bbox 299 4254 368 4327; x_wconf 84' lang='grc' dir='ltr'><strong><em>μετά</em></strong></span> <span class='ocrx_word' id='word_1_453' title='bbox 379 4253 564 4326; x_wconf 85' lang='grc' dir='ltr'><strong><em>ὁμολογητῶν,</em></strong></span> <span class='ocrx_word' id='word_1_454' title='bbox 577 4254 647 4325; x_wconf 79' lang='grc' dir='ltr'><strong><em>μετὰ</em></strong></span> <span class='ocrx_word' id='word_1_455' title='bbox 660 4255 770 4324; x_wconf 78' lang='grc' dir='ltr'><strong><em>λερέων·</em></strong></span> <span class='ocrx_word' id='word_1_456' title='bbox 784 4257 831 4306; x_wconf 85' lang='grc' dir='ltr'><strong><em>καλ</em></strong></span> <span class='ocrx_word' id='word_1_457' title='bbox 844 4252 897 4327; x_wconf 81' lang='grc' dir='ltr'><strong><em>γάρ</em></strong></span> <span class='ocrx_word' id='word_1_458' title='bbox 911 4253 941 4307; x_wconf 79' lang='grc' dir='ltr'><strong><em>ἕν</em></strong></span> <span class='ocrx_word' id='word_1_459' title='bbox 955 4249 1036 4325; x_wconf 84' lang='grc' dir='ltr'><strong><em>σῶμά</em></strong></span> <span class='ocrx_word' id='word_1_460' title='bbox 1049 4255 1136 4325; x_wconf 74' lang='grc' dir='ltr'><strong><em>ἐσμεν</em></strong></span> <span class='ocrx_word' id='word_1_461' title='bbox 1147 4252 1328 4324; x_wconf 72' lang='grc' dir='ltr'><strong><em>ὐπαντεςκῷν</em></strong></span> 
     </span>
     <span class='ocr_line' id='line_1_46' title="bbox 69 4333 1329 4414; baseline 0.001 -21"><span class='ocrx_word' id='word_1_462' title='bbox 69 4341 238 4414; x_wconf 70' lang='grc' dir='ltr'><strong><em>λαμπρότερα</em></strong></span> <span class='ocrx_word' id='word_1_463' title='bbox 252 4342 321 4412; x_wconf 80' lang='grc' dir='ltr'><strong><em>μέλη</em></strong></span> <span class='ocrx_word' id='word_1_464' title='bbox 334 4342 427 4412; x_wconf 88' lang='grc' dir='ltr'><strong><em>μελῶν</em></strong></span> <span class='ocrx_word' id='word_1_465' title='bbox 440 4343 487 4393; x_wconf 88' lang='grc' dir='ltr'><strong><em>καλ</em></strong></span> <span class='ocrx_word' id='word_1_466' title='bbox 501 4336 628 4407; x_wconf 78' lang='grc' dir='ltr'><strong><em>ιλυνάτων</em></strong></span> <span class='ocrx_word' id='word_1_467' title='bbox 643 4333 782 4391; x_wconf 86' lang='grc' dir='ltr'><strong><em>πάντοθεν</em></strong></span> <span class='ocrx_word' id='word_1_468' title='bbox 796 4334 962 4409; x_wconf 85' lang='grc' dir='ltr'><strong><em>σι’·γγνωμεν</em></strong></span> <span class='ocrx_word' id='word_1_469' title='bbox 976 4337 1069 4400; x_wconf 85' lang='grc' dir='ltr'><strong><em>αὐτοῖς</em></strong></span> <span class='ocrx_word' id='word_1_470' title='bbox 1081 4344 1260 4409; x_wconf 86' lang='grc' dir='ltr'><strong><em>συναγαγεῖν,</em></strong></span> <span class='ocrx_word' id='word_1_471' title='bbox 1272 4337 1329 4394; x_wconf 82' lang='grc' dir='ltr'><strong><em>άπὸ</em></strong></span> 
     </span>
     <span class='ocr_line' id='line_1_47' title="bbox 71 4417 1329 4500; baseline 0.005 -25"><span class='ocrx_word' id='word_1_472' title='bbox 71 4429 113 4479; x_wconf 69' lang='grc' dir='ltr'><strong><em>τῶν</em></strong></span> <span class='ocrx_word' id='word_1_473' title='bbox 122 4429 223 4500; x_wconf 81' lang='grc' dir='ltr'><strong><em>εὐχῶν,</em></strong></span> <span class='ocrx_word' id='word_1_474' title='bbox 242 4423 298 4480; x_wconf 85' lang='grc' dir='ltr'><strong><em>άπὸ</em></strong></span> <span class='ocrx_word' id='word_1_475' title='bbox 309 4429 362 4478; x_wconf 89' lang='grc' dir='ltr'><strong><em>τῶν</em></strong></span> <span class='ocrx_word' id='word_1_476' title='bbox 377 4420 448 4493; x_wconf 74' lang='grc' dir='ltr'><strong><em>ὑπέρ</em></strong></span> <span class='ocrx_word' id='word_1_477' title='bbox 458 4421 548 4476; x_wconf 87' lang='grc' dir='ltr'><strong><em>αὐτῶν</em></strong></span> <span class='ocrx_word' id='word_1_478' title='bbox 558 4417 657 4495; x_wconf 80' lang='grc' dir='ltr'><strong><em>ιλιύρων</em></strong></span> <span class='ocrx_word' id='word_1_479' title='bbox 665 4419 721 4476; x_wconf 88' lang='grc' dir='ltr'><strong><em>ιἰπὸ</em></strong></span> <span class='ocrx_word' id='word_1_480' title='bbox 731 4425 785 4477; x_wconf 89' lang='grc' dir='ltr'><strong><em>τῶν</em></strong></span> <span class='ocrx_word' id='word_1_481' title='bbox 794 4426 855 4494; x_wconf 82' lang='grc' dir='ltr'><strong><em>μετ’</em></strong></span> <span class='ocrx_word' id='word_1_482' title='bbox 868 4421 958 4477; x_wconf 88' lang='grc' dir='ltr'><strong><em>αὐτῶν</em></strong></span> <span class='ocrx_word' id='word_1_483' title='bbox 968 4427 1155 4495; x_wconf 82' lang='grc' dir='ltr'><strong><em>καλουμένων.</em></strong></span> <span class='ocrx_word' id='word_1_484' title='bbox 1173 4428 1213 4480; x_wconf 88' lang='lat' dir='ltr'><strong><em>Siu</em></strong></span> <span class='ocrx_word' id='word_1_485' title='bbox 1222 4431 1329 4496; x_wconf 79' lang='lat' dir='ltr'><strong>saepius.</strong></span> 
     </span>
     <span class='ocr_line' id='line_1_48' title="bbox 71 4508 1328 4584; baseline 0.001 -21"><span class='ocrx_word' id='word_1_486' title='bbox 71 4513 200 4583; x_wconf 65' lang='grc' dir='ltr'><strong><em>ὐιητμέιῶν</em></strong></span> <span class='ocrx_word' id='word_1_487' title='bbox 208 4516 356 4567; x_wconf 74' lang='lat' dir='ltr'><strong>mutinae</strong></span> <span class='ocrx_word' id='word_1_488' title='bbox 374 4515 431 4566; x_wconf 84' lang='lat' dir='ltr'><strong>iacit</strong></span> <span class='ocrx_word' id='word_1_489' title='bbox 442 4512 678 4579; x_wconf 69' lang='lat' dir='ltr'><strong>Pseudo-Dionysius</strong></span> <span class='ocrx_word' id='word_1_490' title='bbox 696 4513 726 4565; x_wconf 82' lang='lat' dir='ltr'><strong><em>de</em></strong></span> <span class='ocrx_word' id='word_1_491' title='bbox 744 4515 804 4565; x_wconf 80' lang='lat' dir='ltr'><strong>ecci.</strong></span> <span class='ocrx_word' id='word_1_492' title='bbox 816 4515 875 4565; x_wconf 84' lang='lat' dir='ltr'><strong>hier.</strong></span> <span class='ocrx_word' id='word_1_493' title='bbox 886 4514 947 4565; x_wconf 87' lang='lat' dir='ltr'><strong>c.3:</strong></span> <span class='ocrx_word' id='word_1_494' title='bbox 966 4511 1020 4564; x_wconf 87' lang='grc' dir='ltr'><strong><em>τῶν</em></strong></span> <span class='ocrx_word' id='word_1_495' title='bbox 1038 4510 1066 4564; x_wconf 76' lang='grc' dir='ltr'><strong><em>δέ</em></strong></span> <span class='ocrx_word' id='word_1_496' title='bbox 1084 4510 1168 4584; x_wconf 84' lang='grc' dir='ltr'><strong><em>λερῶν</em></strong></span> <span class='ocrx_word' id='word_1_497' title='bbox 1184 4508 1328 4580; x_wconf 74' lang='grc' dir='ltr'><strong><em>πτυχῶνύ</em></strong></span> 
     </span>
    </p>
   </div>
   <div class='ocr_carea' id='block_1_7' title="bbox 0 0 1543 4912">
    <p class='ocr_par' dir='ltr' id='par_1_9' title="bbox 0 0 1543 4912">
     <span class='ocr_line' id='line_1_49' title="bbox 0 0 1543 4912; baseline 0 0"><span class='ocrx_word' id='word_1_498' title='bbox 0 0 1543 4912; x_wconf 95' lang='lat' dir='ltr'><strong><em> </em></strong></span> 
     </span>
    </p>
   </div>
  </div>
 </body>
</html>
