3044 4912
661 226 708 301 et

126 415 212 496 Ergo
240 414 364 495 copiosa
383 410 578 476 adroeeticne
598 411 694 474 utitur
713 431 748 474 ea
769 413 925 487 sententia,
947 414 1065 479 saeculo
1088 418 1228 498 septimo,
1256 424 1321 487 tor-

44 528 126 582 tasse
156 517 273 598 quinto,
301 515 558 595 circumgestatam
586 531 655 576 esse
676 513 835 594 liturgiam,
864 514 962 578 lacobi
983 515 1242 599 Hierosolyaniteni
1263 543 1322 589 no-

45 619 126 682 mine
153 618 313 697 insignem.
355 616 441 679 Haud
469 617 531 679 scio
560 634 599 678 an
626 634 733 679 omnes
760 634 866 679 omnes
901 617 990 680 boine
1024 619 1136 684 missae
1171 631 1273 703 partes
1304 646 1322 690 a

47 720 155 783 laecbo
175 720 327 802 proiectas
347 736 418 780 esse
440 716 636 782 crediderint:
658 725 689 780 nt
712 736 801 799 quem
823 718 986 781 Concilium
1001 719 1172 786 Trullannm
1193 733 1223 788 et
1240 727 1324 792 lsaac

50 823 175 884 excitant
204 821 288 882 locus
310 818 439 900 pertinet
459 818 496 881 ad
518 819 724 882 brevissimam
751 819 887 900 liturgiae
918 821 1087 902 portionem
1109 842 1232 907 eamque
1252 848 1323 896 rere

52 922 252 1004 qroctoliean.
294 921 336 984 Et
355 919 574 984 recentioribus
595 939 715 1001 quoque
738 920 896 985 orientalis
919 922 1062 986 melesin
1090 924 1262 992 doctoribus
1282 950 1323 996 ne

53 1024 244 1086 tmrriesimns
272 1023 393 1103 quidem
414 1021 571 1103 scrupulus
593 1021 728 1086 residere
747 1023 872 1098 ridetur,
900 1024 975 1103 quin
993 1024 1084 1087 llissa
1104 1026 1249 1092 Fidelium
1269 1032 1320 1095 la·

55 1125 156 1188 cubaea
176 1123 278 1187 iacobi
300 1124 412 1187 calamo
433 1124 604 1204 conscripta
624 1123 705 1202 sit.¹)

129 1227 318 1289 Provinciam
350 1225 478 1289 obtinuit
497 1224 629 1305 liturgia
656 1226 818 1305 antiquitus
845 1225 903 1287 lete
930 1234 1080 1306 patentem
1110 1237 1140 1292 et
1167 1231 1322 1296 llorentis-

11 1344 14 1375 Ι
57 1328 166 1390 tinam
209 1328 269 1390 Usa
291 1335 338 1390 est
357 1328 454 1391 misse
471 1325 571 1389 lacobi
591 1337 694 1390 sancta
713 1326 988 1408 Hierosolymorum
1010 1329 1128 1392 ciritae:
1151 1334 1322 1399 conturma-
1349 1370 1351 1375 ·

55 1439 126 1502 runt,
150 1429 270 1510 opinor,
293 1427 330 1490 ad
352 1428 417 1491 eius
437 1437 595 1510 praecepto
616 1429 694 1491 ritus
714 1447 787 1491 suos
810 1427 975 1504 dioeceses,
990 1449 1066 1510 quae
1086 1431 1123 1494 ad
1137 1433 1322 1499 Patriarcba-

57 1540 110 1593 tm
124 1530 403 1611 lberosolymoeum
418 1530 602 1610 spectabant.
623 1530 783 1611 Amplexus
796 1539 844 1592 est
863 1528 989 1593 lacobus
1004 1531 1141 1613 Cyprum,
1164 1555 1202 1598 ne
1228 1538 1322 1603 dicem

57 1632 193 1709 Sinl'nm
210 1632 358 1712 Apuliam
380 1631 552 1695 Celobriam.
588 1631 701 1694 Parent
720 1631 909 1694 coniecturae
928 1633 988 1695 duo
1010 1635 1136 1710 moires,
1158 1656 1236 1717 quos
1261 1640 1321 1704 Be-

55 1734 182 1797 nedictus
203 1733 416 1805 llonaldinius,
434 1732 597 1797 lionaabuc
618 1732 650 1795 8.
671 1732 771 1794 Basilii
793 1732 1106 1812 crypta-remensis
1138 1755 1216 1800 enno
1240 1745 1323 1809 1749

54 1835 233 1898 lscemanno
266 1833 503 1898 communicarit
544 1833 625 1895 Alter
646 1833 782 1896 inventes
804 1835 903 1896 estin
925 1837 1110 1898 monasterio
1132 1838 1232 1902 Sancti
1253 1843 1321 1905 Sal-

53 1937 154 1999 ratorie
175 1954 277 2017 prope
295 1937 471 2009 lleeeenem,
492 1935 557 1998 sine
579 1936 784 1999 controversie
805 1935 910 1998 saltem
931 1953 1009 1998 aeno
1031 1941 1094 2003 984
1115 1940 1161 2001 rel
1182 1944 1244 2007 985
1268 1963 1322 2006 ex.

54 2037 189 2116 natast)
215 2037 401 2119 prohdolor
427 2036 552 2100 mutilus
580 2045 611 2100 et
631 2037 793 2100 noctanter
814 2037 1012 2116 conscriptus.
1056 2039 1182 2104 Praebet
1202 2042 1322 2108 llisram
1365 2014 1377 2033 κ

55 2138 147 2201 laeobi
171 2139 309 2220 vulgatae
337 2157 515 2214 consonam
552 2147 741 2202 accerserunt
768 2147 868 2200 nmen
898 2138 1045 2216 sequioris
1072 2141 1178 2202 utatis
1205 2144 1321 2208 addita-

52 2250 158 2315 menta,
182 2241 387 2322 plurimorum
404 2240 581 2303 Sanctorum
610 2239 854 2302 commemoratio
881 2239 1003 2318 aliaque.
1047 2239 1149 2321 Neque
1177 2244 1208 2305 in
1235 2254 1322 2310 retu-

55 2341 137 2405 ttiori
151 2342 249 2405 officio
265 2341 395 2404 occurrit
408 2342 532 2422 repetita
548 2349 578 2404 et
591 2341 747 2420 singularis
761 2339 861 2402 lacobi
876 2350 906 2402 et
916 2340 1190 2422 Hierosolymorum
1204 2364 1322 2410 memo-

55 2443 108 2506 ria:
127 2437 301 2529 μνήσθητι
320 2435 412 2526 κόροι
432 2444 491 2527 τῆς
512 2434 610 2526 ἁγίας
628 2434 761 2517 πόλεως
780 2435 838 2505 καὶ
857 2443 916 2525 τῆς
935 2436 1176 2530 βασιλευούσης
1190 2439 1324 2526 πόλεως

57 2543 285 2626 (Hierosolymae
299 2554 329 2631 et
340 2535 1002 2628 Constantinopolisl--periermeniae
1012 2546 1077 2607 τῶν
1088 2540 1323 2616 recommonet

56 2639 231 2728 {propient
242 2646 454 2729 Χριστιανῶν
469 2647 531 2708 τοῦ
544 2646 771 2728 repositorium
781 2639 816 2708 ἐν
826 2646 899 2720 τοῖς
907 2646 968 2708 τοῦ
977 2648 1129 2727 Χριστοῦ
1138 2641 1270 2726 τόποις.
1281 2685 1323 2698 -

56 2744 166 2811 -καὶ
186 2749 257 2810 τῶν
276 2739 380 2830 ἁγίων
399 2740 555 2830 πατέρων
575 2738 667 2831 ἡμῶν
687 2741 745 2811 καὶ
767 2737 1038 2830 ἅρχιιπισκόποιν
1059 2740 1129 2811 ἀπὸ
1149 2752 1211 2814 τοῦ
1225 2744 1322 2835 ἁγίου

55 2837 202 2929 Ἰακώβου
223 2849 286 2911 τοῦ
308 2839 499 2912 ἀποστόλου
519 2841 577 2911 καὶ
599 2839 747 2933 ἀδελφοῦ
760 2850 821 2910 τοῦ
835 2840 960 2931 κύρτου.
982 2849 1100 2912 Adhaec
1114 2860 1181 2913 ante
1196 2864 1324 2932 quatuor

59 2950 262 3013 oecumenicos
284 2959 315 3012 et
335 2967 459 3029 magnos
480 2948 666 3011 Patriarcbae
687 2958 936 3012 commemoratur
951 2951 1167 3014 Sanctissimus
1187 2953 1274 3017 Pater
1286 2955 1322 3018 N.

133 3206 159 3266 1)
177 3204 213 3255 lta
230 3208 321 3256 Auctor
337 3202 499 3269 Expositionic
518 3205 542 3255 in
560 3203 605 3255 Lit.
623 3201 703 3253 lecobi
722 3201 835 3263 (loannes
847 3202 912 3252 llaro
929 3204 965 3252 rel
979 3204 1105 3269 Dionysius
1114 3205 1241 3270 Birsalibi)
1259 3211 1325 3275 apud

59 3287 295 3340 temtantes
319 3288 457 3350 „Omnibus
481 3288 644 3339 oblationibus
668 3288 808 3351 antiquitate
832 3296 955 3351 praestare
974 3288 1001 3338 l).
1019 3289 1100 3339 lacobi
1124 3293 1281 3344 ministerium
1301 3303 1325 3345 et

59 3375 208 3435 oblationem,
224 3373 255 3424 ad
273 3388 347 3439 quern
363 3374 470 3439 reliquae
488 3375 563 3423 lucter
581 3380 652 3438 atqua
670 3372 700 3421 ad
716 3372 822 3433 regulum
832 3372 903 3422 veluti
913 3382 1007 3423 exactae
1017 3375 1173 3425 elllrmamua.
1193 3379 1247 3442 lpse
1259 3380 1324 3430 enim

59 3461 157 3510 mum
175 3460 272 3524 primm
290 3461 315 3509 'tn
331 3459 414 3509 Sionis
432 3457 561 3511 caenmnlo
580 3458 691 3522 corporis
708 3464 732 3506 et
749 3457 872 3519 sanguinis
883 3456 976 3507 llomini
993 3459 1131 3522 mysterium
1142 3463 1324 3524 perierit--

60 3542 96 3593 bie
117 3545 240 3597 dominice
256 3544 410 3595 Pentecosten
434 3543 526 3594 advenit
542 3543 647 3609 Spiritus
665 3541 690 3592 S.
714 3556 789 3606 anper
815 3541 940 3606 apostolos
958 3551 982 3593 at
999 3544 1044 3594 boc
1062 3544 1223 3605 sanctificarit,
1247 3546 1324 3596 altero

61 3642 108 3678 rere
125 3629 164 3679 die
183 3636 359 3679 consecrarunt
377 3628 496 3684 Cbriema.
514 3629 584 3678 tertio
603 3634 681 3676 autern
701 3627 739 3676 die
758 3634 930 3677 consecrarunt
948 3627 1063 3677 Tabulam
1080 3626 1214 3677 rellltare.
1233 3630 1324 3688 Quarto

62 3711 154 3779 lenique
172 3712 213 3762 alie
231 3712 319 3763 obtulit
336 3712 438 3763 lacobus
456 3713 539 3763 Frater
557 3712 651 3763 Domini
676 3711 752 3761 nostri
777 3710 923 3760 oblationem
942 3711 1050 3760 eiusdem
1068 3711 1166 3761 nomina
1184 3713 1324 3778 inscriptam

63 3809 113 3858 aare
129 3798 231 3861 incipit:
250 3796 316 3848 ileon
334 3797 501 3847 universorum
520 3796 661 3847 etllomine.
679 3796 787 3860 Cumque
807 3796 965 3856 interrogetur
975 3802 1050 3854 creet,
1069 3795 1187 3845 undenam
1199 3797 1324 3848 boeacce·

64 3882 136 3943 ᾐιιι,
154 3881 298 3947 respondit:
316 3879 510 3943 Τιιίιῠοιιίιιιι,
528 3882 583 3947 qnia
601 3880 660 3931 nibil
679 3880 759 3931 addici
777 3887 818 3928 aot
836 3879 925 3929 detrun
942 3879 972 3928 ab
991 3895 1030 3940 eo,
1049 3879 1113 3944 quod
1131 3895 1145 3928 a
1160 3878 1262 3931 Domine
1279 3896 1325 3933 an·

64 3963 100 4016 iia'
114 3968 156 4031 (ct.
176 3966 207 4017 ad
226 3981 249 4018 e.
262 3966 312 4026 19).
347 3965 465 4016 Conlerae
483 3979 579 4031 quoqne
597 3966 700 4030 primum
719 3978 864 4028 responsum
883 3962 1018 4014 llieremiae
1036 3964 1187 4013 Patriercbae
1205 3965 1327 4018 Coneten·

65 4049 204 4119 &cpolitani
222 4051 254 4102 ai
270 4049 504 4114 wirtenberpmee.

134 4153 162 4213 2)
187 4153 288 4205 Praeter
310 4159 478 4217 argumentum
500 4151 610 4202 elormr
628 4150 753 4202 literarum
770 4150 870 4216 petitum
888 4149 1004 4200 divinatur
1021 4155 1087 4198 aetas
1105 4148 1195 4201 codicis
1212 4165 1240 4201 er
1257 4167 1326 4203 cont-

66 4238 231 4289 nenoratione
255 4245 360 4304 quatuor
378 4237 578 4288 Patriarcbarntn.
614 4235 690 4286 Porro
714 4244 771 4300 post
789 4235 951 4285 doctissimam
970 4233 1109 4285 llonrldinii
1137 4242 1161 4284 et
1183 4234 1327 4289 lasemanni

67 4318 242 4458 Ὲτυιίοιοσι
260 4322 324 4383 (Ass.
342 4322 412 4383 titt
432 4319 700 4386 pratuli-xtuli
727 4318 792 4368 nulla
818 4326 898 4383 potest
924 4318 1052 4370 difficultas
1077 4333 1140 4380 esse,
1168 4320 1225 4385 quin
1244 4322 1327 4373 oberte

8 4390 11 4411 ¹
111 4410 162 4471 rice
182 4409 276 4474 primae
296 4405 415 4458 eccleciae
430 4405 626 4465 inllonteSinai‚
645 4403 1023 4467 llierosolomytunae.subiectae
1041 4405 1096 4454 usui
1114 4403 1272 4456 deservierit·
1288 4405 1325 4457 Gt.

66 4486 204 4545 ltaliam
219 4492 297 4558 pto.
315 4492 358 4557 qni
375 4491 482 4545 coliem
500 4490 644 4542 Siculam
662 4488 798 4554 adpellarit.
1111 4568 1127 4619 6

91 4577 122 4625 Π.
