3044 4912
720 168 791 262 tao

650 366 693 438 Oi
715 366 875 438 διόκονσι.

199 472 352 550 XXXVI.
381 469 603 569 Μνήσθιγει,
631 470 743 572 Κύριε
770 471 789 547 ό
820 470 908 556 Θεὸς
931 469 1051 568 ήμῶν.

269 698 276 709 ἱ
472 617 511 688 ‘0
534 618 641 711 ἱερεὺς
661 618 912 709 ἐπιελπόμενος
933 620 1032 709 λέγει.

198 722 427 822 Μνήσδητι,
463 721 577 821 Κύριε
614 725 634 799 ό
664 726 771 815 Θεὸς,
805 733 884 800 τῶν
919 719 1146 821 πνευμάτων
1166 720 1245 797 καὶ
1279 716 1384 819 πόσης

122 827 269 925 σαρκὸς,
295 820 351 903 ὦν
367 823 622 924 ἐμνήσθημεν,
647 826 712 902 καὶ
730 821 785 903 ὧν
803 827 871 902 οὐκ
889 823 1144 924 ἐμνήσθημεν,
1162 820 1382 923 όρδοδόξων,

206 1067 264 1131 Cep.
282 1065 379 1117 xxxvt.
413 1066 443 1116 M.
469 1058 565 1127 ἐπειδὴ
589 1060 620 1115 δὲ
644 1063 712 1130 ζωῆς
736 1063 783 1116 καὶ
805 1055 931 1115 θανὰτου
953 1055 1003 1126 τήν
1025 1058 1153 1120 ἐξουσίαν
1175 1059 1260 1129 ἔχεις,
1284 1050 1386 1128 κόριεό

121 1143 187 1206 θεὸς
203 1142 290 1216 ήμῶν,
308 1147 347 1200 ἔτι
363 1147 521 1216 μνησθῆναι
539 1148 711 1207 καταξίωσον
728 1147 849 1202 δέσποτα
867 1149 914 1199 καλ
932 1146 987 1198 ταῖν
1002 1139 1054 1197 ἀπ’
1075 1144 1180 1203 αἰῶνας
1202 1159 1248 1196 σοι
1264 1140 1335 1196 κατὰ
1350 1159 1389 1213 γε-

122 1234 185 1291 νεὰς
208 1226 453 1301 εῦαρεστησόντων
477 1244 521 1282 σοι
546 1227 636 1299 ἁγίων
652 1234 790 1302 πατέρων,
812 1224 975 1284 ἀποστόλων
994 1240 1038 1282 ete.
1056 1226 1226 1288 καλ-παντός
1242 1222 1392 1298 πνεύματος

122 1315 231 1369 δικαίου
249 1314 281 1368 ίν
298 1319 387 1367 πίστει
404 1314 452 1366 τοῦ
471 1317 597 1382 Χριστοῦ
612 1318 822 1388 τετελειωμένου
839 1315 888 1368 καὶ
903 1301 944 1366 ὧν
960 1311 993 1367 έν
1008 1313 1040 1385 κη’
1056 1306 1181 1383 σήμερον
1195 1309 1246 1378 τήν
1268 1306 1392 1383 ὑπόμνη-

122 1415 168 1452 σιν
185 1400 333 1466 ποιοῦμεν.
369 1402 395 1452 lu
415 1403 537 1464 margine:
561 1394 576 1450 ό
594 1397 724 1459 διάκονος
740 1398 774 1453 τὰ
791 1399 921 1468 δίπτυχα.
956 1403 1182 1453 commemorantur
1199 1402 1223 1451 in
1242 1402 1394 1466 sequentibus

122 1488 194 1538 Mente
212 1488 283 1551 Virgo
302 1502 377 1552 eaque
396 1486 503 1549 angelico
522 1487 826 1550 praeambulantes,
846 1487 1072 1552 loannesiiaptisla,
1090 1485 1207 1551 Apostoli,
1226 1485 1394 1549 Euangelistee,

121 1571 293 1635 Apostolorum
317 1571 438 1635 discipuli,
463 1570 573 1621 xlttlvlll
597 1572 677 1621 Sancti
702 1572 792 1622 Veteris
816 1573 961 1632 testamenti,
986 1572 1123 1636 Stephanus
1146 1570 1323 1634 Protnmrrtpr‚
1345 1569 1396 1621 ttxt

123 1663 248 1718 martyres,
267 1657 369 1706 Sanctae
388 1656 499 1705 Mulieres
523 1671 585 1720 quae
603 1655 633 1706 ad
654 1659 772 1707 tumulum
792 1657 881 1706 Christi
904 1663 1050 1718 unguentum
1069 1654 1207 1704 detulerunt
1225 1653 1274 1703 lllll
1293 1654 1396 1716 Virgines

123 1740 289 1803 Martyres-
306 1767 338 1777 —
357 1733 409 1805 οὐχ
427 1735 469 1788 ότι
492 1731 572 1806 ἡμεῖς
596 1735 682 1806 ἐσμὲν
706 1732 777 1797 ἄξιοι
799 1739 992 1806 μνημονεῦσαι
1015 1737 1060 1800 τῆς
1086 1734 1178 1786 αὐταῖν
1199 1733 1399 1804 μακαριότητος

123 1815 180 1871 ἁλλ’
200 1815 239 1871 ἵν’
259 1818 338 1872 αὐτοὶ
356 1814 522 1889 παρεστότες
544 1825 582 1887 τῷ
599 1823 706 1893 appenso}
723 1822 770 1874 καλ
788 1821 901 1892 φοβεροῦ
917 1836 969 1873 σου
994 1812 1095 1889 βήματι
1120 1811 1196 1888 κόριε
1223 1814 1399 1890 ἁντιμνημο·

124 1901 220 1956 νεῦσιν
238 1903 283 1969 τῆς
298 1899 435 1977 ἡμετέρας
451 1899 627 1970 έλεινότητος.
655 1906 703 1958 aral
727 1905 782 1958 τῶν
798 1903 888 1975 ἁγίων
913 1906 1041 1971 πατέρων
1057 1899 1138 1973 ήμῶν
1154 1902 1202 1954 καλ
1219 1898 1400 1976 ἁρχιεπισιιό-

123 2004 186 2039 πων
208 1988 263 2039 τῶν
286 1984 342 2042 ἁπό
366 1992 414 2042 τοῦ
440 1984 522 2058 ἁγίου
541 1986 675 2056 Ἰακώβου
700 1993 747 2044 τοῦ
770 1982 928 2043 ἀποστόλου
951 1989 999 2040 καλ
1022 1985 1148 2057 ἀδελφοῦ
1171 1990 1218 2039 τοῦ
1239 1992 1339 2057 κυρίου
1355 1989 1400 2041 καὶ

122 2064 234 2144 πριόιου
252 2075 308 2124 τῶν
324 2066 551 2144 ἁρχιεπισκόπων
567 2079 650 2146 μέχρι
658 2078 782 2133 Λέοντος
797 2074 844 2126 καλ
856 2070 1026 2125 Ἀθανασίου
1044 2063 1203 2141 όρθοδόξως
1219 2067 1400 2141 ἁρχιεπισκο·

123 2148 274 2220 πησὰντων
296 2162 330 2223 (in
355 2179 429 2227 marg.
454 2160 499 2225 τῆς
520 2157 603 2228 ἁγίας
620 2161 746 2229 Χριστοῦ
762 2159 811 2211 τοῦ
826 2157 895 2210 θεοῦ
911 2153 992 2227 ήμιῦν
1009 2153 1124 2218 πόλεως)
1141 2156 1190 2207 καλ
1207 2159 1263 2208 τιῦν
1279 2154 1337 2211 ἀπὸ
1354 2157 1401 2211 τοῦ

123 2235 204 2308 ἁγίου
231 2244 279 2293 καὶ
307 2246 362 2295 τῶν
387 2240 442 2297 ιἰπό
468 2247 523 2296 τῶν
545 2244 575 2305 ἐξ
598 2245 683 2315 ἀρχῆς
705 2240 1019 2312 ἁρχιεπισκοπησὰντων
1041 2245 1182 2310 μακαρίου
1199 2236 1307 2310 πατρός
1323 2239 1400 2312 ἡμῶν

118 2321 198 2378 'Eris
217 2329 263 2379 τοῦ
279 2325 462 2382 ἁποσιολικοῦ
478 2328 526 2380 καλ
543 2327 655 2399 πριότου
673 2330 728 2382 τῶν
744 2323 906 2381 ίπισκόπων
922 2326 1005 2394 μέχρι
1021 2326 1189 2393 Σωφρονίου
1206 2327 1255 2376 καλ
1267 2319 1400 2379 Ἰωὰννου

123 2411 171 2461 καὶ
192 2412 247 2461 τιῦν
269 2406 358 2480 ἁγίων
380 2415 508 2480 πατέρων
530 2408 619 2482 ἡμῶν,
636 2443 670 2453 -
688 2443 723 2453 -
738 2415 898 2482 Appellantur
915 2413 956 2463 Lll
984 2413 1144 2463 Conlessores
1169 2419 1193 2462 ot
1216 2414 1336 2465 Doctores
1360 2430 1399 2466 en·

124 2498 212 2548 clesiae
235 2500 374 2561 (novissimo
399 2501 453 2550 loco
472 2501 604 2560 Tarnaias).
630 2501 688 2551 lleio
707 2503 797 2551 mentio
815 2502 842 2550 tlt
858 2506 996 2549 sanctarum
1014 2511 1154 2559 magnarum
1173 2513 1215 2547 sex
1233 2501 1400 2550 oecumenica·

124 2597 177 2631 rum
201 2585 357 2645 synodorum,
382 2585 450 2634 llxlv
474 2585 649 2634 monachorum
676 2593 700 2634 et
724 2576 814 2649 ἁγίων
831 2583 959 2650 πατέρων
977 2581 1031 2630 suiv
1048 2577 1255 2647 ἀναιρεθέντων
1272 2577 1329 2632 ὑπό
1347 2582 1400 2632 τῶν

123 2659 273 2732 βαρβάρων
290 2664 321 2716 έν
339 2666 376 2730 τῷ
393 2662 463 2732 ἁγίῳ
484 2657 541 2733 όρει
559 2668 596 2730 τῷ
607 2667 680 2716 Σινιῖ
697 2668 745 2716 καὶ
763 2666 794 2718 έν
812 2667 843 2736 τῇ
856 2659 977 2716 ‘Paruum
1013 2667 1089 2715 Porro
1101 2679 1325 2718 commemorantur
1337 2670 1400 2719 Con-

124 2751 244 2798 stantinus
268 2760 291 2800 et
310 2752 408 2811 Helena,
434 2753 593 2814 Theodosius,
622 2753 755 2803 Marcianus
773 2779 805 2789 -
823 2749 871 2800 καὶ
888 2749 942 2799 τῶν
965 2744 1023 2798 κατ’
1046 2747 1138 2797 αῦτιόν
1155 2746 1274 2813 εὐσεβῶς
1291 2751 1339 2800 καλ
1357 2752 1401 2799 πί-

124 2845 194 2887 στιος
216 2829 449 2895 βασιλευσόντων.
481 2831 567 2901 ιΥπὲρ
592 2826 702 2903 εἰρήνης
723 2834 770 2885 καὶ
792 2831 942 2891 εὖσταῦίας
963 2825 1077 2883 πάντων
1101 2843 1146 2884 etc.
1171 2844 1195 2883 nt
1219 2837 1242 2884 in
1262 2837 1337 2886 edito.
1372 2838 1400 2886 Et

125 2919 182 2967 dicit
200 2919 319 2969 Sacerdos
343 2931 453 2971 secreto:
480 2919 528 2969 τοῦ
552 2913 633 2986 ἁγίου
648 2914 780 2970 ’Ῑωὰννου
804 2920 852 2969 τοῦ
868 2912 1028 2985 προφήτου·
1054 2910 1218 2987 προδρόμου
1234 2919 1283 2968 καλ
1299 2924 1401 2983 βαπτι-

124 3000 197 3097 σροῦ,
216 3000 270 3051 τῶν
288 2999 377 3070 ἁγίων
394 3004 441 3054 καὶ
458 3002 654 3073 πανευηήμων
671 2999 838 3055 ἀποστόλων
855 3004 903 3053 καὶ
920 3003 968 3052 τοῦ
984 2996 1066 3070 ἁγίου
1084 3003 1131 3052 τοῦ
1149 2999 1260 3052 όΔεῖνα
1274 3007 1401 3067 (sancolt)

125 3099 157 3134 ου
175 3081 224 3149 τήν
240 3081 355 3157 μνήμην
372 3081 590 3158 μνημονεύομεν
608 3101 652 3141 etc.

208 3175 246 3223 llti
272 3184 372 3224 testatur
390 3175 561 3237 Assemanuus,
587 3177 676 3226 carlinis
700 3175 760 3226 ordo
786 3177 841 3225 bine
864 3174 999 3239 paullisper
1021 3173 1174 3238 perturbatos
1200 3181 1239 3224 est
1256 3175 1306 3235 „ob
1325 3175 1401 3224 uarias

124 3260 326 3322 transpositiones
352 3275 413 3324 quae
438 3262 509 3310 uariis
535 3263 584 3310 sive
609 3262 703 3326 punctis
721 3262 770 3309 sive
789 3259 885 3309 lineolis
904 3266 986 3323 aperte
1004 3259 1153 3307 indicantur:
1178 3272 1259 3307 verum
1279 3260 1401 3309 cumillis

124 3344 294 3406 respondentia
313 3346 380 3406 signa
400 3360 443 3395 sun
463 3345 516 3394 loco
536 3362 583 3396 uon
603 3347 707 3410 amplios
726 3353 859 3409 appareant
876 3343 965 3407 aliquid
985 3345 1042 3392 certi
1061 3344 1112 3391 erni
1137 3358 1184 3392 nnn
1210 3344 1318 3407 polesl.“
1355 3345 1400 3393 Seel

124 3441 164 3476 res
182 3436 219 3477 est
236 3430 265 3478 ad
284 3430 449 3493 explicandum
469 3431 654 3492 expeditissima.
673 3429 810 3480 Membrana
829 3429 948 3493 duplicem
968 3428 1061 3477 exhibet
1073 3429 1213 3476 memoriam
1227 3428 1401 3478 lleinoctornm

125 3520 149 3560 et
172 3513 330 3564 Sanctorum:
355 3513 455 3564 silerum
483 3515 626 3577 longiorem,
651 3531 722 3580 quem
748 3515 820 3564 rnndo
846 3514 1019 3578 percurrimus,
1043 3513 1143 3563 alteram
1168 3512 1314 3574 breviorem,
1340 3514 1401 3563 edito

125 3597 201 3660 magis
219 3613 359 3648 consonant.
395 3599 460 3649 liaeo
478 3600 622 3666 sicincipit.
657 3597 714 3647 Kal
731 3588 859 3664 όνομὰζει
876 3595 939 3652 τοῦς
955 3598 1146 3665 κοιμηθέντας.
1180 3585 1401 3659 Μνήσθητικύ-

83 3692 94 3713 r
125 3694 166 3745 ριε
184 3679 238 3730 τῶν
255 3675 396 3748 ἡμετέρων
413 3683 521 3748 γονέων
539 3693 583 3734 ntc.
604 3685 636 3734 oti
656 3685 678 3734 io
698 3684 770 3733 edito.
789 3676 836 3729 Δι’
857 3665 897 3730 ὧν
914 3679 961 3730 καὶ
978 3673 1046 3746 ήμῖν
1063 3691 1107 3732 etc.
1127 3691 1152 3732 ut
1170 3697 1251 3746 sopra.
1274 3675 1303 3729 Ὁ
1320 3674 1401 3737 λαός·

124 3758 198 3828 ὅνδε,
211 3757 287 3832 Ιἁηες
304 3778 349 3818 etc.
369 3776 393 3817 nt
412 3769 433 3817 in
453 3768 548 3831 liturgia
567 3769 667 3831 uolgata.
692 3763 830 3834 Ἐκιρωνεῖ
845 3759 859 3814 ό
877 3757 979 3834 tapete·
994 3760 1041 3814 Ἐν
1058 3757 1185 3833 πρώτοις
1192 3755 1331 3829 μνήσθητι
1350 3759 1402 3815 κό-

125 3862 166 3915 ριε
184 3849 232 3899 τοῦ
250 3845 406 3917 ἁγιωτὰτου
424 3848 528 3918 πατρός
544 3845 624 3919 ήμιῦν
641 3850 736 3914 Δεῖνα,
754 3850 800 3913 τῆς
816 3843 898 3916 ἁγίας
908 3850 1030 3917 Χριστοῦ
1048 3848 1095 3900 τοῦ
1111 3847 1180 3899 θεοῦ
1196 3841 1276 3915 ἡμῶν
1294 3842 1401 3906 πόλεως

124 3929 171 3981 καὶ
187 3933 240 3983 τιῦν
257 3930 310 3985 σῦν
328 3929 402 4000 obrui
418 3929 507 4002 ἁγίων
524 3928 673 4003 τεσσὰρων,
700 3925 841 4003 μεγάλων,
859 3933 1065 3999 οὶκουμενικοῐν,
1083 3928 1245 4002 όρδοδόξων
1260 3948 1401 4003 πατριαρ-

118 4014 204 4083 ’χιῦν·
222 4017 388 4070 Βενεδίκτου
402 4016 507 4088 Ῥώμης
524 4020 633 4084 (†984),
650 4011 791 4070 Νικολὰου
805 4011 1123 4075 Κωνσιαντινουπόλεως
1140 4020 1170 4083 (†
1182 4018 1250 4080 997),
1265 4011 1401 4085 Ἀγασίου

124 4102 288 4168 Αντιοχείας
305 4105 459 4167 (oso-997)
484 4105 532 4155 καλ
550 4102 631 4154 Ἠλία
656 4103 702 4168 τῆς
724 4095 848 4171 μεγάλης
864 4096 970 4160 πόλεως
983 4098 1190 4170 Ἀλεξανδρείας
1206 4111 1252 4153 etc.
1271 4102 1303 4164 (†
1318 4105 1401 4166 10⁰4).

125 4188 220 4239 lntouat
236 4191 331 4240 lachin.
356 4189 411 4238 Kal
434 4185 503 4256 ὑπὲρ
521 4182 629 4256 εἰρήνης
646 4198 672 4239 nt
689 4204 771 4253 sopra.
806 4189 900 4237 lutonnt
918 4190 972 4238 Sne.
988 4180 1081 4254 χὰριτι,
1098 4189 1145 4238 καὶ
1164 4187 1317 4254 οἰκτιρμοῖς
1335 4200 1360 4240 nt
1379 4192 1401 4240 in

124 4272 197 4322 edito.
210 4299 242 4308 —
262 4276 358 4325 Pirustis
377 4291 404 4324 nc
422 4275 517 4324 lineolis
536 4279 586 4325 anis
604 4278 708 4338 scriptor
727 4274 832 4322 indicare
850 4273 932 4334 uoluit,
951 4289 998 4338 qno
1018 4277 1089 4324 modo
1108 4273 1401 4326 sneundailelunctorum

125 4361 241 4408 memoria
260 4359 289 4409 ab
309 4360 452 4410 celebrante
470 4360 654 4423 conglutinante
674 4360 705 4408 sit
724 4372 777 4408 cont
795 4358 878 4422 priori.

208 4443 233 4492 ll.
261 4445 285 4494 io
309 4445 419 4509 plurimis
445 4445 575 4495 concordat
598 4458 652 4495 cnm
670 4443 826 4495 Messanensi.
860 4446 888 4493 nt
906 4443 1100 4508 imperatoribus,
1125 4443 1149 4492 in
1175 4457 1279 4510 quorum
1299 4459 1401 4497 numeru
