3044 4912
722 229 790 303 121

149 413 200 487 ίπο
190 413 319 511 Αβελ
344 420 412 488 τοῦ
439 411 586 487 δικαίου
610 413 718 542 μέχρι
741 420 807 509 τῆς
832 409 993 512 σήμερον
1008 411 1161 510 ἡμέρας
1190 413 1302 499 αὐτὸς
1318 417 1393 490 ἐκεῖ

145 515 258 600 ιῦιοῦς
289 511 525 604 ἀνάπαυσον,
560 517 601 591 67
631 512 738 612 χώρη
772 510 987 644 ζώντων,
972 541 1014 590 εν
1037 521 1082 610 τῇ
1107 513 1279 613 βασιλείᾳ
1299 541 1388 611 σου,

141 618 170 691 ἒν
195 624 237 713 τῇ
269 624 394 741 τρυφή
426 623 495 692 τοῦ
519 615 811 743 παραήείσου,’
795 644 836 691 εν
861 621 938 700 τοῖς
962 623 1109 701 κόλποις
1126 616 1302 717 Ἀβραὰμ
1326 619 1391 694 καὶ

137 717 240 794 Ἰσαὰκ
262 748 327 793 και
314 717 493 845 Ιακῶβ,
519 725 597 794 τῶν
623 717 743 847 ἆγίιρν
767 717 939 814 πατέριον
963 719 1090 817 ἡμῶν·
1126 718 1219 796 ὅθεν
1244 719 1389 849 ιῖιπίῦροι

136 817 257 948 ιἰδιίνη,
293 815 402 917 λιίπη,
434 818 498 894 καὶ
500 817 752 949 στεναγμός·
787 820 933 895 ὲνθα’
917 826 1105 898 επισκοπεῒ
1133 819 1176 895 τὸ
1209 829 1290 919 φῶς
1321 831 1390 898 τοῦ

132 918 315 1048 προςώπου
342 945 423 1011 σου,
449 920 513 996 καὶ
537 920 766 1016 καταλάμπει
792 920 856 997 616
878 921 1032 1008 παντός·
1059 921 1168 1019 ήμῶν
1185 920 1285 997 66
1242 952 1291 997 τα
1307 926 1389 1020 τέλη

129 1033 183 1120 της
207 1021 527 1153 ζωῆςΧριστιμνὰ
551 1024 615 1098 καὶ
640 1021 819 1121 εῦοίρεστα
844 1023 907 1098 καὶ
924 1021 1182 1152 ἀναμάρτητα,
1208 1026 1249 1100 ἐν
1264 1025 1389 1123 εἰρήνη

126 1121 372 1215 κατεῦθυνον,
404 1123 530 1222 Κύριε,
563 1122 690 1225 Κύριε,
722 1121 1012 1227 lmowolyoo‘
991 1133 1089 1224 ημᾶς
1113 1123 1186 1200 ὑπὸ
1210 1124 1298 1211 τοὺς
1323 1125 1392 1201 πό-

125 1225 189 1311 δας
222 1233 303 1302 τῶν
338 1229 516 1302 ἐκλεκτῶν
552 1251 634 1317 σου,
672 1226 731 1302 ὅτε
766 1230 885 1311 Θέλεις
919 1228 983 1304 καὶ
1018 1228 1068 1313 ῶς
1098 1228 1235 1311 θέλεις·
1266 1226 1392 1354 μόνον

120 1327 232 1427 χωρὶς
259 1327 437 1424 αῑσχιίνης
460 1327 524 1405 καὶ
548 1326 875 1426 παραπτωμάτων,
902 1329 966 1405 6r6
992 1337 1059 1405 τοῦ
1076 1338 1303 1459 μονογενοῦς
1321 1355 1390 1405 σου

129 1431 227 1520 Υἱοῦ,
260 1430 404 1527 Κυρίου
430 1429 470 1556 66
496 1431 559 1505 καὶ
587 1436 692 1519 Θεοῦ,
726 1431 789 1506 καὶ
816 1431 1039 1529 Σωτῆρος*
1019 1441 1128 1529 ημῶν
1145 1432 1268 1528 Ἰησοῦ
1292 1436 1389 1530 Χρι-

122 1540 228 1607 στοῦ·
274 1531 386 1616 αῦτὸς
419 1530 493 1635 γοίρ
530 1535 631 1608 ἐστιν
666 1533 686 1608 6
720 1531 836 1628 μόνος
871 1531 1131 1632 ἀναμάρτητος
1166 1532 1296 1633 φανείς
1330 1532 1390 1608 ἐπὶ

121 1663 183 1730 ἵης
205 1640 286 1736 [69-

641 1745 863 1831 Ὁδιιίκονος.

195 1867 319 1943 Kal
296 1866 389 1966 νπὲρ
415 1864 559 1965 εἰρήνης
582 1867 646 1942 καὶ
671 1869 893 1954 εὐσταθείας
917 1869 1056 1954 παντὸς
1073 1867 1216 1966 κόσμου
1233 1870 1297 1946 καὶ
1315 1879 1393 1946 τῶν

126 1968 254 2100 ἁγίων
267 1976 336 2044 τοῦ
365 1974 456 2044 Θεοῦ
482 1973 694 2097 εκκλησιῶν,
729 2000 795 2045 και
790 1970 910 2098 ὑπὲρ
939 1965 994 2048 ῶν
1019 1973 1170 2056 ἕκαστος
1195 1968 1394 2100 προςήνεγ-

126 2101 198 2162 κεν,
229 2071 254 2169 6
286 2070 382 2146 κατὰ
416 2069 642 2148 ὃιοίνοιαν’
622 2101 706 2168 εχει,
738 2072 802 2147 καὶ
834 2082 903 2148 τοῦ
927 2082 1167 2172 περιεστῶτος
1193 2081 1297 2161 λαοῦ,
1330 2071 1394 2146 καὶ
1437 2127 1441 2141 .

128 2171 275 2251 πιίντιον
299 2172 364 2248 καὶ
387 2180 531 2249 πασῶν.

676 2285 715 2357 ‘0
744 2287 836 2370 λαός.

199 2393 273 2469 Καὶ
297 2389 452 2469 πάντων
477 2392 540 2469 καὶ
565 2401 708 2470 πασῶν.
753 2427 756 2433 ·

586 2557 624 2626 Ὁ
647 2558 753 2646 ἱερεὺς
774 2560 926 2651 ἐκφανεῖ.

203 2680 261 2754 Δι’
292 2673 348 2755 67
371 2678 435 2754 καὶ
459 2679 551 2777 ήμῖν
575 2681 638 2755 καὶ
661 2682 787 2765 αὐτοῖς
805 2681 855 2765 ῶς
872 2680 1020 2782 ἀγαθὸς
1035 2679 1098 2754 καὶ
1113 2677 1395 2780 φιλάνθρωπος,

679 2844 717 2914 ‘0
748 2845 840 2928 λαός.

197 2967 365 3054 ’Ἀνες,”
341 2995 444 3064 αφες,
471 2964 754 3097 συγγώρησον,
756 3000 775 3044 ο
763 2967 953 3094 Θεὸς,
912 2998 958 3040 τα
976 2963 1257 3095 παραπτώματα
1275 2964 1395 3061 ήιιων,

140 3065 180 3138 τὰ
203 3065 362 3197 ἑκοήσια,
388 3068 435 3142 τὰ
463 3067 636 3143 ἀκούσια·
665 3068 711 3143 τὰ
739 3073 779 3197 εἰν
804 3072 899 3198 ἐργιρ
925 3069 988 3142 καὶ
1014 3066 1151 3194 λόγῳ
1158 3066 1205 3140 τὰ
1232 3094 1271 3141 εν
1263 3064 1396 3193 γνοί-

141 3194 187 3240 σει
216 3168 275 3244 καὶ
308 3169 460 3271 ἀγνοίᾳ·
495 3170 541 3244 τὰ
575 3175 616 3246 ἐν
648 3171 756 3247 νυκτὶ
788 3172 851 3245 καὶ
875 3199 916 3244 εν
939 3169 1075 3267 ήαίρᾳ
1106 3167 1156 3295 t16
1181 3168 1276 3243 κατὰ
1304 3175 1397 3243 νοῦν

141 3270 194 3344 καί
223 3267 411 3347 ῦιοίνοιαν
446 3271 492 3346 τὰ
526 3271 649 3347 ποίντα
682 3273 773 3372 ήιιῖν
799 3268 1054 3375 συγχώρησον,
1088 3269 1138 3354 ῶς
1163 3270 1312 3371 ἀγαθὸς
1335 3267 1398 3344 καὶ

143 3370 407 3472 φιλάνθρωπος.

142 3653 163 3695 et
178 3647 296 3698 iustiniani
314 3661 403 3698 uomou
422 3648 530 3712 adparet,
547 3647 620 3698 oimul
639 3648 744 3698 adnectit
761 3646 900 3699 collectam:
924 3640 1074 3709 Μνήσθητι
1091 3639 1166 3709 κύριε
1185 3651 1229 3693 otc.
1249 3649 1274 3691 ut
1292 3643 1315 3690 iu
1335 3641 1398 3691 edito

143 3728 181 3777 ιιιιλ
196 3723 263 3798 ὑπὲρ
281 3724 400 3797 εἰρήνης.
417 3725 464 3778 Δι’
485 3714 533 3780 ῶν.
544 3725 631 3793 Ἄνες,
649 3725 728 3797 ἄφες.
742 3721 834 3795 χάριτι
852 3729 899 3778 καλ
917 3729 1067 3797 οἰκιιρμοῖς
1092 3739 1117 3779 ut
1135 3737 1171 3779 est
1188 3725 1251 3790 opud
1270 3725 1399 3787 vulgatum.

215 3817 266 3881 Syr.
282 3842 318 3851 -
335 3816 472 3866 Meminisse
490 3817 595 3879 digneris
614 3818 719 3867 omnium
739 3830 821 3865 eorum
841 3818 880 3880 qui
899 3816 940 3864 tibi
958 3831 969 3864 o
989 3816 1085 3864 soeculo
1096 3814 1237 3878 placuerunt
1247 3811 1400 3870 Sanctorum,

142 3899 237 3962 mirum,
254 3901 456 3962 Putriorolmrum,
475 3901 648 3965 Prophetarum
668 3910 691 3950 ot
707 3902 887 3965 Apostolorum.
906 3925 940 3935 -
961 3900 1103 3949 Nomiuotur
1121 3899 1222 3947 louuuos
1241 3895 1355 3960 Baptista,
1374 3894 1399 3944 S.

141 3982 277 4048 Stephanus,
296 3986 450 4036 sanctissima
468 3994 492 4036 ot
509 3986 614 4048 glorioso
632 3987 676 4036 liei
695 3987 794 4049 genitrix
813 3999 909 4048 semper
926 3985 995 4047 Virgo
1006 3984 1086 4043 llario,
1104 3984 1147 4033 SS.
1156 3982 1283 4039 Antonius,
1302 3981 1400 4030 Simoou

142 4066 225 4132 Sulla,
250 4071 377 4132 Georgius.
395 4095 428 4107 -
453 4071 563 4122 adscribe
587 4087 632 4121 uos
650 4072 672 4121 in
692 4085 818 4121 numerum
838 4070 969 4119 beatissimi
988 4068 1053 4118 illius
1071 4075 1167 4127 coelun
1192 4080 1295 4115 accenso
1313 4078 1358 4114 uos
1377 4064 1401 4113 iu

142 4151 176 4203 illu
198 4138 314 4206 ecclesia:
338 4154 436 4205 udmitto
460 4171 506 4206 uos
529 4157 553 4206 iu
578 4159 677 4219 gratiam
702 4165 766 4206 tuom
792 4157 853 4204 iuter
871 4155 1053 4219 primogenitos,
1077 4165 1178 4216 quorum
1197 4151 1293 4199 uominu
1312 4149 1402 4212 scriptu

142 4220 189 4288 t'uut
211 4240 236 4291 iu
260 4240 352 4291 ooolir:
378 4240 435 4289 ldoo
454 4242 517 4290 onim
535 4240 633 4291 illorum
652 4241 794 4291 memorium
813 4241 904 4302 agimus
923 4249 948 4289 ut
965 4248 989 4290 ot
1006 4239 1052 4303 ipsi
1071 4244 1124 4286 outo
1143 4234 1270 4284 sublimem
1289 4234 1415 4282 thronum.

144 4327 202 4373 tuum
219 4334 311 4375 stantes
329 4325 470 4374 humilitatis
489 4341 516 4374 uc
534 4328 682 4391 paupertatis
701 4335 798 4376 nostroe
816 4324 974 4374 recordentur
992 4333 1014 4373 ει
1033 4338 1079 4372 unu
1097 4320 1220 4370 nobiscum
1242 4319 1343 4367 offeram
1362 4317 1402 4367 tibi

143 4410 283 4461 uouendum
307 4417 331 4460 et
355 4409 506 4459 incruentum
530 4410 674 4459 sacrificium
699 4425 743 4474 pro
762 4413 865 4461 vitorum
885 4409 992 4459 custodia
1011 4417 1054 4458 etc.
1091 4407 1165 4456 Porro
1185 4408 1405 4453 commemorantur

141 4488 245 4561 Epiroopi
263 4495 295 4546 ub
306 4492 515 4561 urculepmopo,
528 4493 645 4560 Apostolo
663 4504 687 4545 et
704 4494 805 4559 ilurtpro
824 4493 911 4546 laoolro
930 4508 1007 4558 usquo
1024 4493 1049 4543 iu
1066 4496 1219 4557 pruosoutom
1237 4487 1309 4539 dium.
