3044 4912
741 218 813 291 312

143 408 191 491 τῶ
217 404 388 488 μονογενεῐ
409 423 469 468 σου
495 395 573 486 1⁷66,
601 396 657 465 καὶ
678 402 725 486 τῷ
745 392 909 487 παναγύῳ,
936 396 993 467 καλ
1015 392 1146 485 ἀγαθῶ,
1174 396 1234 465 καὶ
1256 397 1396 487 ζωοποῶ

143 525 205 571 σου
226 499 407 588 Πνεύματι,
429 506 494 582 νῦν,
516 497 573 567 καὶ
594 494 658 580 ἀεὶ,
679 498 736 567 καὶ
757 495 806 578 εἰς
825 497 904 578 τοὺς
922 494 1045 578 αλῶνας
1058 504 1124 565 τῶν
1139 494 1280 566 αἰώνων.
1298 495 1394 621 Ἀμύη

228 612 259 673 4.
281 609 308 670 Ν
316 627 385 670 ona
406 607 505 669 Hora
526 614 587 667 tres
609 603 669 666 sihi
690 605 821 667 vindicat
840 603 986 666 Psalmos.
1029 604 1078 666 Ps.
1095 606 1152 669 84:
1188 595 1234 678 ῶς
1256 596 1392 690 άγακητὸ

25 767 30 781 ,
143 703 186 772 τὰ
207 700 401 795 σκηνῶματά
423 725 493 770 σου.
535 706 587 768 Ρε.
603 707 659 770 85:
687 696 867 789 εὐδοκήσας
887 697 993 789 Κύριε
1013 707 1073 791 τῆν
1093 706 1262 790 μῆνσαν.
1287 706 1390 772 Ρε.ε8δ

142 806 252 874 κλῖνον
271 803 376 922 Κύριε
396 801 435 871 τὸ
457 794 516 881 σὸς
536 823 606 870 σου.
650 805 795 886 Troparia
818 817 848 868 ει
869 807 983 868 cantica
1006 807 1181 869 memoriam
1205 773 1388 871 τενὸτεολλε

143 910 239 972 tronis
267 910 338 990 „qui
366 907 567 972 confessionis
592 907 758 989 praemium
787 907 935 987 sumpsit“
967 917 1056 987 atquo
1081 907 1204 970 σιτοῖτο
1227 909 1331 971 mortis
1349 909 1387 970 ὸν

23 1059 29 1074 ι
142 1010 287 1073 minicae:

222 1102 260 1173 ‘0
288 1105 323 1175 ἐν
349 1112 390 1197 τῇ
410 1101 574 1226 έννάτη”
547 1130 618 1195 ωρη
634 1090 724 1172 διΗ
705 1110 801 1193 ημᾶς,
830 1103 934 1192 σαρκὶ.
946 1111 1006 1172 ταῶ
1026 1102 1177 1175 θανάτου
1200 1103 1386 1192 γευσάμενος,

139 1205 301 1331 νέκρωσον
327 1213 386 1297 τῆς
412 1205 532 1294 σαρκὸς
557 1203 651 1293 ἡμῶν
671 1204 710 1273 τὸ
732 1202 886 1295 φρόνημα
906 1203 1073 1294 Χριστὸὸ
1098 1206 1194 1289 Θεὸς,
1221 1208 1280 1276 καὶ
1299 1214 1386 1277 σῶσον

138 1303 238 1397 ἡμᾶς·

222 1403 411 1478 Βλέπωνε
393 1433 411 1476 ο
432 1406 573 1498 Ληστὴς
598 1405 655 1474 τὸν
682 1402 822 1498 άρχηγὸν
847 1413 907 1496 τῆς
928 1407 1013 1495 ζωῆς
1034 1406 1094 1475 ἐπὶ
1113 1412 1267 1496 Σταυρσῦ
1286 1405 1387 1498 κρεμά-

138 1534 246 1595 μενον,
269 1507 393 1598 ἔλεγεν·
416 1505 448 1577 ελ
466 1507 512 1596 μὴ
530 1505 616 1586 Θεὸς
634 1503 761 1596 ὸπῆρχε
783 1508 971 1595 σαρκωθεὸς
985 1504 1004 1576 6
1020 1508 1079 1575 σὸν
1092 1503 1171 1597 ἡμῖν
1187 1511 1386 1597 σταυρωθεὸς,

138 1605 198 1677 ούκ
218 1605 259 1676 άν
281 1605 299 1676 6
313 1606 490 1690 Ἥλιος
452 1635 514 1689 τας
534 1604 667 1688 άκτῖνας
688 1607 926 1700 ἕναπέκρυψεν,
953 1604 1072 1678 οὐδὲ(
1051 1634 1071 1699 η
1095 1615 1136 1698 γῆ
1157 1611 1310 1700 σειομένη
1330 1609 1386 1679 λιι·

137 1705 284 1794 μαίνετο.
309 1705 437 1778 Ἀλλ’(
420 1707 595 1778 οπάντων
616 1704 819 1795 ἀνεχόμενος,
840 1706 1009 1861 μνήσθητί
1028 1734 1093 1795 μου
1107 1708 1215 1798 Κύριε
1237 1711 1272 1779 ὸν
1285 1717 1385 1802 τῇδε·

136 1804 245 1900 σιλείᾳ
265 1832 336 1879 σου.

217 1906 270 1978 Ἔν
289 1911 382 2001 μέσῳ
404 1909 464 1980 δύο
485 1914 622 2003 λῃστῶν,
645 1912 739 2000 ζυγὸς
760 1857 969 2004 δικαιοσύνης
990 1907 1112 2003 εὑρέθη
1134 1910 1383 2002 ὸΣτανρόςσοι·

134 2016 195 2077 τού
221 2012 282 2098 μέν
309 2016 533 2101 καταγομένσο
561 2010 610 2093 εἷς
623 2011 743 2138 ’Ἀιδην
763 2020 811 2102 τῷ
831 2011 929 2099 βάρει
950 2019 1009 2103 τῆς
1028 2011 1254 2104 βλασφημίας,
1282 2022 1338 2083 τοό
1356 2011 1383 2081 δι’

133 2114 373 2202 κουφιζομὲνοο
400 2111 629 2199 πταισμάτων,
657 2115 743 2203 πρὸς
764 2120 882 2202 γνῶσιν
905 2111 1110 2202 Θεολογιας,
1126 2112 1293 2202 Χριστε“
1275 2141 1294 2185 ο
1317 2113 1385 2192 Θεὸς

135 2210 216 2294 δόξα
237 2238 304 2283 σοι.

220 2314 287 2383 Τὸν
297 2312 426 2401 Ἀμνὸν,
441 2316 498 2385 καὶ
511 2315 677 2404 Ποιμένα,
690 2315 747 2385 καὶ
761 2320 900 2405 Σωτῆρα
913 2321 974 2384 τοῦ
987 2312 1138 2402 Κόσμον,
1153 2315 1189 2384 έν
1203 2323 1252 2406 τῶ
1265 2313 1385 2404 Σταορῷ

132 2419 310 2504 θεωροῦσα
330 2414 350 2505 6
372 2424 522 2499 τεκοῦσα,
546 2415 636 2507 ἔλεγε
658 2414 858 2506 δακρύουσα·
881 2413 900 2484 6
921 2416 983 2501 μέν
996 2415 1134 2503 Κόσμος
1153 2413 1331 2504 ἀγάλλεται
1343 2419 1386 2485 ὸε-

131 2513 268 2600 χόμενσς
294 2517 353 2605 τὴν
380 2515 550 2603 λύτρωσιν,
578 2519 621 2585 τὸ
647 2519 684 2586 δὲ
711 2517 881 2606 σπλάγχνα
901 2542 967 2603 μου
990 2517 1169 2608 φλέγονται
1191 2515 1319 2609 ὁρώσης
1338 2542 1386 2586 σοι

132 2616 190 2702 τὴν
210 2616 412 2705 Σταύρωσον,
434 2613 473 2705 ἢν
495 2615 579 2705 ὸπὲρ
601 2617 735 2685 πάντων
756 2616 944 2704 ύπομένεις,
967 2616 986 2686 6
1013 2616 1100 2700 Υἱὸς,
1123 2621 1179 2688 καὶ
1204 2619 1291 2700 Θεός
1309 2646 1379 2706 μοι.

216 2716 438 2805 Μεσιύριον
460 2727 529 2807 τῆς
551 2718 718 2808 έννάτης
739 2719 853 2807 ὥρας.
882 2727 931 2787 Ρε.
950 2727 1024 2789 113:
1050 2717 1169 2788 αἶνεῖτε
1192 2725 1323 2802 παῖδες.
1348 2727 1394 2787 Ps.

133 2824 223 2903 1383
245 2817 532 2907 έξομολογήσομαι
554 2844 609 2887 σοι
631 2817 734 2906 Κύριε
757 2820 791 2887 έν
812 2820 871 2911 ὅλη
893 2820 1014 2910 καρδίᾳ
1034 2846 1109 2906 μοι.
1153 2828 1202 2888 Ρε.
1223 2834 1296 2892 14οε
1326 2821 1395 2904 ἒξε·

131 2920 193 2985 λοῦ
216 2945 259 3004 με
280 2918 385 3006 Κύριε
413 2921 450 3002 ἐξ
476 2918 659 3008 άνθριόποε
681 2931 839 3011 πονηροῦ.
882 2928 1082 2989 Novissimum
1105 2928 1203 2989 locum
1227 2939 1308 2990 tenet
1330 2950 1396 2990 οτι·

131 3026 172 3086 tio
205 3025 324 3088 Basilii:
358 3023 520 3091 Δέσποτα
546 3020 651 3110 Κύριε
671 3019 704 3089 Ἰ.
726 3031 770 3091 Χ.
798 3021 816 3092 6
849 3026 934 3104 Θεὸς
959 3022 1060 3112 ἡμῶν,
1089 3020 1106 3090 6
1133 3026 1402 3114 μακροθιμησας

129 3120 189 3188 έπὸ
215 3128 287 3202 τοῖς
313 3121 406 3212 ἡμῶν
432 3123 692 3213 πλημμελημασι
712 3124 768 3192 καὶ
790 3118 865 3212 άχρι
885 3133 943 3212 τῆς
963 3123 1135 3214 παρούσης
1156 3124 1245 3212 ὥρας
1267 3125 1400 3214 άγαγιὺν

128 3219 224 3308 ἡμᾶς,
247 3224 282 3289 ὸν
303 3216 324 3313 6
345 3225 405 3292 ἐπὶ
425 3233 485 3293 τοῦ
507 3226 676 3307 ζωοποιοῦ
696 3224 806 3296 Ξύλοε
828 3225 1038 3313 κρεμάμενος,
1061 3233 1106 3314 τῷ
1129 3223 1308 3314 εὐγνώμονι
1319 3235 1401 3318 Λην

115 3329 187 3411 Ιστῇ
215 3323 274 3411 τὴν
301 3325 349 3404 εἰς
376 3326 433 3395 τὸν
453 3325 667 3410 Παράὸεισον
695 3324 908 3416 ῶὸοπούησας
936 3324 1072 3408 εἴςοδον,
1100 3329 1157 3395 καὶ
1178 3328 1317 3419 θανάτῳ
1338 3332 1400 3397 τὸν

126 3421 276 3491 θάνατον
296 3420 438 3507 α’όλεσας·
460 3425 620 3518 λλάσθητι
639 3425 716 3516 ἡμῖν
736 3434 809 3507 τοῖς
830 3425 1047 3515 ἁμαρτωλοῖς,
1069 3430 1125 3496 καὶ
1147 3424 1296 3510 άναξιόις
1318 3429 1398 3498 δού-

127 3527 199 3606 λσις
225 3549 297 3595 σου.
337 3523 545 3617 Ἡμάρτομεν
572 3529 643 3615 γὰρ,
671 3529 728 3596 καὶ
754 3526 977 3617 η’νομήσαμεν,
1005 3530 1062 3597 καὶ
1090 3527 1148 3598 ούκ
1174 3531 1274 3616 ἐσμὲν
1303 3528 1393 3613 άξιοι

126 3618 206 3713 ἆραι
226 3627 268 3694 τά
289 3621 424 3714 ὸμματα
447 3626 548 3717 ἡμῶν,
571 3629 626 3698 καὶ
646 3629 776 3718 βλέψαι
798 3628 846 3710 εἰς
866 3631 903 3698 τὸ
926 3629 1014 3720 ύψος
1034 3637 1094 3698 τοῦ
1120 3628 1280 3719 Οὐρανοῦ,
1304 3633 1389 3701 διότι

123 3725 344 3814 κατελίπομεν
364 3730 423 3819 την
444 3727 523 3798 ὁδὸν
544 3737 602 3819 τῆς
623 3728 831 3820 δικαιοσύνης
853 3755 923 3812 σου,
944 3733 1001 3799 καὶ
1023 3731 1254 3823 ἐπορεύθημεν
1273 3735 1307 3802 έν
1322 3742 1389 3813 τοῖς

125 3828 295 3918 θελήμασι
321 3837 387 3898 τῶν
412 3834 556 3921 καρδιῶν
577 3830 679 3921 ἡμῶν.
719 3828 806 3900 Ἀλλ’
831 3828 1016 3917 ἱκετεύομεν
1037 3834 1096 3922 τὴν
1117 3835 1177 3922 σὴν
1199 3832 1387 3903 άνείκαστον

125 3925 328 4022 άγαθότητα.
376 3939 497 4001 Θεῖσαι
523 3929 615 4054 ἡμῶν
636 3931 740 4018 Κύριε
766 3934 851 4001 κατὰ
877 3933 915 4000 τὸ
943 3937 1080 4023 πλῆθος
1100 3944 1160 4003 τοῦ
1181 3935 1297 4018 ἐλέοις
1319 3963 1386 4017 σου,

122 4030 179 4097 καὶ
205 4039 314 4099 σῶσον
318 4032 429 4158 ἡμᾶς
449 4033 561 4102 διὰ
528 4060 565 4100 το
578 4028 709 4119 Ὅνομά
730 4059 790 4101 σου
811 4035 849 4101 τὸ
864 4032 1029 4122 ‘'Aytov,‘
1017 4035 1071 4105 ότι
1092 4038 1286 4118 ἑξέλιπον’
1270 4065 1305 4106 εν
1324 4065 1386 4124 μα-

121 4129 272 4221 ταιότητι
294 4132 330 4202 αἱ
350 4133 472 4223 ἡμέραι
492 4131 593 4223 ἡμῶν.
621 4132 789 4216 '6566‘
765 4143 858 4261 ημῶς
877 4142 935 4226 τῆς
956 4143 1016 4204 τοῦ
1030 4134 1255 4263 ἀντικειμένου
1269 4142 1384 4229 χειρὸς,

121 4233 177 4299 καὶ
199 4228 283 4322 άφες
304 4232 382 4358 ἡμῖν
402 4237 443 4303 τὰ
466 4234 695 4325 άμαρτηματα,
717 4236 773 4303 καὶ
793 4238 954 4359 νέηρωσον
974 4237 1012 4306 τὸ
1027 4241 1181 4326 σαρκικὸν
1196 4238 1289 4329 ἡμῶν
1304 4240 1385 4333 φρό-

121 4358 218 4420 νημα.
252 4333 322 4402 Ἰνα
343 4338 399 4404 τὸν
421 4338 568 4404 παλαιὸν
590 4335 800 4422 ἀποθέμενοι
822 4334 1013 4426 άνθρωπον,
1035 4341 1093 4406 τὸν
1114 4343 1187 4408 νέον
1202 4341 1384 4465 ένδισώμε-

120 4439 181 4512 θα,
203 4435 258 4502 καὸ
279 4434 466 4526 συζήσωμεν
493 4446 540 4527 τῷ
561 4436 708 4543 ἡμετέρῳ
729 4439 887 4531 Δεσπότη
908 4441 965 4510 καὶ
986 4439 1164 4531 Κηὸεμόνι.
1207 4443 1279 4546 Καὶ
1301 4442 1384 4513 ούτω
