3044 4912
353 1256 1022 1375 PROLEGOMENA.

591 1486 795 1500 ——ss

650 1659 680 1734 ς.
699 1659 727 1719 t.

259 1785 357 1848 unna
379 1785 504 1850 sruou
524 1787 719 1853 nrrunoror
739 1789 857 1854 norro
879 1789 930 1852 ur
951 1788 1127 1852 runouss

146 1971 185 2061 ln
207 2002 380 2069 oonlessum
400 2003 482 2065 venit
503 2003 582 2084 quod
604 2023 671 2067 oum
693 2003 830 2068 omnibus
856 2002 946 2066 bonis
974 2004 1100 2066 maxime
1122 2002 1329 2082 deploramus:

56 2121 145 2164 sacra
166 2122 200 2164 ea
222 2111 318 2164 aetate
344 2122 413 2166 osse
439 2105 613 2180 reformata,
646 2124 702 2186 qua
735 2104 949 2185 antiquissimis
972 2103 1205 2167 Christianorum
1233 2103 1329 2165 literis

59 2211 152 2282 atque
174 2203 291 2265 omnino
312 2204 479 2284 primaevae
501 2206 643 2270 ecelesiae
664 2206 800 2286 imagini,
829 2206 860 2268 in
889 2203 1020 2268 tenebris
1042 2203 1220 2279 iacentibus,
1254 2221 1331 2266 nora

62 2302 117 2365 lux
138 2304 261 2366 nondum
284 2305 437 2368 allrrlserit.
492 2307 570 2370 Sane
591 2309 642 2389 qui
662 2327 680 2370 a
699 2306 852 2370 Pontillois
874 2306 1008 2388 partibus
1030 2303 1163 2380 stabant,
1185 2305 1330 2384 dogmatis

59 2405 225 2485 ritibusque
246 2406 387 2470 Romanis
409 2409 602 2488 apostolicam
623 2407 811 2472 vindicabant
835 2407 1039 2471 auctoritatem
1060 2414 1148 2486 atque
1170 2405 1330 2486 originems

61 2517 91 2568 et
118 2516 218 2568 contra
234 2507 355 2570 Lutberi
375 2528 410 2571 ac
424 2509 527 2590 Cinglii
549 2511 713 2591 praeceptis
737 2529 770 2573 se
790 2509 961 2573 addicentes
982 2507 1056 2570 nibil
1077 2507 1154 2569 aliud
1177 2526 1210 2569 se
1232 2506 1331 2577 moliri

62 2607 223 2682 iactabant,
255 2609 313 2670 nisi
342 2616 375 2670 ut
406 2609 641 2673 Christianorum
675 2621 792 2675 coetum
827 2610 863 2673 ad
891 2612 1007 2692 priscae
1035 2609 1177 2672 ecclesiae
1205 2611 1331 2670 lormam

61 2710 246 2772 reducerent.
298 2712 334 2772 ΑΙ
355 2730 417 2773 non
440 2713 535 2774 evenit
557 2714 635 2793 quod
657 2714 689 2775 in
709 2714 765 2775 hac
793 2711 997 2775 controversia
1026 2711 1091 2772 iure
1117 2719 1219 2791 potest
1239 2729 1329 2790 expe-

63 2813 145 2872 ctari.
189 2812 345 2873 Desertant
365 2813 455 2875 armis
483 2834 500 2876 e
523 2833 606 2877 sacra
628 2815 776 2895 scriptura
798 2813 978 2894 depromtis3
1011 2813 1042 2874 in
1064 2811 1202 2874 auxilium
1224 2819 1331 2872 vocant

62 2912 264 2993 posteriorum
291 2914 475 2975 soeculorum
497 2923 614 2993 patres,
647 2915 793 2995 imprimis
817 2916 849 2977 S.
863 2913 1075 2993 Augustiuum3
1111 2912 1187 2973 baud
1213 2911 1329 2974 medio-

62 3016 122 3075 cria
144 3014 201 3075 tela
222 3014 259 3075 ad
287 3032 336 3075 res
358 3015 502 3094 gerendas
529 3015 639 3078 babent
660 3015 910 3078 scholasticorum
936 3023 1032 3088 artes,
1053 3014 1228 3075 Pontificum
1250 3012 1331 3094 leges

63 3125 91 3176 et
114 3114 313 3177 Consiliorum
334 3117 466 3178 decreta:
499 3118 553 3179 sed
582 3119 661 3198 quod
682 3125 801 3200 praeter
822 3136 939 3179 sacrum
961 3115 1093 3180 oodioem
1115 3115 1202 3177 cardo
1225 3133 1332 3177 causae

62 3216 207 3278 iudicatur
230 3225 259 3278 et
279 3226 381 3297 caput,
401 3217 534 3298 priorum
557 3221 740 3282 saeculorum
762 3219 853 3282 lacios
876 3228 907 3281 et
927 3217 1199 3298 antiquissimorum
1213 3225 1331 3297 patrum

61 3337 240 3393 consensus,
262 3318 341 3380 buno
360 3319 443 3380 vides
464 3320 645 3399 neglectum,
667 3322 747 3384 huno
768 3321 803 3384 ab
825 3321 980 3399 utriusque
1002 3321 1147 3381 exercitus
1161 3317 1330 3394 antesigna-

64 3421 110 3479 nis
126 3420 239 3498 plangis
254 3420 431 3498 ignoratum.
459 3421 539 3484 Haeo
559 3441 660 3484 manca
675 3423 784 3484 veteris
800 3421 941 3485 ecclesiae
955 3421 1102 3500 cognitio,
1125 3437 1191 3479 oum
1206 3418 1330 3495 dogrna·

65 3522 130 3581 ticis
153 3521 401 3601 disputationibus
430 3523 502 3583 vitio
530 3524 669 3585 vertenda
699 3523 754 3598 sit,
785 3531 847 3585 tum
874 3524 905 3584 in
932 3521 1023 3584 rebus
1051 3518 1193 3598 liturgicis
1221 3516 1331 3579 multos

64 3623 205 3701 pullulare
227 3622 296 3685 lecit
318 3642 435 3686 errores
460 3643 572 3704 eosque
593 3626 718 3688 maxime
739 3624 969 3706 perniciosos.¹)

133 3878 157 3936 l)
175 3876 330 3926 lleoaldotius
347 3876 392 3926 Lit.
411 3879 452 3928 Or.
471 3879 532 3930 coll.
550 3880 592 3930 Ed.
607 3880 630 3929 2.
649 3880 668 3930 1.
686 3895 710 3945 p.
724 3879 786 3929 xlv:
811 3878 920 3942 „Nempe
944 3888 1028 3938 magna
1047 3873 1087 3922 illa
1105 3871 1266 3922 Ecclesisrum
1285 3870 1332 3921 lle-

65 3961 220 4011 lormatarum
245 3961 335 4011 lumina
359 3970 449 4012 tanturn
477 3964 618 4028 disciplinae
636 3963 815 4014 sacramentalis
840 3963 962 4022 sciebant,
993 3965 1106 4023 quantum
1129 3956 1219 4005 ldissali
1242 3955 1333 4018 uulgari

66 4047 239 4107 continebatur,
265 4047 300 4094 rix
324 4047 454 4111 quidquam
478 4049 590 4113 amplios.
624 4049 707 4112 Neque
724 4048 858 4111 negandum
877 4054 922 4106 est,
948 4043 1090 4108 peritiorem
1108 4042 1173 4092 illius
1191 4041 1333 4106 disciplinae

66 4130 224 4191 cognitionem
242 4130 371 4194 Tbeologis
389 4134 478 4182 nostris
496 4147 572 4196 aeque
597 4132 729 4183 doluisse.“
762 4132 812 4182 liae
829 4132 875 4181 viri
893 4128 961 4178 Docti
980 4127 1089 4178 sensoria
1107 4127 1235 4176 acerbitate
1253 4125 1333 4174 notari

65 4215 154 4263 ridetur
171 4214 299 4275 lutherus,
326 4216 349 4264 in
368 4217 546 4280 antiquitatibus
565 4216 707 4267 Christianis
724 4217 832 4281 paullum
855 4222 963 4265 versatos
981 4213 1012 4274 (e.
1029 4227 1051 4274 g.
1075 4210 1265 4272 „Tertullianus,
1290 4207 1333 4257 der

64 4299 210 4349 aliertlteste
228 4300 319 4350 Lebrer
336 4315 364 4350 so
381 4315 436 4351 man
460 4301 501 4351 bat
525 4302 572 4351 sint
597 4301 639 4351 der
656 4301 754 4366 llpostel
772 4300 841 4351 Zeit“
872 4299 909 4348 W.
927 4295 1088 4358 mittat:
1120 4293 1257 4357 excipienda
1281 4301 1335 4343 erat

65 4383 234 4434 florentissima
262 4385 421 4436 ldelantbonis
448 4386 555 4436 doctrina
586 4400 729 4451 quamquam
762 4386 822 4435 ralet
845 4384 887 4433 illa
916 4381 1050 4433 Thiorschii
1073 4380 1191 4430 sententia
1218 4376 1282 4429 Prot.
1309 4393 1333 4427 o.

10 4498 13 4521 r
65 4468 156 4520 liatbol.
177 4470 214 4518 ed.
227 4468 248 4518 l.
267 4470 349 4533 p.19:
376 4470 457 4533 „erei
475 4471 573 4521 Manner
591 4472 685 4521 lreilicb
703 4486 775 4534 rogen
794 4477 865 4520 unter
883 4469 928 4518 den
946 4467 1085 4528 'lbeologen
1109 4465 1152 4514 der
1169 4463 1333 4527 lutberiscben

10 4555 13 4635 q
64 4553 156 4617 llirebe,
174 4555 279 4606 meinero
299 4555 388 4607 Urtboil
406 4557 475 4620 noch,
494 4557 530 4608 als
548 4557 586 4608 die
603 4564 715 4620 grossien
732 4556 827 4620 berron,
844 4554 935 4606 welche
952 4553 991 4602 ibr
1008 4551 1128 4684 Zeitalt¹eq¹
1138 4563 1168 4599 an
1186 4548 1240 4598 ioht
1257 4546 1334 4596 bisto-
