3044 4912
387 1154 407 1187 t}

421 1206 441 1229 ng.

573 1132 591 1163 ⁶
676 1185 993 1279 clrurn.
1071 1224 1085 1247 ·

593 1393 816 1457 ultttlthl
848 1394 880 1456 S.
907 1392 1071 1498 {ACQBL

291 1595 346 1685 Ab
375 1621 455 1684 omui
486 1629 631 1685 vetustate
658 1631 777 1704 accepta
799 1630 847 1684 est
868 1623 969 1702 opinio
992 1621 1145 1696 ecclesiae,
1173 1619 1205 1684 S.
1227 1621 1368 1685 Iacobum
1388 1623 1470 1704 lipo-

196 1725 306 1789 stolum
334 1720 460 1803 eumque
488 1725 608 1786 tratrem
634 1722 754 1785 Domini
785 1743 871 1786 curas
899 1743 968 1786 suas
996 1723 1136 1786 defixisse
1165 1724 1195 1786 in
1223 1723 1321 1786 ‹livina
1342 1723 1470 1804 liturgia.

198 1826 286 1902 Quod
307 1825 415 1908 probat
436 1823 499 1888 eius
523 1824 574 1906 qui
596 1825 830 1887 Constitutiones
854 1825 978 1904 digessit
998 1824 1141 1900 doctrina,
1164 1825 1221 1888 etsi
1242 1825 1366 1887 Missam
1380 1824 1470 1888 Fide·

195 1929 267 1992 lium
295 1945 452 2009 perperam
480 1927 629 1988 revocavit
655 1926 698 1989 ad·
713 1925 853 1989 Iacobum
874 1926 1034 2002 maiorem3
1062 1927 1170 2006 probat
1196 1926 1392 2007 Epiphanius,
1420 1925 1471 2007 qui

72 2088 75 2093 .
195 2030 284 2094 llaer.
311 2032 350 2095 79
384 2027 523 2091 lacobum
551 2029 619 2091 lecit
645 2022 731 2092 κατὰ
762 2023 822 2113 τὴν
853 2028 912 2113 γῆν
946 2020 1178 2111 ἱερουργοῦντα
1209 2023 1248 2092 τδ
1280 2019 1473 2112 εὐαγγέλιον

194 2126 252 2196 καί
271 2121 459 2216 μυστηρίων
480 2121 668 2217 ἀρχηγέτην.
711 2130 790 2193 Saue
811 2148 883 2192 vero
905 2129 984 2193 aliud
1007 2139 1054 2191 est
1074 2131 1187 2192 referre
1209 2128 1245 2191 ad
1256 2128 1399 2192 Iacobum
1419 2147 1471 2191 re·

194 2252 262 2296 rum
289 2232 488 2313 liturgicarum
519 2230 758 2306 sollicitudinem,
786 2230 867 2294 aliud
894 2231 1021 2294 eundem
1049 2230 1217 2312 apostolum
1239 2230 1377 2311 liturgiae
1398 2230 1473 2294 satis

194 2334 327 2418 prolixae
348 2333 500 2395 venditare
522 2341 682 2395 auctorem.
726 2333 849 2395 lnclinat
871 2332 907 2394 ad
928 2334 1006 2394 hano
1027 2332 1203 2395 sententiam
1224 2332 1359 2406 Procius,
1389 2332 1472 2395 Cou-

195 2433 478 2514 stantinopolitanus
499 2432 665 2512 patriarcha
687 2433 721 2511 (†
734 2437 820 2511 446),
848 2433 874 2497 si
897 2434 1044 2514 putandus
1066 2445 1113 2497 est
1133 2444 1236 2498 auctor
1259 2432 1472 2516 apospasmatii

195 2532 276 2620 περὶ
298 2525 518 2616 παραδόσεως
538 2536 598 2618 τῆς
618 2534 719 2608 aetas
739 2520 958 2618 λειτδυργίας;
981 2535 1105 2597 collocat
1126 2537 1203 2598 enim
1227 2536 1257 2597 in
1280 2555 1386 2599 eorum
1412 2555 1472 2599 uu·

197 2656 292 2709 mero,
317 2635 366 2714 qui
388 2634 597 2712 mysteriorum
618 2635 765 2697 rationem
788 2636 969 2717 explicarunt
990 2645 1020 2698 et
1042 2637 1161 2717 scriptis
1184 2637 1352 2700 mandatam
1374 2638 1500 2701 eccle·'

197 2739 260 2802 siae
282 2735 465 2799 tradiderunt
485 2734 624 2797 Iacobum
648 2771 686 2783 -
711 2728 730 2798 ὁ
752 2738 811 2820 τῆς
829 2729 1100 2821 Ἱεροσολυμιτῶν
1121 2731 1294 2823 ἐκκλησίας
1314 2734 1373 2804 τὸν
1394 2737 1473 2824 κλῆ-

196 2860 254 2925 ρον
275 2832 383 2917 λαχών
404 2831 461 2901 καί
481 2829 602 2923 ταύτης
623 2838 757 2927 πρῶτος
773 2830 968 2914 ἐπίσκοπος.
998 2840 1132 2902 Τεεῑίιιιο
1149 2840 1227 2901 serie
1242 2840 1375 2921 iungitur
1389 2840 1472 2905 Con-

196 2938 482 3031 oiliurp'l'rullanum
505 2940 591 3016 (706)
614 2958 726 3001 canone
748 2942 803 3003 32:
824 2935 881 3003 καί
902 2937 963 3024 γὰρ
985 2937 1042 3004 καί
1061 2932 1217 3021 Ἰδκωβος
1231 2934 1249 3015 ὁ
1265 2937 1350 3005 κατὰ
1364 2935 1473 3024 σάρκα

196 3044 346 3128 Χριστοῦ
373 3042 434 3104 τοῦ
459 3042 546 3105 θεοῦ
572 3032 665 3125 ἡμῶν
687 3033 843 3129 ἀδελφὸς,
872 3030 910 3117 ὃς
930 3043 990 3126 τῆς
1007 3034 1278 3124 Ἱεροσολυμιτῶν
1298 3037 1474 3129 ἐκκλησίας

194 3137 337 3229 πρώτως
357 3137 415 3206 τὸν
436 3133 562 3223 θρόνου
585 3135 772 3228 δπιστοίδη,
793 3136 1052 3220 molliculi-stoc,
1074 3135 1093 3207 δ
1115 3146 1174 3228 τῆς
1187 3139 1390 3227 Καισαρέων
1411 3137 1475 3230 ἀρ-

194 3236 426 3326 χιεπίσκοπος,
449 3230 488 3306 οὗ
509 3238 548 3307 τὸ
569 3237 664 3320 κλέος
683 3239 769 3306 κατὰ
790 3246 904 3307 πᾶσαν
924 3239 983 3328 τὴν
998 3238 1191 3331 οἰκουμένην
1207 3242 1395 3331 διέδραμεν,
1417 3241 1474 3329 ίγ-

195 3338 335 3432 γρόφως
354 3340 415 3430 τὴν
434 3339 593 3430 μυστικὴν
613 3337 693 3430 ἡμῖν
714 3337 900 3431 ἱερουργίαν
913 3340 1199 3431 παραδεδωκότες,
1223 3339 1310 3411 αότω
1324 3345 1475 3412 τελειοῦν

196 3444 232 3514 ἐν
252 3451 293 3534 τῇ
314 3440 397 3534 θείην
418 3439 607 3533 λειτουργίᾳ
628 3439 668 3524 ἔξ
685 3439 808 3524 όδατος
826 3469 864 3512 τε
884 3443 941 3511 καί
963 3440 1054 3512 οἴνου
1075 3443 1114 3512 τὸ
1137 3441 1225 3533 ἱερὸν
1240 3442 1405 3534 ποτήριον
1419 3444 1474 3514 ix-

128 3567 137 3575 ·
197 3544 362 3616 δεδώκασι
383 3548 452 3626 (lit.
476 3568 501 3611 c.
517 3551 580 3627 30).
590 3548 610 3626 ¹)
639 3548 772 3630 lienique
792 3569 853 3612 nou
874 3551 1138 3631 praetermittimus
1161 3550 1292 3614 lsaaoum
1314 3552 1473 3615 Armeniae

196 3672 320 3734 magnae
332 3651 517 3724 catholicum,
531 3651 649 3713 saeculo
661 3652 718 3714 iam
732 3652 846 3714 decimo
857 3651 978 3725 clarum,
989 3652 1062 3713 haee
1073 3661 1242 3714 monentem
1253 3654 1473 3715 eontraurme-

196 3773 270 3818 nos:
293 3747 347 3819 ότι
368 3749 430 3837 γὰρ
452 3745 615 3838 ποτήριον
636 3745 818 3836 δΧριστὸς
831 3755 903 3828 ταῖς
917 3746 1122 3829 ἀποστόλοις
1136 3748 1287 3832 δέδωκεν,
1310 3743 1401 3819 οἶνον
1413 3749 1474 3819 καί

197 3850 286 3939 ῦδωρ
298 3845 374 3935 εἶχε,
384 3848 540 3940 μάρτυςό
557 3848 651 3937 ἅγιος
666 3846 855 3931 ἀπόστολος
865 3847 1030 3937 Ἰάκωβος,
1046 3846 1357 3941 δάδελφόθεαςκαὶ
1367 3848 1477 3938 Maip-

68 3935 89 3957 ,-
195 3977 254 4035 κας
268 3950 288 4022 δ
304 3953 533 4042 εὐαγγελιστὴς
548 3952 583 4021 ἐν
593 3956 667 4032 ταῖς
681 3949 903 4039 λειτουργίαις
914 3949 1064 4040 ἑκάτεροι
1075 3950 1162 4019 οότω
1177 3952 1343 4040 λέγοντες·
1359 3950 1476 4022 ὦσαό-

194 4076 263 4135 τως
282 4055 367 4141 μετὰ
387 4054 426 4122 τὸ
442 4050 620 4143 δειπνῆσαι
641 4053 753 4139 λαβὼν
773 4053 812 4120 τὸ
833 4052 995 4142 ποτήριον
1015 4053 1072 4121 καὶ
1091 4051 1234 4142 κεράσας
1256 4052 1294 4136 ἐξ
1307 4050 1400 4124 οἴνου
1414 4054 1476 4123 καὶ

196 4153 329 4238 όδατος,
352 4151 589 4245 εὐχαριστήσας
608 4154 665 4223 καί
680 4150 861 4243 εὐλογήσας
875 4151 995 4224 ἔδωκεν
1010 4160 1079 4236 (Lit.
1091 4160 1149 4223 lac.
1161 4164 1213 4227 30.
1228 4161 1286 4224 Lit.
1302 4161 1393 4225 Maro.
1407 4162 1475 4238 tu).

285 4383 309 4443 l)
332 4383 376 4433 ilie
401 4396 477 4432 ernon
496 4381 584 4445 Synodi
602 4381 741 4443 Trullauae,
766 4382 872 4445 quamvis
890 4381 942 4446 ipsa
966 4397 979 4432 a
1003 4383 1060 4432 sede
1079 4383 1184 4433 llomana
1202 4383 1303 4448 probata
1320 4398 1368 4435 nou
1389 4346 1491 4447 luerit,²

198 4464 290 4516 relatur
307 4475 344 4516 est
362 4468 386 4517 in
405 4467 510 4518 Gratiani
529 4467 664 4518 Decretum.
