3044 4912
814 223 862 298 82

203 416 327 477 Sanctae
355 413 464 477 Christi
486 411 539 474 liei
561 410 698 473 civitatis.
741 409 796 471 llic
817 420 914 471 autem
936 407 1012 471 alius
1035 426 1103 471 esse
1123 407 1227 488 nequit
1248 425 1282 469 ac
1303 406 1477 470 Patriarcha

203 516 498 595 hierosolymitanus.
540 512 641 591 ltaque
671 510 840 572 membrana
867 511 915 573 illa
935 510 1136 572 Messanensis
1156 508 1264 589 probat
1285 509 1476 589 sententiam,

204 617 353 681 exstitisse
367 615 527 695 Liturgr'am
540 612 681 676 ecclesiae
694 611 977 692 hierosolymitanae
990 612 1153 692 propriam,
1165 610 1283 685 llissae,
1299 629 1377 691 qnae
1390 610 1476 691 vulgo

203 718 260 782 sub
281 719 380 780 lacobi
401 716 522 779 nomina
543 716 637 776 lerurr
664 731 835 792 congruam,
864 714 993 776 fortasse
1014 713 1144 775 aSicilia
1159 731 1192 774 ea
1208 719 1479 793 aetateaoceptam,

205 839 261 900 qua
284 827 423 900 occupata
445 818 500 879 luit
521 816 616 878 insula
638 814 674 876 ab
695 815 851 877 Iustiniani
872 815 1012 878 exercitu.

288 922 322 983 ln
344 921 436 983 altero
459 917 570 990 codice,
589 935 605 978 e
627 917 810 979 monasterio
833 916 864 978 S.
886 916 995 979 diarias
1016 907 1222 1002 ddpyrproa'org,
1245 913 1325 994 quod
1346 912 1476 978 liossani

204 1022 281 1103 apud
302 1022 442 1085 Calabros
466 1006 521 1082 suli
544 1019 734 1081 institutos.
755 1016 856 1080 Basilii
888 1019 985 1092 lloret,
1007 1016 1162 1079 Romam
1153 1035 1185 1078 ιιι
1206 1015 1475 1079 monasterinmS.

204 1124 304 1186 Basilii
327 1124 364 1185 de
385 1123 460 1185 urbe
475 1120 572 1183 delato
588 1121 725 1200 leguntur
740 1119 889 1198 liturgias
903 1119 992 1194 Petri,
1015 1118 1116 1192 llaru',
1138 1117 1247 1191 iacobi,
1270 1117 1477 1198 chrysostomi

205 1234 237 1288 et
256 1225 347 1287 multa
370 1225 424 1286 alia
448 1241 522 1303 quac
544 1230 678 1300 spectant
699 1220 735 1282 ad
757 1224 833 1283 ritus
856 1220 984 1282 divinos.
1025 1219 1209 1281 Adnotatum
1230 1219 1370 1280 monachi
1379 1218 1477 1282 Basilii

205 1326 241 1388 de
269 1326 343 1389 urbs
371 1327 401 1387 in
431 1324 532 1386 codice
552 1341 619 1402 pag.
635 1325 691 1385 42:
721 1321 955 1395 „custodiendus
978 1320 1143 1401 diligenter,
1172 1340 1241 1383 nam
1264 1339 1298 1382 ex
1320 1321 1381 1382 hoc
1400 1319 1477 1383 lihro

205 1427 350 1507 exscripta
372 1426 428 1487 luit
448 1423 579 1504 Liturgia
600 1423 631 1484 S.
653 1423 743 1484 llaroi
765 1432 795 1485 et
815 1422 872 1485 luit
892 1421 1067 1484 transmissa
1090 1422 1204 1485 cuidam
1227 1421 1377 1485 Canonico
1392 1421 1476 1484 Pari-

205 1529 297 1592 siensi
320 1526 530 1603 (Renaldotio),
553 1524 602 1605 qui
625 1525 701 1604 typis
724 1543 788 1586 eam
811 1523 959 1586 mandarit
979 1541 1045 1587 cum
1066 1524 1159 1587 nimio
1183 1526 1331 1587 honoro.“
1361 1523 1478 1586 dional·

205 1631 304 1693 dinius
333 1629 466 1690 codicem
493 1627 670 1705 exscriptum
700 1634 785 1706 putat
812 1644 848 1687 ex
875 1625 973 1704 aliquo
995 1626 1093 1688 rituali
1113 1626 1309 1701 Antiocheno,
1336 1626 1479 1707 quoniam

204 1729 402 1792 iit-memoria
417 1728 649 1808 patriarcharum
663 1727 915 1789 antiochenorum
930 1726 1049 1807 abipso
1063 1727 1152 1791 Petro
1167 1728 1304 1809 apostolo
1321 1727 1360 1790 ad
1376 1727 1479 1790 Thoo-

206 1831 323 1894 dosium
344 1849 451 1910 usque,
478 1830 537 1891 hoc
558 1837 606 1890 est
626 1828 745 1891 circitur
766 1829 803 1891 ad
825 1847 903 1891 saec.
926 1827 995 1889 XII:
1023 1829 1079 1891 sub
1101 1830 1177 1892 hanc
1198 1838 1322 1892 aemmm
1344 1829 1479 1892 codicem

206 1941 354 1996 exaratum
376 1950 442 1994 esse
463 1930 630 1993 arbitratur.
658 1929 703 1992 Ex
723 1931 779 1992 hac
799 1930 969 1993 membrana
990 1929 1190 1991 llonaldinius
1210 1930 1359 2011 liturgiam
1381 1930 1480 1994 iacobi

205 2052 280 2114 quae
308 2033 412 2112 incipit
437 2050 467 2111 p.
484 2033 523 2096 85
552 2041 584 2095 et
610 2031 677 2094 linit
696 2051 725 2112 p.
744 2034 815 2106 127,
843 2031 1002 2111 descripsit
1023 2041 1053 2093 et
1072 2031 1192 2093 latinam
1214 2032 1293 2094 lecit.
1335 2032 1480 2096 Dolemus

205 2134 408 2197 doctissimum
430 2133 693 2196 hieromonacbum
715 2133 901 2195 collationem
916 2141 1029 2195 tantum
1043 2133 1150 2195 latinas
1165 2133 1369 2196 maculationis
1385 2134 1478 2197 Asse·

204 2236 325 2298 marmio
362 2236 576 2309 transmisisse,
606 2234 729 2295 omissis
756 2236 906 2297 nonnullis
935 2234 1124 2298 varietatibus
1145 2235 1295 2308 lectionis,
1323 2253 1400 2314 quas
1420 2232 1495 2373 ιρει,

204 2337 303 2399 minus
327 2338 512 2399 necessariae
533 2336 615 2397 visae
636 2343 714 2397 sunt

290 2438 329 2499 Ut
355 2437 510 2499 redeamus
537 2436 616 2498 unde
644 2434 745 2497 exorsi
773 2455 886 2510 sumus,
914 2436 1032 2499 codices
1060 2437 1132 2499 illi
1123 2455 1154 2499 m
1176 2436 1273 2498 Sicilia
1296 2445 1327 2498 et
1348 2434 1481 2498 Calabris

206 2538 346 2601 asservati
369 2546 467 2615 atque,
489 2546 521 2598 ιιι
542 2536 666 2609 videtur,
689 2536 720 2596 in
742 2537 831 2598 Missa
853 2537 1027 2600 celebranda
1049 2538 1171 2601 adhibiti
1185 2557 1242 2599 nos
1265 2538 1425 2612 adducunt,
1447 2544 1481 2600 ut

207 2639 341 2701 ordinem
363 2638 461 2698 lacohi
483 2637 519 2697 ad
542 2637 658 2698 Siculos
680 2637 829 2716 italosque
851 2640 1020 2717 perrexisse
1041 2640 1226 2702 credamus.¹
1251 2639 1407 2719 Utcunque
1422 2649 1479 2712 est,

208 2738 325 2801 saeculo
355 2738 468 2800 decimo
498 2738 585 2799 tertio
614 2756 718 2816 magna
751 2737 885 2818 liturgiae
914 2740 1057 2820 impendit
1083 2742 1178 2803 rnina.
1221 2741 1355 2821 Namque
1389 2740 1478 2803 animi

206 2841 341 2918 angustia
370 2859 444 2919 quac
472 2839 550 2919 apud
572 2839 695 2901 latinos
724 2859 828 2901 omnes
856 2841 931 2903 ritus
961 2842 1141 2904 domesticos
1172 2843 1334 2922 exstirpare
1362 2861 1397 2904 ac
1422 2846 1479 2922 pro

208 2941 374 3015 Gallicanis,
396 2940 600 3002 Ambrosianis
623 2941 814 3003 Mozarahicis
843 2943 1036 3006 caerimonias
1060 2945 1219 3006 obtrudere
1241 2943 1394 3023 satagebat
1415 2944 1480 3005 llo·

205 3062 323 3105 manas:
347 3062 380 3103 ea
404 3043 575 3105 orientalem
598 3062 716 3122 quoque
740 3043 893 3104 eeclesiam
917 3045 1092 3106 constrinxit
1114 3056 1144 3107 et
1165 3046 1327 3125 occupavit.
1361 3045 1479 3125 Exque

207 3152 340 3224 tempore
369 3144 551 3205 orthodoxae
580 3143 667 3205 sedes
688 3144 891 3220 Alexandriae,
920 3146 1092 3208 Antiochiae
1120 3156 1151 3208 et
1171 3146 1394 3227 hierosolymae
1421 3145 1479 3208 sub

205 3245 380 3307 hlahometis
403 3245 528 3324 imperio
550 3264 610 3306 non
633 3244 759 3324 amplius
782 3255 894 3308 vetusta
915 3246 1066 3327 pollebant
1084 3247 1267 3322 auctoritate,
1289 3247 1360 3311 inde
1381 3249 1481 3310 omnia

206 3346 242 3408 ad
274 3345 591 3424 Constantinopolitani
624 3346 806 3424 patriarchae
839 3357 942 3410 nutum
970 3350 1107 3428 componi
1130 3358 1234 3429 coepta
1256 3361 1335 3411 sunt.
1379 3350 1480 3429 ltaque

206 3446 383 3510 Theodorus
404 3445 560 3507 Balsamon
589 3446 742 3510 consultus
771 3469 788 3510 a
809 3450 907 3511 Marco
929 3450 1124 3518 Alexandrino
1146 3451 1315 3512 Patriarcha
1338 3445 1377 3515 αἱ
1400 3445 1478 3535 περὶ

204 3544 247 3612 τὰ
267 3543 350 3633 μέρη
365 3550 424 3632 τῆς
435 3539 685 3631 Ἀλεξανδρείας
698 3545 754 3614 καὶ
768 3552 833 3613 τῶν
844 3543 1080 3634 Ἱεροσολύμων
1095 3544 1397 3635 ἆναγινωσκόμεναι
1411 3549 1478 3616 λει-

205 3644 357 3733 τουργίαι
378 3644 435 3713 και
456 3642 630 3733 λεγόμεναι
651 3654 879 3736 συγγραφῆναι
899 3647 993 3734 παρὰ
1008 3653 1073 3714 τῶν
1088 3645 1190 3736 ἁγίων
1204 3644 1404 3716 ἀποστόλων
1416 3645 1479 3716 Ἰα-

205 3743 315 3831 κώβον
337 3752 398 3813 τοῦ
413 3741 627 3835 ἆδελφοθέου
642 3746 699 3815 καὶ
713 3745 867 3835 Μάρκου,
891 3747 1004 3816 decoci
1018 3746 1085 3818 εισι
1098 3756 1138 3840 τῇ
1153 3746 1231 3840 ἁγίᾳ
1245 3749 1302 3818 καὶ
1316 3751 1480 3839 sodoims
1517 3798 1520 3805 -

206 3844 360 3938 ἐκκλησίᾳ
380 3842 402 3934 ἢ
425 3841 483 3931 oi,-
499 3886 537 3896 -
554 3853 718 3932 respondit,
744 3872 847 3915 omnes
870 3854 1008 3917 ecelesias
1032 3856 1117 3935 sequi
1133 3856 1241 3917 debere
1256 3874 1372 3918 morem
1387 3873 1479 3918 noras
1518 3858 1520 3904 l

206 3950 328 4026 Romae,
350 3953 489 4014 nimirum
502 3953 773 4033 Constantinopolis
796 3962 825 4014 et
846 3973 929 4017 sacra
952 3957 1100 4019 celebrare
1121 3958 1199 4020 iuxta
1222 3957 1399 4018 traditiones
1415 3974 1477 4018 ma·

206 4070 330 4132 gnorum
359 4054 514 4117 doctorum
535 4055 655 4117 loannis
679 4054 882 4135 Chrysostomi
905 4067 935 4118 et
956 4059 1050 4119 sancti
1072 4058 1183 4121 Basilii.
1218 4058 1317 4121 iacobi
1339 4065 1371 4120 et
1392 4038 1520 4127 llarci

205 4147 512 4239 iatroupyoypo'tpmr
534 4156 642 4218 nullam
658 4156 839 4218 mentionem
854 4159 996 4222 insertam
1012 4178 1080 4221 esse
1095 4160 1125 4222 in
1136 4160 1255 4223 Conone
1264 4160 1479 4241 Apostolorum
1511 4206 1520 4247 ,

207 4255 246 4317 85
271 4264 300 4316 et
321 4254 655 4320 incanonehaodiceno
678 4259 734 4322 59:
757 4277 862 4338 neque,
886 4262 963 4340 quod
987 4270 1073 4343 capnt
1094 4263 1138 4325 rei
1160 4263 1209 4336 sit,
1231 4260 1312 4324 nullo
1335 4259 1457 4324 modo
1449 4274 1518 4322 m:

205 4352 336 4434 liturgia
358 4357 522 4436 agnovisse,
545 4354 604 4442 τὴν
625 4355 808 4445 καθολικὴν
829 4354 1002 4449 ἐκκλησίαν
1022 4385 1080 4429 roo
1097 4356 1283 4447 ἆγιωτάτου
1297 4360 1355 4429 καὶ
1370 4357 1481 4429 οἶκον-

205 4456 340 4534 μενικοῦ
355 4450 480 4540 θρόνον
496 4457 938 4542 τῆςΚωνσναννινονιόλιως.
959 4465 1056 4529 liddas
1073 4485 1148 4548 quae
1161 4468 1276 4549 prolert
1289 4467 1427 4531 Balsamo
1443 4462 1480 4529 ad
1514 4472 1520 4501 '¹
