3044 4912
732 240 781 315 29

122 425 243 488 omnino
276 424 315 488 sh
347 424 500 488 nonnullis
533 424 604 487 viris
642 425 740 489 doctis
774 426 811 488 ad
850 443 935 489 suam
966 426 1393 509 sententium-quodammodo

123 535 303 591 contortum.
346 525 458 589 Damus
481 525 635 600 Garnerio,
668 544 758 606 saepo
789 526 869 607 apud
889 526 1032 591 llosilinm
1058 523 1194 614 ἄγραφα
1215 529 1283 604 dici,
1316 530 1395 611 quod

122 647 179 691 oon
201 635 306 691 extent
326 627 501 691 nominatim
522 628 553 690 in
574 626 746 707 scripturis:
768 628 898 690 tortuose
918 627 992 691 nihil
1013 628 1092 692 aliod
1113 630 1207 694 voluit
1218 631 1396 696 Caesareum

114 728 229 803 lumea,
250 730 313 793 nisi
334 739 368 792 ut
388 725 681 812 πνευματομάχους
702 729 791 793 otiam
805 729 940 792 formulis
956 729 1170 806 eucharisticis,
1193 733 1270 797 socri
1284 732 1396 797 oodiois

123 830 211 894 literis
234 831 314 895 haud
336 831 494 906 mendatis,
514 824 688 893 confutaret
731 830 817 893 Patet
839 840 946 904 tumen,
968 830 1048 911 quod
1069 841 1234 897 memoratu
1255 833 1396 915 dignissi-

125 950 199 995 mum
233 940 293 1006 est,
327 932 510 995 Basilium
542 931 749 1012 ignorasse
780 931 961 1012 liturgias
993 931 1037 995 ah
1068 932 1168 1013 ipsis
1193 934 1396 1014 Apostolis

125 1033 379 1113 conscriptas.
421 1033 523 1113 Neque
556 1033 582 1095 si
604 1033 733 1113 apostoli
756 1042 849 1097 statas
871 1033 1011 1114 quasdam
1034 1028 1175 1099 formulas
1198 1035 1396 1099 condiderunt

127 1133 335 1197 eucharisticas
364 1134 456 1215 (quod
483 1132 618 1216 proxime
645 1134 682 1197 od
704 1154 808 1198 rerum
829 1136 969 1199 accedere
990 1135 1282 1213 demonstravimus),
1315 1144 1397 1200 recto

127 1235 318 1309 concluditur,
345 1255 408 1299 non
429 1236 524 1303 literis
541 1235 594 1298 sed
609 1237 772 1299 memoriae
786 1246 817 1301 et
829 1232 1017 1320 παραδόσει
1031 1256 1082 1299 eas
1098 1237 1220 1301 traditus
1235 1255 1316 1300 esso.
1335 1226 1395 1300 do-

127 1347 279 1399 oesserunt
299 1338 406 1429 canpni
428 1336 592 1416 apostolico
615 1337 765 1401 orationes
787 1357 822 1401 ac
834 1357 950 1419 preces,
973 1338 1009 1401 ab
1024 1337 1228 1419 apostolorum
1243 1335 1397 1418 discipulis

125 1439 164 1500 rel
185 1440 338 1520 episcopis
359 1439 482 1518 aliisque
502 1439 702 1519 compositae:
723 1448 755 1501 at
775 1441 851 1503 ravit
880 1438 1020 1503 ecclesiae
1050 1438 1235 1507 oonsoetudo
1255 1448 1286 1502 et
1305 1445 1394 1519 post·

125 1541 175 1603 hac
209 1541 369 1621 disciplina
395 1559 511 1615 arcana,
543 1558 582 1602 ne
605 1540 809 1621 evulgarentur
830 1541 949 1622 scriptis
970 1540 1179 1603 voluminibus.
1221 1540 1296 1603 Nam
1317 1538 1398 1620 qood

127 1651 265 1705 serentur
285 1643 544 1704 Assemannus
574 1651 604 1703 et
622 1641 888 1717 Binterimius,
920 1661 958 1706 ue
990 1643 1160 1706 sacerdotes
1188 1642 1219 1703 in
1247 1639 1398 1705 recitanda

125 1744 213 1807 missa
242 1743 418 1805 memoriola
439 1742 610 1816 radiarint,
639 1762 691 1806 eos
713 1762 818 1824 purum
840 1753 1016 1819 commovet,
1045 1743 1096 1825 qui
1117 1761 1218 1806 rerum
1237 1762 1398 1828 μνημονι-

125 1847 186 1910 noir
208 1845 384 1925 peritiores,
406 1844 524 1906 diverso
546 1845 732 1907 saeculorum
752 1845 871 1925 ingenio
894 1845 1060 1920 aestimato,
1081 1843 1176 1925 probo
1197 1845 1304 1919 sciunt,
1327 1837 1415 1923 qutd'

128 1948 218 2009 soleat
250 1947 405 2019 memoria,
438 1946 509 2025 quid
539 1948 615 2009 ferre
636 1954 764 2008 recuset.
808 1947 845 2008 Et
866 1947 930 2028 ipsa
952 1966 1039 2026 quam
1062 1947 1215 2026 impugnat
1235 1944 1396 2007 Assemau-

125 2068 191 2123 nus,
225 2047 382 2110 lustiniaoi
405 2047 519 2111 novello
540 2047 638 2122 docet,
671 2047 745 2109 adeo
767 2047 815 2110 illa
838 2056 942 2121 aetate,
965 2048 1012 2109 cui
1033 2047 1113 2127 larga
1135 2057 1199 2109 erat
1220 2046 1396 2127 scriptarum

126 2150 307 2230 liturgiarum
329 2149 426 2229 copia,
447 2147 623 2228 plurimis
645 2149 826 2229 presbyteris
838 2149 1011 2210 memoriam
1027 2147 1122 2209 luisse
1136 2147 1278 2208 codicem.
1309 2145 1397 2219 Quod

129 2259 233 2331 aperte
254 2260 409 2323 testantur,
431 2269 506 2330 quae
527 2258 628 2317 narrat
649 2250 811 2329 Gregorius
834 2251 895 2312 Tur
916 2249 947 2311 iu
967 2247 1158 2311 ilistFrano.
1180 2250 1211 2323 2,
1226 2249 1284 2311 22:
1305 2245 1397 2308 Sido·

129 2356 203 2415 nius
219 2350 415 2433 miinoris,
438 2353 538 2416 oblato
559 2353 619 2416 sihi
638 2357 776 2433 nequiter
798 2351 915 2424 libello,
927 2368 988 2433 per
1009 2369 1094 2433 poem
1116 2358 1312 2413 rocrotoacto
1332 2346 1397 2410 rol-

128 2453 237 2517 iemm’c
263 2472 350 2534 opere
379 2464 586 2530 consueuerat,
620 2458 664 2518 ito
688 2464 821 2535 parolus
848 2473 868 2515 o
895 2464 1029 2534 tempore
1058 2462 1198 2515 cunctum
1217 2450 1395 2531 festivitatis

128 2576 201 2637 opor
228 2556 375 2636 replicuit
401 2567 437 2619 ut
465 2556 502 2617 ol>
525 2557 661 2618 omnihus
682 2559 862 2618 miraretur.
904 2554 999 2616 lmmo
1021 2571 1081 2614 uon
1103 2551 1217 2628 dubito,
1245 2550 1315 2630 quin
1336 2549 1395 2611 ho-

128 2658 227 2720 dierno
260 2676 332 2720 aevo
355 2656 402 2719 cui
424 2664 487 2718 arte
513 2656 722 2737 typographica
753 2656 871 2717 inventa
902 2655 1004 2734 segnis
1026 2665 1073 2717 est
1093 2662 1123 2717 et
1143 2654 1221 2717 leuto
1242 2650 1396 2725 memoria,

129 2762 207 2822 multi
229 2760 400 2822 sacerdotes
423 2758 548 2819 Romani
571 2758 721 2819 Canonem
738 2758 847 2818 Missae
869 2756 1041 2818 memoriter
1063 2764 1190 2828 teneant,
1214 2755 1271 2817 etsi
1293 2753 1395 2816 lauda-

127 2862 175 2924 bili
196 2872 226 2925 et
248 2860 413 2923 verecunda
436 2860 547 2920 cautela
569 2859 726 2923 admovere
748 2859 847 2921 solent
862 2857 954 2921 oeulis
969 2857 1077 2919 lihrum
1093 2856 1273 2918 missaticum
1289 2856 1335 2917 vel
1350 2864 1395 2916 tu-

128 2964 218 3038 bulas,
242 2965 274 3025 in
297 2980 383 3024 usum
404 2960 529 3022 labantis
552 2961 713 3023 memoriae
736 2961 917 3040 propositas.
926 2960 948 3037 ¹)

209 3067 345 3137 ,tuamen
368 3082 459 3125 uuum
481 3071 544 3124 erat
565 3062 679 3124 divinae
699 3062 835 3140 liturgiae
855 3056 1045 3144 κεφάλαιον,
1068 3058 1148 3139 quod
1163 3056 1237 3120 alios
1253 3063 1396 3137 expostu-

125 3167 203 3231 labat
229 3167 311 3245 leges
339 3185 373 3226 ac
401 3183 516 3226 morus:
538 3163 762 3243 Deprecatiouis
785 3162 938 3242 periodus,
968 3180 1042 3240 quae
1065 3159 1204 3221 nimirum
1226 3157 1397 3221 continebat

128 3270 261 3330 uirorum
283 3276 313 3328 et
334 3267 538 3328 defunctorum
560 3266 681 3326 nomina
703 3283 737 3325 ac
758 3283 873 3344 preces,
896 3272 927 3325 ut
949 3262 1072 3325 barbara
1095 3280 1166 3324 roce
1192 3269 1267 3334 utar,
1290 3277 1395 3321 casua-

128 3370 179 3430 les.
219 3369 301 3430 Ordo
323 3368 444 3441 missae,
466 3367 535 3428 alias
558 3368 634 3428 fixus
657 3374 686 3428 et
708 3365 832 3438 stabilis,
855 3364 985 3427 variabat
1006 3365 1036 3425 iu
1057 3363 1115 3426 hoo
1136 3360 1395 3425 commemoratio-

117 3442 197 3532 ⁴oum
218 3470 314 3550 capite
335 3479 424 3550 prout
444 3468 604 3530 fluctuabat
623 3467 862 3548 deprecationum
883 3467 1022 3530 materies
1045 3476 1075 3528 et
1089 3465 1211 3527 eandem
1227 3462 1265 3524 oh
1280 3477 1398 3522 causam

130 3571 333 3634 incommodus
364 3582 427 3632 erat
455 3570 626 3633 memoriae.
670 3569 746 3631 llius
774 3568 857 3631 lluxit
880 3569 997 3649 opinor,
1027 3566 1172 3631 sacerdoti
1193 3583 1249 3644 pro
1271 3562 1344 3623 vivis
1367 3568 1397 3622 et

213 3829 236 3885 l)
260 3826 311 3876 tter
335 3827 574 3890 praetermittendum
599 3833 643 3884 ost,
669 3825 784 3887 plurimas
805 3823 926 3885 liturgicon
945 3838 1029 3886 preces
1047 3822 1180 3884 scripturos
1198 3831 1281 3867 suerso
1299 3816 1397 3867 roribus

128 3913 200 3960 luisse
218 3919 342 3962 contortas
360 3911 448 3960 lione
466 3911 513 3961 l.c.
532 3927 555 3974 p.
567 3910 615 3960 50:
642 3910 725 3969 „lieno
751 3909 793 3957 dos
811 3909 875 3957 Alter
899 3909 942 3957 der
959 3906 1154 3958 verendertichen
1174 3904 1263 3954 Gohets
1281 3902 1397 3952 erwieseu

128 3997 231 4055 werden,
256 4011 284 4045 so
308 3997 349 4046 liat
374 4011 427 4045 mon
453 3995 722 4061 elusulnhaltspoolt
747 3995 784 4042 itur
808 3993 851 4042 das
868 3992 993 4042 hiterdes
1012 3992 1115 4050 daurons,
1140 3988 1191 4037 weil
1210 4002 1237 4036 er
1255 4001 1296 4057 ror
1314 3987 1395 4035 diesen

128 4081 255 4145 Zeitpoolt
277 4081 430 4142 zuruclrgeht
467 4080 499 4130 lla
522 4080 561 4130 die
586 4077 790 4130 Schlosslormelu
819 4078 933 4127 meistens
956 4074 1059 4125 hihlisoh
1083 4073 1154 4132 siud,
1176 4072 1329 4136 dssgleieheu
1353 4070 1396 4119 das

126 4167 229 4216 Sanctus
250 4166 297 4214 und
317 4166 468 4225 latornum,
487 4180 515 4214 so
534 4164 595 4227 totgt
612 4165 708 4213 hieraus
727 4177 771 4211 son
790 4162 874 4221 selbst,
893 4162 948 4210 duss
967 4160 1027 4210 noch
1046 4159 1088 4208 der
1106 4157 1187 4207 lirnoo
1206 4157 1245 4206 die
1263 4153 1395 4205 biblischeu

126 4250 208 4300 ll‘orte
234 4249 356 4301 eothulteo
382 4250 429 4309 hat,
453 4249 556 4299 welches
581 4249 649 4299 letne
673 4247 763 4297 eodem
788 4248 840 4297 sein
864 4247 968 4296 hounteu
993 4243 1029 4294 als
1047 4242 1085 4293 die
1103 4243 1334 4302 Einsetzuugswortc
1353 4238 1396 4287 des

125 4334 298 4385 theodmahls.
333 4334 401 4384 lieno
420 4332 507 4397 gerade
525 4334 558 4383 im
566 4332 702 4384 Biblischeu
723 4332 761 4393 lag
778 4331 821 4381 das
834 4329 1048 4381 Unsordnderllche
1066 4328 1146 4379 dieser
1154 4325 1267 4376 Formelu
1287 4324 1333 4374 oud
1348 4324 1395 4373 Ge-

126 4418 189 4478 hete,
217 4419 303 4468 darom
331 4419 407 4489 legate
434 4420 479 4469 sio
495 4419 562 4480 leder
587 4418 691 4467 Pricster
717 4417 854 4479 rosweudig
880 4414 1010 4466 uod'mon
1037 4413 1151 4463 hrooolrto
1176 4411 1211 4461 sie
1230 4408 1396 4489 nieht'oolzo·

125 4502 282 4555 utreuoor‘
