3044 4912
531 1225 757 1318 CAPUT
795 1227 868 1318 lll.

223 1432 277 1494 nn
307 1432 522 1497 sinconis
553 1433 728 1499 cunnus
757 1435 905 1498 οιιιιιιι
935 1434 1174 1501 nanninus.

151 1629 343 1722 Graecorum
365 1660 442 1723 ritus
464 1661 569 1724 eadem
591 1661 657 1740 lego
679 1662 810 1725 devincti
833 1672 1014 1744 cantatque
1036 1661 1173 1726 Romani.
1212 1659 1338 1741 Utrique

95 1760 211 1823 'alesino
232 1763 502 1824 vetustissimomm
524 1762 714 1826 saeculorum
735 1764 889 1845 ingenium
912 1774 1017 1827 auctor
1038 1773 1094 1835 est,
1117 1774 1149 1826 ut
1163 1762 1338 1844 primariam

95 1871 176 1924 ntem
200 1860 298 1924 cultus
319 1862 422 1938 divini,
445 1872 476 1925 et
496 1863 596 1926 lestivi
619 1873 648 1927 et
670 1865 848 1945 quotidiani,
871 1865 1052 1927 sacrificium
1077 1863 1337 1928 alliciateuchari-

94 1963 179 2036 icum,
210 1983 226 2026 s
249 1964 429 2026 Graecorum
458 1963 617 2045 disciplina
646 1966 739 2028 semel
763 1973 877 2028 tantum
900 1967 930 2029 in
952 1984 1014 2028 uno
1036 1967 1203 2047 codemque
1223 1964 1338 2044 templo

95 2084 116 2128 a·
147 2066 230 2127 aliem
260 2066 445 2128 olierendum
467 2083 498 2146 p.
515 2069 588 2131 206.
633 2067 718 2141 Quae
739 2076 860 2147 praeter
880 2066 1001 2129 llissam
1024 2067 1216 2130 celebrantur
1236 2064 1337 2129 ollioia

95 2166 242 2248 apertius,
272 2167 415 2229 matutina
446 2167 575 2248 aliaque,
602 2187 638 2230 ox
664 2169 851 2231 monasticae
878 2169 955 2230 ritae
982 2169 1154 2249 praeceptis
1182 2168 1220 2230 ad
1253 2185 1337 2229 com-

95 2286 182 2331 unem
212 2277 242 2329 rt
262 2267 411 2347 vulgarem
434 2286 521 2330 usum
543 2269 584 2331 ita
607 2269 866 2349 transmigrarunt,
898 2277 932 2330 ut
958 2288 994 2332 cx
1015 2269 1100 2333 horis
1121 2269 1337 2332 ilonaclrorum

95 2369 217 2432 nonicis
240 2370 402 2432 nonnullae
424 2370 461 2431 ab
484 2371 623 2433 ecclesiis
651 2383 791 2452 receptae
816 2369 948 2452 publicis
970 2370 1116 2433 laicorum
1139 2369 1337 2434 conuentibus

95 2470 263 2534 lehrentur.

145 2571 316 2636 Hodiernac
340 2572 521 2634 Graecorum
543 2571 653 2635 llissae
675 2573 779 2646 semel,
808 2583 841 2635 ut
863 2572 956 2646 aiunt,
985 2573 1113 2636 inservit
1132 2573 1267 2653 Liturgin
1289 2573 1337 2634 la·

95 2673 141 2748 rbi,
165 2675 196 2736 in
218 2674 381 2737 testivitate
407 2672 545 2753 Apostoli
579 2672 757 2738 celebranda
780 2694 809 2755 p.
826 2677 867 2740 83
890 2675 1043 2738 nonnullis
1066 2676 1153 2738 lestis
1174 2695 1209 2739 ac
1234 2675 1337 2738 Domi-

95 2775 144 2838 icis
163 2775 300 2854 Liturgie
322 2775 436 2846 Basilii,
459 2775 532 2837 alias
554 2794 609 2856 per
631 2784 724 2838 totum
746 2796 857 2839 annum
878 2777 1013 2857 Liturgia
1036 2777 1251 2858 chrysostomi.
1279 2777 1336 2840 lie-

98 2877 290 2939 onstravimus
324 2894 424 2957 supra,
457 2877 535 2938 hanc
565 2878 761 2940 mutationem
794 2879 903 2940 lacum
930 2897 999 2940 esse
1026 2887 1162 2959 tempore
1184 2877 1337 2941 Theodori

95 2978 268 3053 alsamonis3
291 2997 325 3040 ca
349 2978 429 3039 cuim
451 2985 548 3040 aetate
571 2978 705 3060 expulsis
728 2979 929 3042 oPalacstina
944 2988 1034 3061 atque
1048 2981 1180 3059 Aegypto
1192 2978 1337 3057 liturgiis

95 3079 164 3141 tcobi
199 3090 229 3141 ct
255 3079 358 3150 llarci,
391 3078 491 3140 omnia
514 3079 551 3142 ad
574 3081 718 3143 amussim
741 3080 1093 3162 Constantinopolitanae
1115 3079 1262 3143 ecclesiae
1284 3097 1337 3159 ap-

95 3179 173 3244 lirata
195 3188 275 3242 sunt.

133 3281 361 3361 lioLiturgia
377 3281 517 3344 Basilii
533 3282 1081 3363 optimedisputavitllenaldotius
1093 3281 1335 3363 l.p.XlleVsq.

95 3383 268 3446 Graecorum
290 3383 532 3447 constantissima
554 3383 676 3445 traditio
698 3392 754 3454 est,
776 3384 931 3459 Basiliam,
952 3383 1083 3464 primum
1106 3394 1177 3465 post
1193 3382 1335 3446 iacobum

95 3494 184 3547 auem
206 3485 336 3557 Domini,
357 3484 521 3564 Liturgiam
542 3485 712 3566 scripsisse.
757 3484 895 3547 Proclum
916 3493 1024 3548 testem
1046 3502 1153 3547 omnes
1174 3484 1336 3560 laudant,¹)

95 3604 161 3666 oque
182 3587 221 3650 (lo
244 3587 392 3666 opusculi,
415 3605 474 3667 quo
489 3585 569 3650 illius
585 3586 789 3648 testimonium
804 3587 984 3660 continetur,
1007 3586 1167 3647 autoritate
1180 3585 1336 3660 dubitant3

150 3840 173 3900 l)
199 3867 234 3877 —
248 3831 278 3889 ‘0
295 3834 325 3888 ot
342 3838 432 3907 μέγας
448 3837 640 3897 Βασίλειος
655 3831 725 3907 μετὰ
743 3836 826 3888 τοῦτο
844 3830 874 3889 ri
892 3828 1024 3908 ῥάθυμον
1042 3835 1090 3887 ani
1106 3830 1267 3902 κατωφερὲς,
1281 3833 1337 3886 τῶν

95 3913 223 3988 νθρῶπων
240 3925 356 3990 θεωρῶν
373 3920 420 3971 καὶ
443 3917 489 3971 διὰ
507 3922 586 3974 τοῦτο
603 3917 633 3973 το“
650 3921 696 3984 τῆς
711 3922 883 3990 λειτουργίας
898 3919 986 3992 μῆκος
1003 3912 1167 3983 ὀκνούντων,
1185 3911 1286 3982 ταύτην
1302 3910 1336 3970 οὔ

95 4001 191 4072 τροπὴν
213 4007 262 4058 καὶ
279 4000 392 4074 μακρὰν
409 3996 480 4056 εἷναι
497 4007 625 4075 νομίζων,
648 3999 718 4056 oillei
735 4006 761 4056 ri
778 4005 833 4057 noir
849 4005 1062 4074 συνευχομένων
1079 4018 1107 4055 τε
1125 4003 1174 4055 καὶ
1189 3997 1338 4071 &apocopat-

95 4099 128 4138 ὀν
142 4082 273 4160 ῥάθυμον
290 4086 336 4141 διὰ
354 4085 383 4140 τὸ
402 4084 474 4141 πολι)
492 4090 540 4140 τοῦ
552 4086 660 4159 χρόνου
677 4085 872 4159 παρανάλωμα
882 4085 1023 4143 ἐκκόπτων
1034 4085 1239 4158 ἱπττομοίτερον
1248 4087 1339 4156 πυρέ-

95 4165 138 4226 Γοιιε
159 4175 300 4244 λέγεσθαι.
322 4201 357 4214 -
374 4202 406 4214 -
423 4168 492 4226 Μετ’
516 4169 547 4226 οὖ
573 4171 644 4226 nolti
667 4172 698 4226 ot
723 4168 887 4244 ὁὴμίτερος
902 4168 1001 4244 πατὴρ,
1028 4167 1110 4237 ὁτήν
1126 4172 1251 4242 γλῶτταν
1263 4187 1338 4242 χρυ-

95 4259 132 4315 'tic
142 4254 305 4324 Ἰωάννης
321 4255 367 4324 τῆς
383 4256 439 4308 τῶν
455 4251 603 4327 προβάτων
620 4260 755 4328 σωτηρίας
771 4249 817 4309 οἶα
835 4254 941 4327 ποιμὴν
953 4251 1107 4326 προθύμως
1117 4249 1281 4324 κηδόμενος,
1299 4254 1339 4315 τίς

96 4337 159 4408 salo
175 4345 220 4408 τῆς
238 4339 417 4412 ἀνθρωπίνης
434 4333 545 4411 φύσεως
562 4337 688 4410 ἀθυμίαν
705 4340 827 4413 ἐφορῶν,
845 4334 990 4414 πρόρριζον
1000 4343 1097 4393 πᾶσαν
1106 4334 1256 4406 occurrerit
1263 4333 1339 4411 πρό-

95 4434 155 4476 rouv
168 4421 308 4495 ἠβουλήθη
326 4419 557 4478 ἀποσπάσασθαι.
580 4421 632 4479 Διὸ
649 4425 696 4477 acl
712 4421 746 4477 rei
762 4419 849 4479 πολλοὶ
866 4423 981 4525 ἐπίμμε
998 4424 1045 4476 aui
1064 4419 1275 4496 συντομώτερον
1291 4438 1338 4478 τε·

95 4508 175 4563 tinam
190 4505 344 4570 διετάξατο.
