3044 4912
731 266 806 341 655

125 468 192 515 σου
220 450 362 531 πνεῦμα.
403 440 508 514 Ἀλλὰ
534 442 741 538 συγχύρησόν
760 473 822 534 μοι
842 441 1069 534 ἀκατακρίτιυς
1090 453 1175 533 βοοῖν
1195 470 1252 518 σοι
1273 449 1330 518 καί
1350 451 1407 520 λί-

126 571 200 637 γειν
229 547 286 616 καί
314 553 387 626 νῦν,
415 542 622 634 ύπεράγαθε.
664 548 859 635 Δοξάζσμίν
886 573 941 629 σι,
974 547 1142 632 δέσποτα,
1171 547 1406 640 φιλόνθρωπε,

128 645 372 734 παντοκράτσρ,
393 647 579 736 προαιιύνιε
599 651 750 733 βασιλεῦ.
777 647 972 734 Δοξάζσμίν
993 673 1031 718 σε
1050 649 1110 718 τδν
1129 652 1263 742 κτιστήν
1275 653 1334 722 καί
1348 655 1406 744 δη-

129 750 290 838 μιουργὸν
310 755 371 817 τοῦ
391 748 529 831 παντὸς,
550 748 733 837 δοξάζομέν
754 775 792 820 σε
813 751 871 819 τὸν
888 747 1047 838 ἀπάτορα
1062 751 1097 820 ἐκ
1111 752 1305 843 μητρδςκαί
1319 751 1406 844 ἀμή-

129 874 214 938 τορα
235 850 272 920 ἐκ
291 848 431 936 πατρός.
472 847 525 919 Ἐν
544 850 607 939 γάρ
628 858 668 942 τῇ
689 848 905 943 προλαβούση
935 847 1034 943 ἑορτή
1054 850 1177 943 νήπιόν
1196 877 1236 923 σε
1256 852 1406 942 εῖδομεν·

131 950 164 1021 ἐν
186 953 226 1022 δέ
247 959 287 1042 τῇ
308 951 462 1044 παρσύση
483 951 612 1023 τέλειόν
634 977 672 1023 σε
693 951 831 1041 δρῶμεν,
853 954 912 1021 τὸν
932 952 970 1023 ἐκ
991 952 1120 1024 τελείου
1133 956 1263 1025 τέλειον
1275 956 1407 1048 ἐπιφα-

130 1053 228 1124 νίντα
252 1053 338 1123 Θεὸν
357 1049 461 1142 ήμῶν.
495 1051 644 1143 Σήμερον
664 1055 727 1143 γὰρ
748 1061 808 1144 τῆς
828 1051 946 1143 ἑορτῆς
966 1051 1045 1143 ήμῖν
1066 1055 1191 1147 ἐπέστη
1211 1058 1329 1148 καιρὸς
1347 1060 1407 1128 καί

128 1155 228 1243 χορὸς
250 1151 352 1242 ἀγίων
373 1153 577 1243 ἐκκλησιάζει
597 1152 693 1245 ἡμῖν·
720 1155 778 1225 καὶ
798 1150 932 1245 ἀγγελοι
951 1158 1037 1242 μετὰ
1057 1153 1249 1246 ἀνθρώπων
1270 1183 1406 1247 συνεορ-

129 1254 296 1340 τάζουσιν.
324 1253 474 1345 Σήμερον
494 1257 555 1345 γὰρ
576 1253 598 1346 6
619 1255 715 1344 χάρις
732 1264 794 1326 τοῦ
816 1254 912 1345 άγίου
933 1254 1133 1343 πνεύματος,
1155 1258 1191 1327 ἐν
1208 1256 1294 1328 εἴδει
1307 1285 1405 1347 περι-

128 1363 259 1445 στερᾶς,
286 1363 360 1438 τοῖς
383 1356 503 1425 ύδασιν
529 1355 742 1448 ἐπεφοίτησε.
772 1357 924 1450 Σήμερον
952 1356 970 1429 6
999 1354 1121 1440 ἀδυτος
1141 1358 1237 1449 ήλως
1258 1357 1406 1431 ἀνέτειλε

125 1460 184 1528 καί
219 1455 239 1528 6
267 1456 391 1545 κόσμος
416 1463 464 1546 τῷ
492 1457 582 1549 φωτὶ
609 1458 737 1546 Κυρίου
764 1460 1016 1550 καταυγάζετυι.
1057 1458 1208 1547 Σήμερον
1235 1458 1255 1550 6
1286 1460 1404 1554 σελήνη

124 1563 302 1647 λαμπραῖς
322 1566 397 1640 ταῖς
419 1557 529 1629 ἀκτῖσι
548 1565 596 1650 τηῖ
616 1559 732 1652 κόσμῳ
751 1560 1086 1650 ουνεκλαμπρύνεται.
1112 1561 1261 1651 Σήμερον
1282 1560 1317 1632 ολ
1332 1588 1406 1654 φω-

124 1664 275 1743 τοειδεῖς
298 1659 442 1748 ἀστέρες,
471 1668 512 1752 τῇ
538 1661 740 1754 φαιδρότητι
766 1672 826 1753 τῆς
847 1663 1008 1755 λήμψεως
1028 1664 1089 1752 τήν
1110 1661 1304 1757 οἰκουμένην
1325 1669 1406 1734 καλ-

124 1761 325 1845 λωπίζουσι.
366 1760 517 1851 Σήμερον
538 1760 574 1831 αῖ
595 1765 735 1854 νεφέλαι
755 1762 851 1833 ύετδν
872 1762 1083 1855 δικαιοσύνης
1103 1770 1143 1855 τῇ
1164 1762 1406 1858 ἀνθρωπότιγτι

125 1862 317 1952 οὐρανόθεν
338 1863 540 1952 δροσίζουσι.
574 1862 725 1954 Σήμερον
746 1862 766 1935 6
789 1861 943 1946 άκτιστος
963 1863 1031 1934 ύπὸ
1053 1871 1114 1933 τοῦ
1136 1864 1224 1934 ἰδίου
1247 1867 1406 1953 πλάσμα-

125 1992 187 2047 τος
213 1969 318 2056 βσυλή
342 1971 597 2054 χειροθετεῖται.
638 1964 789 2056 Σήμερον
817 1964 836 2034 6
863 1964 1041 2057 προφήτης
1067 1966 1125 2036 καί
1144 1965 1338 2054 πρόδρομος
1356 1975 1405 2059 τηῖ

127 2066 279 2161 δεσπότῃ
306 2067 534 2154 προςέρχεται.
573 2063 677 2137 Ἀλλά
702 2066 816 2158 τρόμῳ
842 2066 1059 2156 παρίσταται,
1087 2065 1173 2154 ὁριῦν
1203 2073 1292 2137 Θεοῦ
1319 2071 1407 2158 πρὸς

126 2167 219 2259 ήμᾶς
245 2167 498 2257 συγκατάβασιν.
540 2167 690 2257 Σήμερον
716 2171 760 2238 τά
785 2177 846 2238 τοῦ
864 2165 1031 2256 Ἰορδάνου
1053 2167 1186 2254 νάματα
1206 2167 1256 2250 είς
1277 2168 1405 2257 ἰάματα

126 2277 371 2359 μεταποιεῖται
390 2276 431 2361 τῇ
450 2276 511 2338 τοῦ
531 2269 659 2357 Κυρίου
680 2269 862 2363 παρουσίᾳ.
890 2269 1040 2360 Σήμερον
1060 2269 1213 2358 ῥείθροις
1231 2278 1406 2357 μυστικοῖς

127 2379 227 2442 πᾶσα
254 2370 274 2463 6
301 2370 407 2452 κτίσις
435 2369 620 2460 ἀρδεύεται.
661 2372 812 2462 Σήμερον
837 2374 881 2442 τὰ
908 2380 975 2441 τιῦν
996 2369 1188 2460 ἀνθρώπων
1208 2373 1405 2460 πταίσματα

126 2481 203 2554 τοῖς
226 2473 337 2557 Ιύδαοι
369 2480 430 2542 τοῦ
457 2471 623 2561 Ἰορδάνου
658 2473 918 2564 ἀπαλείφονται.
960 2473 1112 2562 Σήμερον
1145 2471 1164 2541 6
1196 2473 1405 2562 παράδεισος

128 2575 294 2665 ήνίιμκται
319 2581 392 2656 τοῖς
418 2572 616 2663 ἀνθρώποις
643 2577 701 2644 καί
729 2574 747 2645 6
776 2583 836 2665 τῆς
858 2575 1069 2665 δικαιοσύνης
1089 2574 1185 2664 ήλιος
1204 2574 1404 2664 καταυγάζει

126 2676 218 2767 ήμῖν.
259 2677 409 2766 Σήμερον
429 2676 468 2744 τδ
490 2676 610 2761 πικρὸν
631 2676 731 2765 ύδωρ,
752 2679 791 2747 τὸ
813 2676 874 2746 ἐπί
887 2679 1065 2757 Μωῦσέως
1084 2682 1132 2745 τιῦ
1154 2679 1234 2765 λαῷ,
1257 2676 1307 2758 είς
1327 2680 1404 2766 γλυ-

127 2778 251 2869 κύτητα
271 2783 508 2864 μεταποιεῖται
527 2784 568 2867 τῇ
588 2786 649 2847 τοῦ
663 2778 791 2866 Κυρίου
812 2777 994 2871 παρουσίᾳ.
1016 2776 1166 2868 Σήμερον
1179 2786 1240 2847 τοῦ
1253 2781 1404 2849 παλαιοῦ

128 2879 258 2968 θρήνου
281 2877 515 2969 ἀπηλλάγημεν
535 2880 592 2947 καί
614 2876 659 2960 ὦς
679 2883 754 2963 νεὸς
771 2879 901 2969 Ἰσραήλ
923 2879 1144 2971 διεσώθημεν.
1173 2879 1324 2970 Σήμερον
1343 2885 1404 2950 τοῦ

130 2980 268 3062 σκότους
288 2979 521 3072 ἐλυτρώθημεν
547 2981 605 3048 καὶ
625 2985 672 3069 τῷ
695 2983 784 3071 φωτί
804 2990 864 3072 τῆς
883 2982 1092 3070 θεογνωσίας
1112 2981 1403 3069 καταυγαζόμεθα.

128 3082 279 3173 Σήμερον
305 3080 325 3172 6
356 3081 455 3167 ἀχλύς
480 3089 541 3150 τοῦ
565 3078 693 3175 κόσμου
720 3082 922 3169 καθαίρεται
948 3090 988 3174 τῇ
1016 3081 1201 3172 ἐπιφανείη
1226 3089 1287 3150 τοῦ
1315 3088 1404 3151 Θεοῦ

129 3183 233 3275 ήμῶν.
275 3182 424 3272 Σήμερον
445 3182 721 3272 λαμπαδοφεγγεῖ
740 3188 837 3252 πάσα
858 3182 878 3274 6
900 3182 1007 3264 κτίσις
1028 3176 1169 3251 ἀνωθεν.
1210 3179 1361 3272 Σήμερον
1380 3180 1401 3272 6

128 3286 247 3375 πλάνη,
269 3285 471 3376 κατήργηται
497 3283 554 3351 καὶ
575 3281 655 3352 ὁδὸν
675 3282 754 3374 ήμῖν
775 3282 940 3376 σωτηρίας
961 3281 1133 3373 ἐργάζεται
1154 3280 1173 3374 6
1196 3290 1255 3351 τοῦ
1277 3282 1403 3353 δεσπό-

129 3414 189 3458 του
211 3389 396 3468 ἐπέλευσις.
423 3384 572 3475 Σήμερον
593 3387 636 3455 τὰ
658 3381 725 3454 ἀνω
746 3392 819 3467 τοῖς
838 3385 927 3456 κάτιυ
948 3384 1159 3474 συνεορτάζει
1178 3385 1236 3454 καί
1256 3385 1298 3453 τά
1311 3384 1403 3454 κάτω

129 3495 203 3570 τοῖς
231 3485 299 3559 ἀνω
326 3490 506 3575 συνομιλεῖ.
548 3486 697 3577 Σήμερον
724 3486 744 3578 6
769 3487 842 3577 λερά
861 3486 1101 3578 μεγαλόφωνος
1120 3494 1186 3554 τιῦν
1209 3483 1404 3573 ἀρθοδόξων

128 3589 314 3681 πανήγυρις
336 3588 523 3677 ἀγάλλεται.
552 3588 701 3679 Σήμερον
722 3587 742 3659 6
764 3588 929 3680 δεσπότης
950 3589 1036 3678 πρὸς
1055 3589 1095 3656 τὸ
1115 3586 1293 3673 βάπτισμα
1309 3586 1403 3657 ἐπεί-

128 3719 234 3782 γεται,
256 3695 316 3763 ἵνα.
333 3689 519 3784 ἀναβιβάσῃ
541 3692 628 3779 πρὸς
649 3690 739 3783 ύψος
764 3691 803 3760 τὸ
826 3688 1052 3777 ἀνθρώπινον.
1095 3687 1246 3780 Σήμερον
1267 3687 1286 3757 6
1309 3687 1403 3759 ἀκλι-

129 3795 188 3884 νὴς
210 3800 257 3884 τῷ
281 3790 356 3884 ἰδίῳ
379 3792 489 3885 οίκέτη
510 3791 734 3875 ύποκλίνεται,
767 3794 822 3861 ἳνα
843 3790 931 3881 ήμᾶς
952 3792 988 3860 ἐκ
1008 3797 1068 3879 τῆς
1090 3790 1244 3872 δουλείας
1265 3792 1402 3861 ἐλευθε-

128 3896 231 3989 ρώσῃ.
274 3894 423 3984 Σήμερον
450 3892 623 3981 βασιλείαν
651 3892 799 3982 ούρανυῖν
820 3890 1039 3984 ὠνησόμεθα·
1066 3899 1125 3981 τῆς
1145 3894 1207 3981 γὰρ
1228 3893 1403 3979 βασιλείας

127 4007 190 4068 τοῦ
218 3996 346 4087 Κυρίου
376 3994 435 4065 οὐκ
461 3994 557 4067 ἔσται
582 3993 879 4084 τέλοςαΣήμερον
904 4001 947 4084 γή
972 3995 1031 4063 καί
1057 3993 1227 4075 θάλασσα,
1255 3997 1314 4083 τήν
1341 4002 1402 4064 τοῦ

128 4098 270 4187 Κόσμον
298 4100 402 4189 χαρὰν
430 4097 624 4187 ἐμερίσαντο
649 4096 707 4165 καί
734 4093 912 4183 ὁΚόσμσς
939 4093 1143 4186 εὐφροσύνης
1168 4095 1401 4184 πεπλήρωται.

127 4200 278 4271 Ε’ίδοσάν
304 4227 342 4270 σε
370 4199 476 4269 ύδατα
504 4197 523 4269 6
547 4200 642 4281 Θεὸς,
670 4195 805 4267 είδοσάν
825 4223 863 4266 σε
884 4196 991 4265 ύδατα
1012 4198 1070 4266 καί
1092 4196 1321 4288 ἐφοβήθησαν.
1363 4195 1401 4266 ‘0

125 4301 294 4392 Ἰορδάνης
321 4301 469 4392 ἐστράφη
497 4300 545 4383 είς
571 4302 614 4370 τά
641 4297 752 4371 ὀπίσω
779 4299 990 4386 θεασάμενος
1011 4300 1049 4368 τὸ
1071 4307 1137 4386 πῦρ
1160 4307 1218 4386 τῆς
1240 4296 1405 4389 θεότητος

123 4413 327 4490 σωματικαῖς
352 4402 586 4492 κατερχόμενον
613 4406 669 4472 καί
696 4400 917 4491 είςερχόμενον
945 4398 1004 4471 ἐπ’
1029 4397 1138 4469 αὐτόν.
1179 4398 1217 4467 Ὁ
1235 4397 1404 4493 Ἰορδάνης

123 4504 279 4597 ἐστράφη
308 4505 356 4587 είς
383 4508 426 4575 τά
452 4503 565 4579 δπίσω
585 4513 726 4596 θεωριῦν
745 4505 785 4574 τὸ
806 4510 938 4592 πνεῦμα
958 4504 997 4573 τὸ
1020 4500 1114 4592 ἀγιον
1135 4498 1276 4573 ἐν-.εῖ’δει
1304 4504 1404 4592 περἰ-
