3044 4912
530 489 666 553 uisse
697 486 1150 553 CATECHUMENORUM.

286 629 328 690 Ex
352 630 573 709 synagogarum
594 623 789 686 conuentibus
811 622 947 700 oriunda,
970 624 1005 687 ad
1018 622 1126 686 veteris
1138 622 1309 686 testamenti
1324 622 1477 703 ingenium

202 731 382 812 composita,
410 728 545 807 liturgiae
567 744 642 807 quae
664 724 793 788 arctiore
814 742 905 788 sensu
927 725 1087 789 christiano
1110 724 1218 788 dicitur
1238 721 1479 809 προπαλδευμα

201 827 258 896 καὶ
280 828 357 897 σκιὰ
376 831 443 895 τῶν
463 824 659 913 μελλόντων.

296 1001 319 1062 Ι.
355 998 486 1063 Lectio
508 978 794 1095 S'orlp'turarum
818 995 969 1058 Veteris
992 993 1231 1058 Testamenti
1252 993 1327 1058 lust.
1349 996 1380 1060 b.
1444 1076 1449 1089 Ι

763 1095 865 1159 Const.
888 1098 918 1162 3.

287 1220 348 1282 lam
370 1218 427 1280 ario
448 1217 516 1279 νοω
539 1215 612 1278 coi.
627 1215 683 1277 niu
699 1215 723 1277 1.
743 1217 838 1296 pua.
861 1190 1140 1288 ceninensium,
1161 1211 1377 1294 antiquissimis
1398 1212 1479 1289 un-

202 1322 327 1404 poribus
348 1319 503 1382 exordium
525 1317 633 1380 Missae
654 1318 774 1378 ductum
795 1333 866 1378 esse
887 1335 904 1377 a
925 1315 1103 1379 lectionibus
1124 1314 1239 1377 Veteris
1268 1333 1303 1376 ae
1322 1313 1396 1376 Nori
1417 1313 1480 1377 'le-

203 1421 351 1487 stamenti.
394 1420 496 1499 ltaque
518 1417 549 1480 in
569 1417 711 1497 liturgiis
742 1416 989 1494 occidentalibus,
1017 1416 1126 1498 quibus
1154 1415 1251 1497 aliqua
1278 1415 1406 1478 affinitas
1434 1426 1481 1479 est

204 1533 235 1587 et
256 1520 425 1585 coniunctio
449 1538 516 1582 oum
537 1519 737 1582 vetustissima
760 1516 941 1581 Graecorum
962 1519 1072 1592 missa,
1101 1517 1168 1581 dico
1189 1516 1382 1586 Gallicanam,
1405 1519 1480 1580 Am-

203 1624 390 1698 hrosicuam,
412 1621 624 1685 lloearabicam
653 1621 742 1701 (apud
764 1620 917 1683 Romanos
940 1618 1181 1683 sollemnioribus
1210 1625 1323 1681 tautum
1351 1617 1483 1698 diebus),

203 1725 366 1806 Epistulam
387 1721 537 1804 praeeedit
557 1721 685 1784 Lectio
708 1721 950 1803 Prophetica.
993 1721 1095 1801 Neque
1116 1719 1207 1783 hodie
1227 1720 1325 1803 priam
1347 1738 1481 1783 consuc-

204 1826 276 1889 tudo
299 1843 424 1906 prorsus
446 1822 600 1886 obliterate
621 1831 678 1886 est.
727 1824 766 1886 Ut
788 1831 898 1887 meeum
919 1822 1132 1913 dmbsosiauos
1161 1830 1192 1884 et
1212 1822 1319 1884 llisses
1342 1822 1481 1896 Quatuor

203 1934 383 2007 temporum,
405 1923 538 1988 eritibus
560 1923 732 1987 monasticis
753 1941 953 1988 commemoro
968 1924 1287 1998 Praemonstratenses‚
1309 1924 1360 2004 qui
1385 1922 1482 1987 tribus

95 2029 98 2032 ’
203 2028 307 2092 missis
328 2027 360 2089 iu
380 2027 536 2090 Nativitcte
557 2027 675 2089 Domini
697 2026 850 2090 celebratis
872 2035 933 2089 tres
955 2025 1111 2107 adsignant
1120 2025 1305 2107 Psophodee,
1328 2034 1392 2088 tres
1405 2025 1481 2107 Epi·

205 2130 310 2204 stolas,
333 2129 390 2191 tria
411 2128 576 2210 Evangelia.
657 2137 661 2149 “

610 2312 647 2373 ll.
682 2311 898 2374 Psalmodia
921 2311 1024 2374 Const.
1046 2317 1078 2378 4.

290 2432 380 2494 Recte
402 2431 561 2492 liothius
584 2429 604 2491 l.
620 2448 645 2490 c.
668 2447 697 2508 p.
712 2431 769 2494 28:
792 2429 993 2493 Psulmodium
1014 2431 1134 2495 silentio
1154 2435 1306 2512 pruetm't
1326 2428 1480 2493 Iustinus.

205 2534 267 2597 Nee
289 2543 394 2603 tumere,
411 2551 448 2593 eie
471 2532 524 2593 boe
547 2530 666 2594 silentio
685 2543 762 2593 certe
778 2532 914 2612 efficitur
929 2543 1026 2595 uetote
1040 2538 1188 2612 mortprr's
1205 2533 1392 2595 celeberrimi
1407 2550 1481 2594 euu-

206 2645 269 2697 tum
280 2633 471 2712 psalmorum
487 2633 722 2714 hymnorumque
738 2651 900 2695 suesorum
910 2637 1044 2697 noudum
1057 2635 1097 2697 ud
1112 2634 1226 2699 cultum
1242 2634 1376 2696 diuinum
1388 2633 1481 2696 clri-

206 2739 380 2799 sti'unorum
400 2737 600 2813 pertinuisse,
631 2739 817 2812 praesertim
839 2754 906 2797 cum
928 2754 967 2798 ιω
988 2735 1116 2817 epistole
1137 2735 1232 2798 Plinii
1259 2744 1391 2811 constet,
1420 2739 1483 2797 tom

207 2832 334 2897 troium
354 2833 538 2914 temporibus
562 2834 750 2899 Cbm'sti'onos
779 2837 887 2899 solitos
915 2856 992 2909 esse,
1025 2842 1058 2898 ἰν
1087 2837 1281 2900 conuentibus
1304 2840 1369 2898 suis
1391 2847 1481 2898 eute-

206 2932 324 2998 lucuiu's
355 2953 502 3007 „eurmeu
536 2936 656 3001 Cbri'sto
685 2941 774 3018 quusi
793 2937 856 2999 Deo
880 2939 978 3000 dicere
1006 2957 1106 3000 seeum
1133 2942 1286 3000 i'uuieem“
1316 2937 1393 3001 etl.
1417 2942 1484 3017 ipse

206 3035 268 3098 ulto
292 3036 355 3098 loeo
377 3035 477 3117 (Apol.
495 3036 519 3098 l.
542 3041 572 3113 ὅ.
592 3040 641 3113 13)
671 3039 804 3117 reseret,
829 3038 1019 3102 Cbristtuuos
1041 3039 1103 3103 Deo
1132 3035 1188 3104 διὰ
1216 3034 1314 3123 λόγου
1337 3035 1485 3121 πομπὰς

205 3137 260 3201 καλ
283 3130 405 3218 ῧμνονς
426 3139 583 3218 πέμπειν.

290 3238 329 3300 Et
360 3240 425 3318 ipse
457 3238 580 3311 Plinius,
613 3258 699 3319 quern
732 3241 821 3302 modo
855 3240 987 3314 excitari,
1010 3243 1096 3303 testis
1118 3251 1175 3316 est,
1197 3253 1314 3322 praeter
1343 3241 1483 3302 Psalmos

207 3340 357 3402 exstitisse
379 3340 507 3401 carmina
530 3359 622 3413 sacra,
645 3343 794 3404 Christum
808 3340 1040 3426 δεολονοῦνια.
1074 3343 1155 3405 Αδδε
1169 3344 1345 3423 scriptorem
1368 3343 1483 3405 saeculi

208 3441 346 3516 secundi,
368 3442 417 3521 qui
440 3443 627 3504 Artemonem
649 3443 764 3505 incusat
784 3442 893 3505 Euseb.
916 3443 954 3504 ll.
975 3443 1010 3504 ll.
1034 3448 1063 3519 t,
1076 3447 1134 3511 bd:
1159 3440 1316 3527 Ψαλμοὺς
1338 3441 1375 3507 δὲ
1404 3439 1484 3520 τούς

206 3542 266 3626 μὲν
289 3539 337 3618 εἷς
358 3539 414 3606 τὸν
436 3539 547 3626 κύριον
569 3537 661 3629 ἡμῶν
679 3535 802 3628 Ἰησοῦν
824 3541 972 3627 Χριστὸν
994 3542 1141 3623 παύσας,
1172 3538 1216 3622 ὥς
1239 3542 1278 3628 δὴ
1301 3547 1484 3639 νεωτέρρος

79 3636 84 3645 ’
206 3644 262 3713 κοῦ
285 3648 450 3727 νεωτέρων
467 3636 595 3728 ἀνδρῶν
614 3642 856 3729 συγγράμματα.
884 3647 986 3726 Neque
1001 3648 1234 3727 praetereundus
1251 3655 1298 3708 est
1318 3646 1484 3727 Dionysius

207 3746 283 3826 apud
306 3745 415 3807 Euseb.
439 3748 467 3819 7,
489 3748 547 3808 24:
581 3743 615 3810 ἐν
643 3741 757 3823 ἀλλοις
783 3745 843 3828 μὲν
872 3746 1012 3824 πολλοῖς
1039 3741 1247 3831 ἀποδέχομαι
1275 3748 1329 3812 καὶ
1359 3739 1485 3831 ἀγαπῶ

207 3848 365 3922 Νέπωτα,
394 3845 452 3932 τῆς
472 3869 508 3910 τε
529 3850 675 3924 πίστεως
697 3848 750 3913 καὶ
778 3848 837 3933 τῆς
866 3846 1068 3932 φιλοπονίας
1093 3846 1149 3913 καὶ
1170 3851 1228 3934 ιῆς
1249 3847 1283 3914 ἓν
1305 3858 1381 3927 ταῖς
1401 3871 1485 3935 γρα-

209 3954 291 4032 φαῖς
312 3944 465 4032 διατριβῇ
485 3946 550 4011 καὶ
573 3948 642 4031 τῆς
663 3947 821 4033 πολλῆς
842 3947 1092 4031 ψαλμωδίας
1111 3939 1270 4036 ᾗῖμέχρι
1291 3953 1361 4016 νῦν
1382 3951 1487 4017 πολ

208 4047 272 4113 tot
300 4049 378 4112 τῶν
408 4040 595 4133 ἀδελφῶν
626 4046 916 4132 ἐνθυμοῦνται.
967 4053 1004 4112 nt
1030 4055 1285 4134 supersedendum
1308 4065 1354 4116 est
1376 4072 1485 4118 exem-

206 4153 324 4232 plorum
346 4150 543 4214 multitudiue.
574 4151 666 4213 Erant
687 4171 721 4215 ex
745 4152 960 4232 antiquissimis
983 4154 1167 4234 temporibus
1189 4158 1289 4238 hymni
1312 4157 1358 4218 vel
1372 4159 1511 4237 psalmi.

208 4251 411 4326 ecelesiastici,
435 4252 483 4333 qud
503 4253 733 4315 decantabantur
755 4253 800 4316 vel
821 4253 898 4316 inter
921 4252 1138 4334 scripturarum
1159 4258 1318 4320 lectionem
1328 4259 1383 4322 nel
1402 4259 1486 4337 iuter

208 4352 432 4416 eucharisticum
455 4353 640 4417 sacrificium.
1438 4338 1443 4347 ’

292 4453 325 4514 ln
348 4430 851 4539 umbrosianaili‘s‘s'fa'l’iupnuian
873 4456 1065 4540 subsequitur
1084 4460 1300 4547 Psalmulus
1324 4482 1352 4526 v.
1373 4424 1486 4528 Psil-
