3044 4912
711 227 794 301 '192

198 414 344 513 Cumque
376 415 467 488 uenit
492 413 663 486 Diaconos
699 414 744 486 od
772 414 978 509 portandum
1011 413 1149 486 calicem
1176 412 1271 485 dicit.
1319 412 1368 485 Pre

122 544 236 593 cemur
261 541 377 614 pacem
403 516 591 589 nobiscum.

199 636 366 709 Sacerdos
393 635 484 706 dicit.
538 631 650 705 Gratia
675 630 821 729 Spiritus
849 633 954 705 saneti
982 634 1027 705 sit
1051 644 1175 724 tecum,
1211 632 1368 705 nobiscum

123 751 258 812 etcum
284 735 542 832 suscipientibus
569 735 672 805 illum.

199 840 245 912 llt
271 840 330 910 dot
355 838 504 910 Diacono
531 836 679 908 culicem.
732 835 903 907 Diaconos
929 835 1021 906 dicit.
1075 834 1224 907 Deuodio
1244 835 1367 908 Domine

201 940 377 1013 Sacerdos.
414 939 547 1011 Donum
574 937 698 1031 gratiae
726 936 948 1029 vivificatoris,
977 946 1011 1008 et
1035 936 1171 1008 Domini
1198 938 1304 1010 nostri
1320 938 1368 1009 lest

124 1043 246 1116 Christi
275 1042 489 1139 compleatur,
516 1041 551 1113 iu
578 1037 860 1130 miserationibus,
890 1061 966 1110 cum
992 1039 1158 1111 omnibus.

199 1161 245 1233 Ilt
281 1162 391 1255 Quot
428 1181 527 1230 cruce
559 1157 731 1253 populum.
795 1156 929 1228 laterae
967 1157 1126 1229 dictentur
1161 1153 1368 1253 Desponsorio

122 1263 296 1335 Fratres
333 1260 550 1355 suscipite
586 1282 744 1354 corpus
771 1258 898 1350 Filii,
927 1259 1079 1331 clamat
1104 1258 1319 1331 Ecclesia:
1348 1279 1363 1326 e

126 1363 266 1436 bibite
293 1362 473 1434 calicem
500 1362 592 1432 eius
621 1383 709 1431 cum
736 1359 828 1430 lide
854 1361 895 1433 in
923 1362 1045 1455 regni
1073 1360 1206 1432 domo.

199 1483 325 1554 Diebus
352 1481 461 1576 sestis.
514 1477 645 1549 Robora
673 1477 826 1549 Domine.

202 1582 385 1653 Dominico.
438 1579 580 1653 Domine
606 1579 680 1650 lesu
708 1579 850 1650 Christe.

202 1682 371 1770 Quotidie.
423 1681 577 1776 Mysteria
604 1705 688 1778 quae
722 1680 940 1776 suscepimus.

201 1784 326 1857 Finitis
349 1782 583 1879 Desporrsoriis
611 1782 781 1854 Dimonns
808 1782 889 1852 dicit
953 1782 1078 1854 Dumes
1105 1782 1220 1876 igitur.

201 1887 247 1958 m
272 1886 482 1980 respondent.
532 1884 643 1956 Gloria
671 1884 733 1980 ipsi
761 1893 896 1979 propter
923 1883 1048 1955 donum
1074 1906 1173 1956 suum
1200 1881 1364 1955 ineffabile.

201 1987 382 2058 Diaconos.
434 1985 612 2059 Precemur
638 2009 754 2082 pacem
780 1985 966 2057 nobiscum.

280 2154 448 2228 Sacerdos
473 2156 510 2227 iu
535 2156 643 2228 medio
669 2155 790 2227 ulteris
818 2155 899 2226 dicit
927 2155 1012 2225 berec
1042 2150 1246 2225 Orationem.

202 2288 270 2365 XX.
297 2288 444 2385 Dignum
472 2301 524 2362 est
540 2290 694 2382 Domine,
722 2291 846 2363 iustum
873 2299 906 2360 et
931 2288 1252 2386 aequumomnibus
1272 2286 1368 2361 diebu

125 2391 332 2488 temporibus
358 2403 392 2463 et
418 2392 510 2464 boris
537 2392 700 2483 confiteri,
727 2393 877 2483 adorare,
912 2402 945 2463 et
970 2391 1105 2464 laudare
1133 2414 1256 2462 nomen
1284 2391 1368 2462 timer

128 2496 207 2567 dum
234 2494 416 2565 maiestatis
445 2504 530 2582 tuae,
558 2495 633 2588 quia
662 2495 781 2587 dignos
808 2493 916 2565 iecisti
944 2518 1006 2566 nos
1024 2493 1166 2565 Domine
1185 2517 1244 2587 per
1263 2491 1368 2587 gratia

128 2608 229 2685 tuem,
256 2594 409 2665 homines
436 2595 591 2664 mortales
619 2595 868 2691 imbecillasque
897 2608 1045 2685 naturae,
1083 2608 1120 2667 ut
1146 2618 1221 2665 cum
1249 2593 1366 2690 spiritu

127 2697 214 2768 libus
242 2718 363 2764 nonreu
392 2705 485 2766 tuum
511 2697 805 2786 sanctiticareurus,
843 2708 877 2766 et
902 2697 1135 2790 mysteriorum
1164 2696 1242 2774 doni
1272 2697 1320 2768 tui
1345 2695 1366 2766 li

127 2821 240 2868 remus
276 2796 465 2891 participes,
504 2808 537 2868 et
572 2799 731 2869 suavitudo
758 2798 965 2892 eloquiorum
991 2810 1122 2870 tuorum
1151 2798 1368 2869 delectaremu

127 2898 170 2970 Et
203 2921 300 2968 voces
337 2898 461 2991 gloriae
495 2911 528 2969 et
561 2900 782 2970 consessionis
818 2899 978 2970 divinitati
1007 2911 1081 2970 tuae
1109 2899 1242 2970 sublimi
1272 2923 1368 2995 semp

127 3000 305 3072 referimus
331 3000 483 3070 Domine.

203 3117 290 3188 Alio.
344 3118 495 3191 Christus
523 3118 613 3190 Deus
641 3128 765 3208 noster,
798 3118 973 3210 Dominus,
1008 3118 1089 3209 Rex,
1127 3119 1272 3190 salvator
1298 3129 1368 3189 etr

128 3219 275 3290 vificator
309 3233 434 3311 noster,
468 3245 527 3317 per
561 3220 700 3313 gratiam
733 3245 827 3291 suam
856 3221 974 3315 dignos
1001 3220 1081 3291 lecit
1106 3245 1168 3291 nos
1196 3220 1365 3316 suscipien

129 3344 249 3416 eorpus
276 3322 360 3412 eius,
394 3323 657 3417 sanguinemque
685 3323 757 3393 eius
783 3324 966 3418 pretiosum
994 3334 1027 3393 et
1054 3323 1164 3393 onmia
1192 3322 1368 3394 sanctifica:

128 3434 212 3494 tem:
243 3423 312 3517 ipse
341 3424 396 3494 det
422 3424 519 3494 nobis
547 3435 583 3495 ut
609 3424 796 3519 placeamus
824 3424 882 3515 illi,
916 3424 1037 3514 verbis,
1072 3423 1243 3519 operibus,
1280 3426 1368 3518 cogit

127 3524 275 3595 tionibus
303 3534 336 3594 et
361 3525 456 3596 lactis
485 3526 619 3617 nostriS,
647 3526 728 3597 adeo
757 3536 793 3598 ut
818 3526 940 3621 pignus
968 3525 1056 3597 istud
1083 3527 1171 3621 quod
1201 3527 1368 3622 accepimu

126 3628 171 3699 sit
197 3626 293 3697 nobis
313 3626 500 3698 adveniam
520 3628 727 3719 delictorum,
755 3628 987 3699 remissionem
1005 3637 1230 3724 peccatorum,
1260 3639 1293 3698 et
1311 3650 1368 3723 spe

126 3753 280 3822 magnam
313 3730 567 3801 resurrectionis
595 3756 612 3800 a
640 3729 793 3821 mortuis,
825 3730 990 3825 vitamque
1025 3755 1141 3801 novam
1170 3742 1204 3800 et
1229 3754 1342 3800 veram

126 3854 228 3923 reguo
267 3832 446 3922 coelorum,
483 3856 558 3901 eum
592 3832 748 3902 omuibus
785 3833 840 3927 qui
877 3856 987 3902 comm
1022 3855 1060 3902 co
1089 3831 1304 3928 placuerunt:
1343 3855 1364 3925 p

128 3933 266 4024 gratiam
294 3933 365 4004 eius
393 3945 426 4004 et
452 3934 682 4005 miserationes
710 3933 781 4004 eius
810 3933 843 4004 in
871 3934 1011 4005 saecula.

202 4049 328 4122 Diebus
355 4052 549 4123 ordinariis.
602 4052 751 4123 Laudem
792 4052 952 4143 Domine,
995 4051 1174 4143 honorem,
1218 4050 1368 4122 eorrlessi

126 4175 202 4222 nem
231 4162 265 4222 et
297 4155 477 4245 gratiarum
514 4155 678 4224 actionem
705 4153 866 4226 debemus
894 4153 1019 4226 referre
1046 4155 1199 4226 'lriuitati
1229 4172 1305 4225 tuae
1333 4153 1368 4246 gl

126 4254 247 4346 riosae,
281 4278 341 4349 pro
378 4256 464 4325 drino
498 4257 732 4349 mysteriorum
767 4268 900 4328 tuorum
927 4269 1129 4348 sanctorum,
1166 4278 1252 4353 quae
1282 4255 1368 4327 dedis

129 4355 224 4467 nobis
264 4356 303 4427 ad
346 4357 615 4453 propitiationem
658 4358 854 4432 delictorum
898 4370 1110 4450 nostrorum,
1152 4358 1295 4430 Domine
1333 4381 1368 4427 on

128 4478 230 4526 urum.
