3044 4912
667 273 739 347 281

105 460 187 523 isse.
229 457 356 539 Reliqua
388 476 488 539 neque
508 459 605 522 sancti
623 450 684 522 ¹riri
704 459 877 534 humilitati,
909 478 1009 541 neque
1028 461 1210 544 disciplinae
1231 483 1340 529 coure-

105 571 161 637 rut‚
192 559 373 642 praesertim
394 579 462 623 cum
484 560 515 623 iu
538 561 604 641 ipsa
625 561 760 640 Liturgia
781 579 888 643 preces
910 575 1071 626 occurrant
1091 564 1173 629 illius
1194 567 1341 647 tempori·

104 662 341 743 antiquiores,
364 669 397 724 ut
417 671 488 725 aunt
507 661 670 737 Praelatio,
705 661 833 744 hymnus
855 663 1050 740 Cherubicus,
1072 667 1210 729 recitatio
1232 668 1340 731 verbo·

105 785 131 828 m
148 764 271 839 Christi,
286 763 439 826 invocatio
454 763 585 844 Spiritus
600 765 707 841 sancti,
723 762 827 827 Oratio
841 763 1009 840 llominica,
1024 769 1162 829 Sancta
1178 768 1340 846 sanctis,

126 865 277 947 quaedam
308 863 386 927 aliae
417 864 496 927 sacri
520 865 621 928 Officii
651 875 763 947 partes.
805 865 909 946 Neque
930 885 1042 946 operae
1063 869 1193 950 pretium
1215 864 1341 934 astrici

105 967 237 1031 ctissimi
258 965 362 1029 lacobi
384 965 485 1028 Goarii
508 967 654 1049 exemplo,
676 969 715 1030 de
737 967 926 1030 concilianda
943 968 1044 1031 Procli
1066 970 1248 1046 narratione,
1271 990 1341 1035 cnm

105 1068 315 1150 ophilochiana
336 1076 482 1147 satagere,
503 1085 571 1130 cum
593 1069 644 1132 illa
665 1069 856 1133 mirabilibus
876 1068 939 1131 illia
960 1063 1164 1147 ἔπειςοδίοις
1178 1073 1340 1136 novitatem

105 1189 131 1232 ra
164 1188 252 1232 suam
284 1169 470 1233 sufficienter
498 1170 623 1250 prodat:
654 1170 748 1234 altera
769 1170 896 1253 simplex
917 1170 960 1233 sit
979 1170 1134 1252 magisque
1155 1173 1340 1249 consimilia,
1460 1202 1464 1215 ⁴

105 1289 155 1333 am
173 1271 295 1333 idcirco
316 1270 412 1334 solam
435 1270 576 1334 'l'rullana
599 1272 737 1353 Synodua
760 1271 923 1353 adoptarit.
950 1271 994 1334 Ea
1016 1292 1051 1336 ea
1074 1272 1155 1337 euim
1176 1275 1251 1337 satis
1266 1293 1340 1339 con·

105 1383 202 1436 matur
223 1372 275 1453 pia
296 1372 430 1434 omnium
452 1370 634 1436 Graecorum
655 1373 786 1447 traditio,
808 1374 974 1437 secundum
995 1393 1085 1455 quam
1104 1376 1340 1455 precesssucha-

105 1475 190 1538 ‚deae
222 1493 299 1555 quae
329 1474 526 1537 versabantur
553 1474 692 1537 ,omnium
714 1473 865 1551 manibus,
898 1484 929 1538 et
949 1475 988 1538 ad
1010 1475 1116 1538 altaria
1138 1486 1203 1540 toto
1224 1477 1340 1558 passim

105 1577 192 1639 iente
219 1575 449 1656 usurpabamus,
479 1594 549 1638 esso
570 1594 588 1639 a
608 1576 721 1640 Basilio
742 1577 823 1640 iuxta
846 1585 996 1657 receptam
1019 1578 1269 1641 consuetudinem
1291 1598 1341 1642 or·

105 1680 197 1752 ratas,
218 1696 335 1758 usuque
356 1677 558 1741 Ecclesiamm
579 1676 722 1758 probatas
744 1688 775 1741 et
797 1679 997 1753 confirmatas,
1020 1678 1204 1742 existimant.

148 1780 259 1843 Verum
293 1786 373 1840 extat
400 1777 552 1858 antiquius
579 1780 673 1841 multo
695 1779 734 1842 de
754 1779 888 1858 Liturgia
909 1779 1014 1841 Basilii
1036 1780 1097 1843 iam
1118 1781 1232 1863 scripta
1256 1783 1342 1845 testi·

105 1880 202 1951 »nium
222 1881 306 1944 Petri
326 1880 462 1953 Diaconi,
495 1889 526 1942 et
555 1880 682 1943 aliorum
703 1880 929 1953 llonacborum,
962 1880 1074 1962 quiin
1096 1900 1187 1944 causa
1209 1883 1285 1946 fidei
1305 1903 1341 1947 ea

105 1983 191 2046 iente
213 1983 336 2045 Romam
359 1981 444 2044 missi
466 1982 594 2054 lucram,
616 1983 647 2044 in
668 1980 746 2043 libro
768 1982 807 2045 de
826 1981 1037 2045 incarnatione
1058 1991 1089 2045 et
1103 1980 1204 2045 Gratia
1220 1984 1342 2046 Domini

105 2084 163 2148 stri
185 2084 255 2146 lesu
277 2083 389 2147 Christi
418 2082 455 2144 ad
476 2083 666 2161 Fulgentinm
699 2090 729 2145 et
761 2082 837 2144 alios
857 2083 1029 2164 Episcopus
1050 2084 1180 2158 Africae,
1215 2084 1339 2159 Christi,

128 2186 225 2259 aiant,
258 2183 453 2247 confessione
483 2184 657 2247 decoratos:
691 2200 800 2264 nempe
827 2201 895 2246 cum
924 2184 1193 2247 a'lbrasamnndo
1215 2184 1341 2263 relegati

105 2295 138 2350 at
156 2287 192 2349 in
212 2285 393 2359 Sardiniam,
414 2285 495 2348 unde
517 2304 596 2348 anuo
618 2285 698 2348 llllll
720 2285 858 2348 restituta
878 2284 1029 2348 Africanis
1049 2285 1197 2349 Ecclesiis
1217 2285 1255 2348 ab
1275 2285 1341 2349 llil·

105 2388 170 2453 rleo
192 2387 336 2451 flunerici
367 2385 430 2449 filio
452 2403 538 2468 pace,
571 2385 684 2449 reversi
707 2395 790 2450 sunt.
830 2385 923 2449 Paulo
945 2395 1016 2468 post
1035 2386 1114 2450 liber
1134 2386 1186 2450 ille
1207 2387 1341 2468 scriptus

105 2498 124 2564 t,
155 2489 189 2552 iu
218 2490 305 2551 cuius
326 2499 431 2550 octavo
453 2488 552 2568 capite
574 2488 650 2550 baec
670 2487 824 2566 leguntur:
861 2488 956 2551 llinc
978 2489 1091 2552 otiam
1111 2487 1246 2551 beatus
1268 2489 1341 2551 Ba·

106 2590 187 2653 lius
210 2589 481 2653 Caesariensis
502 2589 733 2670 Episcopus,
767 2589 805 2652 in
828 2588 1015 2654 Oratione
1048 2589 1158 2652 sacri
1177 2590 1338 2664 Altaria,

105 2710 178 2755 tem
212 2711 334 2772 paene
370 2691 576 2754 universus
599 2692 997 2772 frequentatoriens,
1034 2692 1138 2755 inter
1168 2702 1339 2756 caetera:

105 2813 187 2867 oua,
208 2794 318 2874 inquit,
339 2792 494 2856 llomino
515 2793 698 2856 virtutem
720 2802 757 2856 et
778 2802 1045 2857 tutamentum:
1067 2792 1203 2869 malos,
1226 2813 1341 2876 quae·

104 2914 214 2970 amns,
247 2895 369 2958 bonos
403 2895 536 2968 tacito,
570 2893 690 2957 bonos
723 2894 762 2956 in
782 2894 960 2958 bonitate
982 2913 1182 2967 conserva,
1216 2895 1341 2958 omnia

105 2997 166 3060 rim
187 3005 316 3077 potes,
339 3012 408 3059 nec
429 3003 488 3058 est
509 2995 571 3076 qui
595 2995 847 3058 contradicat
867 2996 957 3068 tibi,
987 3013 1066 3057 cum
1088 2995 1187 3059 euim
1209 2995 1340 3057 volue-

110 3117 126 3161 s
154 3098 302 3173 salvas,
333 3110 371 3160 et
391 3098 518 3161 nullus
541 3097 697 3160 resistit
718 3097 908 3159 voluntati
931 3105 1026 3159 tuae.
1069 3095 1222 3158 Laudatus
1244 3105 1291 3157 cst
1312 3095 1340 3157 is

105 3218 156 3263 cus
179 3218 197 3262 a
219 3199 372 3281 plerisque
394 3197 568 3278 Theologis,
591 3198 851 3278 nobilioribusque
873 3197 1004 3271 Criticia,
1026 3197 1277 3276 observatumque
1297 3195 1341 3260 ai·

105 3300 131 3364 nl
152 3308 208 3374 est,
231 3320 267 3363 ea
291 3301 382 3363 verba
404 3319 502 3381 neque
525 3300 556 3361 in
579 3299 702 3361 Graecis
723 3297 880 3361 codicibus
902 3310 1013 3373 extare,
1046 3317 1144 3379 nequo
1164 3297 1197 3360 iu
1219 3286 1342 3378 Syriaca

108 3402 204 3465 llasia
226 3402 431 3482 interpretata,
455 3418 512 3464 nec
531 3398 563 3463 iu
580 3401 714 3481 Coptica.
757 3396 967 3464 Verumtamen
988 3401 1152 3481 praecipua
1173 3399 1341 3463 sententiae

105 3523 151 3579 ua,
171 3522 309 3584 quaeque
330 3504 367 3565 ad
390 3503 596 3583 quaestionem
619 3521 635 3564 a
654 3503 744 3564 Petro
759 3502 903 3576 lliacono,
926 3511 957 3565 et
977 3502 1104 3584 reliquis
1125 3501 1269 3563 adversus
1282 3500 1342 3562 Pe-

105 3606 254 3686 gianorum
276 3605 419 3684 reliquias
441 3605 591 3683 agitatam,
613 3604 740 3666 mamma
761 3604 928 3684 spectabat,
949 3605 982 3666 iu
997 3603 1112 3666 Graeco
1126 3610 1208 3664 textu
1222 3601 1340 3681 legitur,

105 3702 147 3783 dg
167 3699 320 3791 ἀγαθοὺς
340 3700 376 3770 da
396 3707 436 3791 τῇ
457 3697 645 3790 ἅγαθότητι
667 3696 876 3790 διατήρησον,
904 3699 983 3778 τοὺς
1003 3696 1170 3788 πονηροὺς
1190 3694 1343 3786 ἀγαθοὺς

105 3802 223 3894 rt'qoor,
255 3803 290 3871 dr
317 3799 513 3892 gpqordrqu
533 3826 604 3884 ooo,
636 3814 669 3868 ut
690 3815 721 3867 et
741 3806 777 3869 iu·
794 3805 893 3869 reteri<
909 3805 1048 3869 versione
1068 3804 1184 3878 Latina,
1215 3804 1341 3866 Bouos

105 3958 106 3968 ,
127 3909 307 3973 bonitate
329 3926 530 3973 conserva:
552 3907 673 3971 malos
694 3908 814 3971 bonos
836 3909 911 3985 lac,
933 3907 971 3969 in
992 3905 1170 3969 bonitate
1193 3913 1265 3968 tna.
1298 3904 1342 3967 lla

106 4011 135 4074 la
157 4010 305 4092 particula
326 4010 399 4073 airis
421 4009 606 4073 doctissimis
628 4029 690 4073 non
713 4009 880 4085 observata,
902 4009 1055 4072 dimovere
1076 4026 1130 4071 eos
1152 4027 1169 4070 a
1189 4005 1341 4088 praeeipi-

105 4124 128 4175 ta
162 4132 291 4176 censura
325 4111 493 4176 debuisset:
526 4130 631 4175 omnes
660 4112 752 4186 enim,
785 4112 876 4175 etiam
904 4129 1031 4192 quorum
1058 4108 1213 4188 diligentia
1233 4106 1342 4170 merito

106 4213 306 4287 mmendatur,
336 4224 519 4292 negaverunt
539 4234 574 4276 ea
595 4213 696 4288 verba,
731 4233 808 4294 quae
829 4215 937 4276 Petrus
958 4208 1276 4289 Diaconosallegavit,
1310 4208 1341 4269 in

105 4316 222 4378 asiliana
244 4316 379 4395 liturgia
400 4315 539 4398 reperiri.
568 4316 642 4378 lude
664 4317 764 4378 statim
786 4316 1002 4390 iudicaverunt,
1024 4332 1085 4375 non
1108 4311 1282 4394 pervenisse
1304 4309 1343 4373 il·

105 4436 129 4480 m
162 4418 198 4480 ad
227 4436 295 4491 nos,
328 4418 387 4479 nisi
409 4417 493 4480 valde
522 4418 747 4498 interpolatam:
780 4437 878 4499 neque
900 4417 979 4480 enim
1001 4415 1115 4478 inventi
1137 4422 1212 4478 sunt
1229 4414 1282 4495 qui
1303 4413 1342 4476 ad

105 4520 187 4584 rarii.
207 4520 389 4585 sententiam
416 4519 604 4585 accederent.
647 4520 677 4583 la
699 4519 904 4602 quippedum
926 4520 1016 4584 ritem
1035 4517 1141 4582 Basilii
1152 4516 1250 4599 uvolgo
1271 4520 1342 4583 Am·
