3044 4912
720 194 794 267 344

432 376 503 445 Καὶ
523 381 584 443 τοῦ
605 371 759 444 διακόνου
782 369 936 453 εἰπόντος
956 368 1085 463 ἠρέμα·
1428 452 1430 468 Ι

209 490 285 558 Τοῦ
310 479 453 580 Κυρίου
479 479 694 577 δεηδῶμεν·
721 494 810 581 λέγει
832 488 849 560 ό
874 488 979 577 ἱερεύς
999 491 1059 581 τὴν
1079 488 1251 582 εύχὴντῆς
1265 488 1384 571 είςόδον
1428 469 1430 484 ¹

121 604 297 686 μυστικῶς.
1428 581 1430 602 ¹

205 702 375 777 Δέσποτα
400 696 526 795 Κύριε,
560 698 579 773 ό
610 698 697 782 Θεὸς
727 698 849 795 ἡμῶν,
883 697 903 771 ό
936 695 1169 794 καταστήσας
1201 703 1245 773 έν
1280 700 1384 799 ούρα-

121 810 202 888 νοῒς
232 799 423 904 νύγματα,
458 801 519 874 καὶ
553 800 727 896 στρατιὰς
759 799 926 900 ἀγγέλων
959 800 1023 874 καὶ
1055 801 1311 929 ἀρχαγγέλων,
1342 806 1384 885 εἰς

122 904 354 1007 λειτουργίαν
385 910 450 998 τῆς
482 912 547 998 σῆς
580 900 700 999 δόξης,
733 902 900 997 ποίησον,
934 902 1006 976 σὺν
1036 910 1081 998 τῇ
1115 902 1246 1000 ελςοδῳ
1271 902 1383 999 ἡμῶν,

122 1006 264 1092 ε’ίςοδον
295 1004 415 1106 ἁγίων
449 1006 616 1105 ἀγγέλων
648 1004 839 1104 γενέσθαι,
872 1001 1258 1130 σολλειτουργούντων
1290 1004 1383 1100 ἡμῖν,

121 1109 186 1184 καὶ
210 1104 585 1207 σννδοξολογούντων
609 1104 677 1202 τὴν
704 1105 773 1201 σὴν
799 1102 1030 1204 τἰγαθύτητα.
1072 1108 1155 1183 Ὁτι
1182 1106 1310 1201 πρέπει
1334 1132 1383 1180 σοι

121 1218 225 1285 πᾶσα
257 1208 362 1298 δόξα,
394 1208 495 1305 τιμὴ,
527 1207 591 1281 καὶ
616 1203 869 1303 προςκύνησις,
901 1215 955 1303 τῷ
981 1207 1105 1303 πατρί,
1137 1208 1201 1281 καὶ
1226 1216 1281 1305 τῷ
1307 1208 1383 1305 υἱῷ,

120 1312 184 1387 καί
218 1320 273 1407 τῷ
309 1309 405 1410 ἁγίῳ
440 1305 623 1404 πνεύματι
658 1316 730 1382 νῦν
764 1308 828 1383 καί
864 1308 933 1396 ἀεὶ,
969 1308 1033 1382 καὶ
1064 1315 1114 1393 εἰς
1138 1308 1227 1392 τοὺς
1254 1315 1384 1393 αἰῶνας
1427 1303 1430 1314 ’

119 1422 201 1491 τῶν
226 1407 387 1486 αλαίνων.
1428 1505 1430 1515 Ι

210 1550 279 1631 Τῆς
313 1538 409 1631 εύχῆς
442 1540 480 1609 δὲ
506 1538 719 1631 τελεσθείσης
745 1540 833 1629 λέγει
863 1538 881 1609 ό
911 1538 1064 1621 διάκονος
1089 1542 1176 1629 πρὸς
1203 1542 1262 1610 τὸν
1290 1538 1383 1633 ἱερέα,

122 1641 278 1716 δεικνύων
297 1642 384 1733 πρὸς
405 1640 568 1723 ἀνατολὰς
588 1648 628 1731 τῇ
649 1646 752 1735 δεξιᾷ,
779 1649 906 1732 κρατῶν
928 1640 998 1730 ἅμα
1018 1644 1134 1711 καὶτὸ
1157 1640 1303 1732 ὦρόριον
1322 1650 1388 1724 τοῖς

121 1745 211 1834 τρισὶ
233 1742 427 1824 δακτύλοις·

204 1844 431 1949 Εόλόγησον,
459 1847 632 1937 δέσποτα,
658 1848 729 1946 τὴν
748 1847 862 1950 ἁγίαν
878 1847 1030 1931 είςοδον.
1063 1864 1133 1931 Καὶ
1161 1862 1180 1931 ὁ
1210 1862 1318 1952 ἱερεὺς
1338 1860 1385 1932 εὖ.

120 1950 228 2037 λογιῦν
248 1948 352 2037 λέγει·

203 2050 441 2155 Εὐλογημένη
465 2050 488 2147 ἡ
515 2050 651 2135 ε’ίςοδος
675 2059 754 2125 τῶν
780 2050 899 2152 ἁγίων
926 2075 1007 2140 σου,
1033 2050 1204 2140 πάντοτε,
1233 2061 1307 2129 νῦν
1330 2052 1388 2129 καὶ

122 2152 192 2243 ἀεὶ,
217 2154 281 2229 καὶ
306 2159 356 2237 εἷς
380 2151 467 2235 τοὺς
493 2157 633 2237 αἰῶνας
657 2161 736 2226 τῶν
762 2150 922 2226 αἰώνων.

205 2264 284 2339 Εἶθ’
308 2266 413 2349 ούτως
427 2264 609 2355 ἀπέρχεται
622 2268 709 2357 πρὸς
722 2268 780 2336 τόν
794 2264 974 2355 ἡγούμενον
989 2264 1007 2336 ό
1023 2267 1185 2351 διάκονος,
1207 2274 1264 2340 καὶ
1282 2268 1388 2341 ἀσπό-

122 2371 215 2453 ζεται
235 2369 274 2438 τὸ
296 2367 496 2457 εύαγγέλιον,
520 2366 551 2437 εί
572 2366 731 2455 πάρεστι·
754 2364 818 2437 εἶτ’
842 2362 899 2437 οὖν
921 2366 1107 2451 ἀσπάζεται
1124 2379 1223 2440 τοῦτο
1239 2371 1259 2441 ό
1275 2373 1387 2463 ἱερεύς.

205 2471 451 2560 Πληρωθέντος
472 2470 509 2537 δὲ
530 2474 591 2536 τοῦ
612 2467 802 2538 τελειταίοιΙ
824 2469 1019 2560 τροπαρίοι·,
1043 2470 1222 2561 είςέρχεται
1244 2473 1389 2545 όδτόκο-

120 2598 177 2652 νος
204 2569 253 2650 εἰς
279 2572 317 2636 τὸ
343 2571 456 2656 μέσον,
484 2570 541 2637 καὶ
569 2571 650 2649 στὰς
675 2568 869 2659 έζιιπροσθεν
896 2577 956 2638 τοῦ
979 2571 1101 2661 ἱερέως,
1131 2572 1258 2665 όντψοῖ
1277 2578 1389 2667 μικρόν

120 2673 181 2753 τὰς
199 2678 322 2757 χεῖρας,
343 2671 400 2739 καὶ
422 2668 577 2738 δεικνύων
598 2672 636 2737 τὸ
659 2669 753 2758 όίγιον
774 2669 973 2760 εέαγγέλιον,
997 2674 1084 2761 λέγει
1104 2678 1368 2767 μεγαλοφιόνως·

206 2774 350 2872 Σοηία,
379 2773 501 2871 ὀρθοί.

205 2886 290 2959 Εἶτα
317 2887 544 2980 προςκονήσας
571 2888 671 2971 αύτός
700 2917 746 2971 τε,
774 2893 831 2959 καί
861 2890 879 2959 ὁ
910 2891 1015 2980 ἱερεύς
1040 2892 1250 2963 κατόπισθεν
1279 2894 1383 2977 αἰτοῦ,

121 2991 319 3081 είςέρχονται
349 2991 397 3071 είς
424 2993 462 3060 τὸ
491 2991 584 3079 ἅγιον
613 3000 714 3083 βῆμα,
743 2993 800 3061 καὶ
825 2990 844 3061 ὁ
871 2996 932 3079 μὲν
964 2992 1116 3074 διάκονος
1144 2992 1331 3087 όποιίθησι
1351 2998 1383 3065 τό

120 3092 216 3181 ι’ίγιον
237 3091 426 3181 εέαγγέλιον
448 3094 482 3162 έν
503 3102 543 3184 τῆ
565 3092 643 3184 ἆγίρ
663 3096 820 3186 τραπέζῃ,
843 3094 877 3163 οί
900 3097 937 3163 δέ·
960 3094 1085 3185 ψάλται
1109 3097 1241 3185 λέγουσι
1260 3101 1302 3167 τὰ
1316 3124 1383 3167 στι·-

121 3192 190 3285 ήθη
220 3195 404 3283 τροττόρια·
431 3196 487 3262 καὶ
515 3194 571 3262 ὅτε
598 3194 744 3265 ἔλθωσιν
771 3196 820 3276 είς
847 3198 884 3265 τὸ
915 3197 1058 3286 ύστερον,
1086 3198 1175 3285 λέγει
1198 3198 1216 3267 ὁ
1241 3200 1381 3279 διάκονος

120 3322 208 3385 προς
236 3298 293 3363 τὸν
322 3295 423 3383 ἱερέα,
450 3294 568 3363 κλίνων
597 3295 666 3383 ἃμα
693 3299 751 3386 τὴν
777 3300 934 3389 κεφαλὴ-ν,
962 3308 1089 3388 κρατῶν
1109 3302 1166 3369 καί
1187 3303 1226 3371 τὸ
1249 3301 1380 3391 ιόρύριον

121 3400 156 3468 έν
178 3405 217 3488 τῇ
236 3400 322 3485 χειρὶ
343 3403 415 3476 τοῖς
435 3398 524 3484 τρισί
546 3397 740 3479 δακτύλοις·

206 3500 434 3603 Εόλύγησον,
461 3501 633 3591 δέσποτα,
660 3503 728 3578 τὸν
752 3503 883 3599 καιρὸν
907 3513 975 3579 τοῦ
1000 3505 1199 3607 τριςαγίου.

402 3668 473 3735 Καί
494 3664 512 3735 ό
536 3665 642 3754 ἱερεύς
662 3667 850 3759 σφραγίζων
873 3666 982 3751 αὐτὸν,
1005 3670 1109 3757 λέγει·

195 3773 279 3849 Ὅτι
306 3772 409 3873 ἅγιος
435 3772 465 3845 εἶ
493 3772 512 3844 ὁ
542 3773 629 3855 (νεὸς
653 3777 773 3869 ἡμῶν,
800 3772 969 3861 πάντοτε,
997 3775 1058 3849 καί
1083 3784 1168 3864 νῦν,
1195 3780 1258 3851 καὶ
1282 3775 1341 3850 εἰεί.

205 3888 277 3956 Καὶ
297 3886 536 3978 πληρωθέντος
555 3896 615 3956 τοῦ
636 3888 831 3977 τροπαρίοε,
855 3888 984 3976 ἔρχεται
1005 3887 1023 3957 ὁ
1046 3888 1200 3972 διάκονος
1222 3891 1372 3981 έγγίςτῶν

122 3984 223 4075 ἁγίων
244 3995 367 4075 θερῶν,
389 3989 445 4056 καί
468 3988 621 4057 δεικνύων
642 3992 680 4057 τὸ
703 3990 846 4080 ιύρόριον
866 3993 1080 4079 πρῶτονμὲν
1101 3994 1188 4081 πρὸς
1208 3994 1267 4083 τὴν
1280 3986 1371 4061 εἰκόνα

122 4096 182 4157 τοῦ
202 4098 361 4175 Χριστοῦ,
385 4090 488 4177 λέγει·

204 4190 330 4288 Κύριε,
359 4202 483 4268 σῶσον
509 4196 595 4277 τοὺς
620 4197 793 4293 εὐσεβεῖς,
819 4196 883 4271 καὶ
908 4195 1115 4275 ἐπάκουσον
1137 4199 1252 4296 ἡμῶν.

205 4304 290 4375 Εἶτα
312 4308 440 4395 εἰτόγει,
463 4311 566 4397 λέγων
587 4312 674 4397 πρὸς
695 4312 772 4391 τοὺς
793 4312 886 4394 έκτός
906 4314 1160 4408 μεγαλοφώνως.

206 4412 280 4483 Καὶ
306 4418 354 4494 εἰς
385 4413 466 4496 τοίς
492 4420 632 4496 αἰῶνας
663 4425 735 4491 τῶν
762 4414 922 4493 αἰώνων.
