<?xml version="1.0" encoding="UTF-8"?>
<!DOCTYPE html PUBLIC "-//W3C//DTD XHTML 1.0 Transitional//EN"
    "http://www.w3.org/TR/xhtml1/DTD/xhtml1-transitional.dtd">
<html xmlns="http://www.w3.org/1999/xhtml" xml:lang="en" lang="en">
 <head>
  <title>
</title>
<meta http-equiv="Content-Type" content="text/html;charset=utf-8" />
  <meta name='ocr-system' content='tesseract 3.04.00' />
  <meta name='ocr-capabilities' content='ocr_page ocr_carea ocr_par ocr_line ocrx_word'/>
</head>
<body>
  <div class='ocr_page' id='page_1' title='image "./codexliturgicus05danigoog_0663.png"; bbox 0 0 3044 4912; ppageno 0'>
   <div class='ocr_carea' id='block_1_1' title="bbox 673 248 746 323">
    <p class='ocr_par' dir='ltr' id='par_1_1' title="bbox 673 248 746 323">
     <span class='ocr_line' id='line_1_1' title="bbox 673 248 746 323; baseline -0.055 0"><span class='ocrx_word' id='word_1_1' title='bbox 673 248 746 323; x_wconf 77' lang='lat'><strong><em>626</em></strong></span> 
     </span>
    </p>
   </div>
   <div class='ocr_carea' id='block_1_2' title="bbox 101 421 1346 3133">
    <p class='ocr_par' dir='ltr' id='par_1_2' title="bbox 419 421 998 515">
     <span class='ocr_line' id='line_1_2' title="bbox 419 421 998 515; baseline 0 -22"><span class='ocrx_word' id='word_1_2' title='bbox 419 423 531 494; x_wconf 84' lang='lat' dir='ltr'>Ka6‘</span> <span class='ocrx_word' id='word_1_3' title='bbox 511 452 529 495; x_wconf 95' lang='grc' dir='ltr'><strong><em>ο</em></strong></span> <span class='ocrx_word' id='word_1_4' title='bbox 554 424 660 514; x_wconf 75' lang='grc' dir='ltr'><strong><em>ἱερεὺς</em></strong></span> <span class='ocrx_word' id='word_1_5' title='bbox 680 422 793 513; x_wconf 78' lang='grc' dir='ltr'><strong><em>τρίτος</em></strong></span> <span class='ocrx_word' id='word_1_6' title='bbox 812 426 871 515; x_wconf 85' lang='grc' dir='ltr'><strong><em>τῆν</em></strong></span> <span class='ocrx_word' id='word_1_7' title='bbox 893 421 998 515; x_wconf 77' lang='grc' dir='ltr'><strong><em>εὐχήν.</em></strong></span> 
     </span>
    </p>

    <p class='ocr_par' dir='ltr' id='par_1_3' title="bbox 101 525 1346 1037">
     <span class='ocr_line' id='line_1_3' title="bbox 153 525 1346 659; baseline -0.001 -53"><span class='ocrx_word' id='word_1_8' title='bbox 153 530 324 607; x_wconf 79' lang='grc' dir='ltr'><em>Δέσποτα</em></span> <span class='ocrx_word' id='word_1_9' title='bbox 352 527 623 628; x_wconf 80' lang='grc' dir='ltr'><strong><em>παντοκράτορ,</em></strong></span> <span class='ocrx_word' id='word_1_10' title='bbox 650 528 731 659; x_wconf 78' lang='grc' dir='ltr'><strong><em>ἅγιε</em></strong></span> <span class='ocrx_word' id='word_1_11' title='bbox 755 530 925 627; x_wconf 80' lang='grc' dir='ltr'><strong><em>βασιλεῦ,</em></strong></span> <span class='ocrx_word' id='word_1_12' title='bbox 953 525 1182 605; x_wconf 77' lang='grc' dir='ltr'><strong><em>ὅπαιιίεόων</em></strong></span> <span class='ocrx_word' id='word_1_13' title='bbox 1211 528 1346 628; x_wconf 81' lang='grc' dir='ltr'><strong><em>καὶμὴ</em></strong></span> 
     </span>
     <span class='ocr_line' id='line_1_4' title="bbox 101 630 1342 731; baseline -0.001 -22"><span class='ocrx_word' id='word_1_14' title='bbox 101 640 268 722; x_wconf 80' lang='grc' dir='ltr'><strong><em>ανατιόν,</em></strong></span> <span class='ocrx_word' id='word_1_15' title='bbox 305 660 325 707; x_wconf 92' lang='grc' dir='ltr'><strong><em>ο</em></strong></span> <span class='ocrx_word' id='word_1_16' title='bbox 312 630 609 728; x_wconf 71' lang='grc' dir='ltr'><strong><em>“ὑποστηρίζων</em></strong></span> <span class='ocrx_word' id='word_1_17' title='bbox 632 631 721 717; x_wconf 82' lang='grc' dir='ltr'><strong><em>τοὺς</em></strong></span> <span class='ocrx_word' id='word_1_18' title='bbox 744 631 1045 715; x_wconf 76' lang='grc' dir='ltr'><strong><em>καταπίπτοντας</em></strong></span> <span class='ocrx_word' id='word_1_19' title='bbox 1070 631 1133 706; x_wconf 83' lang='grc' dir='ltr'><strong><em>καὶ</em></strong></span> <span class='ocrx_word' id='word_1_20' title='bbox 1158 633 1342 731; x_wconf 75' lang='grc' dir='ltr'><strong><em>ἀνορθῶν</em></strong></span> 
     </span>
     <span class='ocr_line' id='line_1_5' title="bbox 101 731 1345 861; baseline 0.001 -50"><span class='ocrx_word' id='word_1_21' title='bbox 101 734 158 819; x_wconf 81' lang='grc' dir='ltr'><strong><em>ιὺς</em></strong></span> <span class='ocrx_word' id='word_1_22' title='bbox 181 733 555 861; x_wconf 64' lang='grc' dir='ltr'><strong><em>κατεῤῥαγμὲνους,“</em></strong></span> <span class='ocrx_word' id='word_1_23' title='bbox 537 763 558 809; x_wconf 94' lang='grc' dir='ltr'><strong><em>ο</em></strong></span> <span class='ocrx_word' id='word_1_24' title='bbox 583 732 651 819; x_wconf 79' lang='grc' dir='ltr'><strong><em>τὰς</em></strong></span> <span class='ocrx_word' id='word_1_25' title='bbox 675 731 888 831; x_wconf 84' lang='grc' dir='ltr'><strong><em>σωματικὰς</em></strong></span> <span class='ocrx_word' id='word_1_26' title='bbox 907 732 1055 831; x_wconf 78' lang='grc' dir='ltr'><strong><em>θλίψεις</em></strong></span> <span class='ocrx_word' id='word_1_27' title='bbox 1072 731 1345 861; x_wconf 78' lang='grc' dir='ltr'><strong><em>διορθούμενος</em></strong></span> 
     </span>
     <span class='ocr_line' id='line_1_6' title="bbox 101 832 1344 963; baseline -0.001 -51"><span class='ocrx_word' id='word_1_28' title='bbox 101 846 149 913; x_wconf 88' lang='lat'><strong><em>67</em></strong></span> <span class='ocrx_word' id='word_1_29' title='bbox 175 832 408 934; x_wconf 80' lang='grc' dir='ltr'><strong><em>ἀνθρώπων,</em></strong></span> <span class='ocrx_word' id='word_1_30' title='bbox 435 832 646 931; x_wconf 78' lang='grc' dir='ltr'><strong><em>αλτοόμεθοί</em></strong></span> <span class='ocrx_word' id='word_1_31' title='bbox 673 860 742 913; x_wconf 92' lang='grc' dir='ltr'><strong><em>σου</em></strong></span> <span class='ocrx_word' id='word_1_32' title='bbox 769 866 788 910; x_wconf 92' lang='grc' dir='ltr'><strong><em>ο</em></strong></span> <span class='ocrx_word' id='word_1_33' title='bbox 775 834 950 919; x_wconf 77' lang='lat'>“6669</span> <span class='ocrx_word' id='word_1_34' title='bbox 929 843 1052 933; x_wconf 80' lang='grc' dir='ltr'><strong><em>ημῶν,</em></strong></span> <span class='ocrx_word' id='word_1_35' title='bbox 1079 832 1178 919; x_wconf 83' lang='grc' dir='ltr'><strong><em>ὅπως</em></strong></span> <span class='ocrx_word' id='word_1_36' title='bbox 1203 834 1344 963; x_wconf 76' lang='grc' dir='ltr'><strong><em>ἐπαγό-</em></strong></span> 
     </span>
     <span class='ocr_line' id='line_1_7' title="bbox 101 933 1345 1065; baseline 0.002 -53"><span class='ocrx_word' id='word_1_37' title='bbox 101 967 137 1065; x_wconf 87' lang='grc' dir='ltr'><strong><em>ης</em></strong></span> <span class='ocrx_word' id='word_1_38' title='bbox 173 938 216 1014; x_wconf 89' lang='grc' dir='ltr'><strong><em>τὸ</em></strong></span> <span class='ocrx_word' id='word_1_39' title='bbox 249 933 346 1021; x_wconf 76' lang='grc' dir='ltr'><strong><em>ἔλεός</em></strong></span> <span class='ocrx_word' id='word_1_40' title='bbox 372 961 440 1012; x_wconf 92' lang='grc' dir='ltr'><strong><em>σου</em></strong></span> <span class='ocrx_word' id='word_1_41' title='bbox 467 936 525 1011; x_wconf 81' lang='grc' dir='ltr'><strong><em>ἐπὶ</em></strong></span> <span class='ocrx_word' id='word_1_42' title='bbox 550 936 593 1012; x_wconf 88' lang='grc' dir='ltr'><strong><em>τὸ</em></strong></span> <span class='ocrx_word' id='word_1_43' title='bbox 618 939 742 1013; x_wconf 78' lang='grc' dir='ltr'><strong><em>ἔλαιον</em></strong></span> <span class='ocrx_word' id='word_1_44' title='bbox 766 945 892 1027; x_wconf 85' lang='grc' dir='ltr'><strong><em>τοῦτο,</em></strong></span> <span class='ocrx_word' id='word_1_45' title='bbox 925 935 989 1012; x_wconf 84' lang='grc' dir='ltr'><strong><em>καὶ</em></strong></span> <span class='ocrx_word' id='word_1_46' title='bbox 1013 935 1101 1021; x_wconf 81' lang='grc' dir='ltr'><strong><em>τοὺς</em></strong></span> <span class='ocrx_word' id='word_1_47' title='bbox 1122 938 1345 1036; x_wconf 75' lang='grc' dir='ltr'><strong><em>χρωμένους</em></strong></span> 
     </span>
    </p>

    <p class='ocr_par' dir='ltr' id='par_1_4' title="bbox 101 1035 1345 2458">
     <span class='ocr_line' id='line_1_8' title="bbox 101 1035 1345 1141; baseline 0.002 -26.1"><span class='ocrx_word' id='word_1_48' title='bbox 101 1040 261 1123; x_wconf 68' lang='grc' dir='ltr'><strong><em>ταύτοῦ</em></strong></span> <span class='ocrx_word' id='word_1_49' title='bbox 294 1043 335 1113; x_wconf 76' lang='grc' dir='ltr'><strong><em>ἐν</em></strong></span> <span class='ocrx_word' id='word_1_50' title='bbox 368 1047 422 1136; x_wconf 80' lang='grc' dir='ltr'><strong><em>τῷ</em></strong></span> <span class='ocrx_word' id='word_1_51' title='bbox 449 1035 607 1131; x_wconf 80' lang='grc' dir='ltr'><strong><em>ὀνόματί</em></strong></span> <span class='ocrx_word' id='word_1_52' title='bbox 633 1063 715 1129; x_wconf 91' lang='grc' dir='ltr'><strong><em>σου,</em></strong></span> <span class='ocrx_word' id='word_1_53' title='bbox 747 1040 812 1115; x_wconf 77' lang='grc' dir='ltr'><strong><em>ἵνα</em></strong></span> <span class='ocrx_word' id='word_1_54' title='bbox 837 1038 988 1141; x_wconf 85' lang='grc' dir='ltr'><strong><em>γίνηται</em></strong></span> <span class='ocrx_word' id='word_1_55' title='bbox 1013 1039 1142 1123; x_wconf 71' lang='grc' dir='ltr'><strong><em>αὐτοῖς</em></strong></span> <span class='ocrx_word' id='word_1_56' title='bbox 1166 1042 1260 1124; x_wconf 77' lang='grc' dir='ltr'><strong><em>ελς”</em></strong></span> <span class='ocrx_word' id='word_1_57' title='bbox 1241 1065 1345 1118; x_wconf 88' lang='grc' dir='ltr'><strong><em>ιασιν</em></strong></span> 
     </span>
     <span class='ocr_line' id='line_1_9' title="bbox 101 1137 1344 1272; baseline -0.002 -54"><span class='ocrx_word' id='word_1_58' title='bbox 101 1150 194 1240; x_wconf 82' lang='grc' dir='ltr'><strong><em>υχῆς</em></strong></span> <span class='ocrx_word' id='word_1_59' title='bbox 225 1170 264 1215; x_wconf 86' lang='grc' dir='ltr'><strong><em>τε</em></strong></span> <span class='ocrx_word' id='word_1_60' title='bbox 294 1138 359 1215; x_wconf 87' lang='grc' dir='ltr'><strong><em>καὶ</em></strong></span> <span class='ocrx_word' id='word_1_61' title='bbox 385 1137 568 1236; x_wconf 87' lang='grc' dir='ltr'><strong><em>συίιιατος,</em></strong></span> <span class='ocrx_word' id='word_1_62' title='bbox 604 1140 669 1216; x_wconf 79' lang='grc' dir='ltr'><strong><em>καὶ</em></strong></span> <span class='ocrx_word' id='word_1_63' title='bbox 694 1147 744 1224; x_wconf 75' lang='grc' dir='ltr'><strong><em>εἰς</em></strong></span> <span class='ocrx_word' id='word_1_64' title='bbox 768 1139 1029 1269; x_wconf 80' lang='grc' dir='ltr'><strong><em>καθαρισμὸν</em></strong></span> <span class='ocrx_word' id='word_1_65' title='bbox 1036 1139 1100 1216; x_wconf 83' lang='grc' dir='ltr'><strong><em>καὶ</em></strong></span> <span class='ocrx_word' id='word_1_66' title='bbox 1126 1140 1344 1272; x_wconf 79' lang='grc' dir='ltr'><strong><em>ἀπαλλαγῆν</em></strong></span> 
     </span>
     <span class='ocr_line' id='line_1_10' title="bbox 101 1239 1343 1339; baseline -0.002 -18"><span class='ocrx_word' id='word_1_67' title='bbox 101 1243 213 1329; x_wconf 84' lang='grc' dir='ltr'><strong><em>αντὸς</em></strong></span> <span class='ocrx_word' id='word_1_68' title='bbox 237 1239 401 1330; x_wconf 85' lang='grc' dir='ltr'><strong><em>πόθους,</em></strong></span> <span class='ocrx_word' id='word_1_69' title='bbox 427 1241 490 1316; x_wconf 85' lang='grc' dir='ltr'><strong><em>καὶ</em></strong></span> <span class='ocrx_word' id='word_1_70' title='bbox 516 1241 635 1339; x_wconf 82' lang='grc' dir='ltr'><em>πάσης</em></span> <span class='ocrx_word' id='word_1_71' title='bbox 658 1242 775 1318; x_wconf 90' lang='grc' dir='ltr'><strong><em>νόσου</em></strong></span> <span class='ocrx_word' id='word_1_72' title='bbox 799 1242 863 1318; x_wconf 83' lang='grc' dir='ltr'><strong><em>καὶ</em></strong></span> <span class='ocrx_word' id='word_1_73' title='bbox 889 1239 1085 1335; x_wconf 81' lang='grc' dir='ltr'><strong><em>μαλακίας,</em></strong></span> <span class='ocrx_word' id='word_1_74' title='bbox 1115 1242 1179 1318; x_wconf 80' lang='grc' dir='ltr'><strong><em>καὶ</em></strong></span> <span class='ocrx_word' id='word_1_75' title='bbox 1204 1242 1343 1328; x_wconf 81' lang='grc' dir='ltr'><strong><em>παντὸς</em></strong></span> 
     </span>
     <span class='ocr_line' id='line_1_11' title="bbox 101 1340 1344 1473; baseline 0 -52"><span class='ocrx_word' id='word_1_76' title='bbox 101 1352 265 1440; x_wconf 83' lang='grc' dir='ltr'><strong><em>ολυσμοῦ</em></strong></span> <span class='ocrx_word' id='word_1_77' title='bbox 292 1343 427 1442; x_wconf 86' lang='grc' dir='ltr'><strong><em>σαρκὸς</em></strong></span> <span class='ocrx_word' id='word_1_78' title='bbox 452 1343 515 1418; x_wconf 82' lang='grc' dir='ltr'><strong><em>καὶ</em></strong></span> <span class='ocrx_word' id='word_1_79' title='bbox 540 1340 760 1439; x_wconf 81' lang='grc' dir='ltr'><strong><em>πνεύματος.</em></strong></span> <span class='ocrx_word' id='word_1_80' title='bbox 813 1344 900 1435; x_wconf 85' lang='grc' dir='ltr'><strong><em>Ναὶ,</em></strong></span> <span class='ocrx_word' id='word_1_81' title='bbox 927 1340 1053 1438; x_wconf 85' lang='grc' dir='ltr'><strong><em>Κύριε,</em></strong></span> <span class='ocrx_word' id='word_1_82' title='bbox 1079 1343 1148 1441; x_wconf 86' lang='grc' dir='ltr'><strong><em>τῆν</em></strong></span> <span class='ocrx_word' id='word_1_83' title='bbox 1173 1341 1344 1473; x_wconf 74' lang='grc' dir='ltr'><strong><em>ἰατρικήν</em></strong></span> 
     </span>
     <span class='ocr_line' id='line_1_12' title="bbox 101 1442 1341 1574; baseline -0.002 -51"><span class='ocrx_word' id='word_1_84' title='bbox 101 1476 139 1523; x_wconf 81' lang='grc' dir='ltr'><strong><em>τυ</em></strong></span> <span class='ocrx_word' id='word_1_85' title='bbox 173 1442 340 1537; x_wconf 78' lang='grc' dir='ltr'><strong><em>δύναμιν</em></strong></span> <span class='ocrx_word' id='word_1_86' title='bbox 373 1443 587 1543; x_wconf 84' lang='grc' dir='ltr'><strong><em>οὐρανόθεν</em></strong></span> <span class='ocrx_word' id='word_1_87' title='bbox 616 1444 887 1574; x_wconf 65' lang='grc' dir='ltr'><strong><em>όξαπόστειλον,</em></strong></span> <span class='ocrx_word' id='word_1_88' title='bbox 923 1444 1019 1543; x_wconf 83' lang='grc' dir='ltr'><strong><em>ἅιμαι</em></strong></span> <span class='ocrx_word' id='word_1_89' title='bbox 1054 1453 1123 1521; x_wconf 85' lang='grc' dir='ltr'><strong><em>τοῦ</em></strong></span> <span class='ocrx_word' id='word_1_90' title='bbox 1157 1442 1341 1542; x_wconf 79' lang='grc' dir='ltr'><strong><em>σώματος,</em></strong></span> 
     </span>
     <span class='ocr_line' id='line_1_13' title="bbox 101 1544 1339 1646; baseline -0.002 -22"><span class='ocrx_word' id='word_1_91' title='bbox 101 1548 208 1624; x_wconf 72' lang='grc' dir='ltr'><strong><em>θέσαν</em></strong></span> <span class='ocrx_word' id='word_1_92' title='bbox 232 1547 300 1623; x_wconf 86' lang='grc' dir='ltr'><strong><em>τὸν</em></strong></span> <span class='ocrx_word' id='word_1_93' title='bbox 325 1546 497 1645; x_wconf 87' lang='grc' dir='ltr'><strong><em>πυρετόν,</em></strong></span> <span class='ocrx_word' id='word_1_94' title='bbox 531 1544 704 1646; x_wconf 85' lang='grc' dir='ltr'><strong><em>προίῦνυν</em></strong></span> <span class='ocrx_word' id='word_1_95' title='bbox 735 1546 778 1622; x_wconf 83' lang='grc' dir='ltr'><strong><em>τό</em></strong></span> <span class='ocrx_word' id='word_1_96' title='bbox 805 1546 929 1631; x_wconf 84' lang='grc' dir='ltr'><strong><em>πόθος</em></strong></span> <span class='ocrx_word' id='word_1_97' title='bbox 953 1546 1018 1623; x_wconf 80' lang='grc' dir='ltr'><strong><em>καὶ</em></strong></span> <span class='ocrx_word' id='word_1_98' title='bbox 1043 1555 1171 1623; x_wconf 87' lang='grc' dir='ltr'><strong><em>πᾶσαν</em></strong></span> <span class='ocrx_word' id='word_1_99' title='bbox 1195 1549 1339 1623; x_wconf 85' lang='grc' dir='ltr'><strong><em>λανθοί-</em></strong></span> 
     </span>
     <span class='ocr_line' id='line_1_14' title="bbox 101 1645 1341 1747; baseline 0 -22"><span class='ocrx_word' id='word_1_100' title='bbox 101 1673 215 1727; x_wconf 82' lang='grc' dir='ltr'><strong><em>ιυσαν</em></strong></span> <span class='ocrx_word' id='word_1_101' title='bbox 240 1649 442 1725; x_wconf 76' lang='grc' dir='ltr'><strong><em>ἀσθένειαν</em></strong></span> <span class='ocrx_word' id='word_1_102' title='bbox 468 1648 690 1735; x_wconf 75' lang='grc' dir='ltr'><strong><em>ἀποθίωξυν.</em></strong></span> <span class='ocrx_word' id='word_1_103' title='bbox 725 1655 845 1725; x_wconf 83' lang='grc' dir='ltr'><strong><em>Γενυῢ</em></strong></span> <span class='ocrx_word' id='word_1_104' title='bbox 870 1648 997 1747; x_wconf 74' lang='grc' dir='ltr'><strong><em>ἰατρὸς</em></strong></span> <span class='ocrx_word' id='word_1_105' title='bbox 1021 1656 1089 1724; x_wconf 86' lang='grc' dir='ltr'><strong><em>τοῦ</em></strong></span> <span class='ocrx_word' id='word_1_106' title='bbox 1116 1645 1255 1725; x_wconf 80' lang='grc' dir='ltr'><strong><em>δούλου</em></strong></span> <span class='ocrx_word' id='word_1_107' title='bbox 1274 1675 1341 1726; x_wconf 92' lang='grc' dir='ltr'><strong><em>σου</em></strong></span> 
     </span>
     <span class='ocr_line' id='line_1_15' title="bbox 101 1748 1345 1880; baseline -0.001 -51"><span class='ocrx_word' id='word_1_108' title='bbox 101 1751 194 1841; x_wconf 79' lang='grc' dir='ltr'><strong><em>ιῦόε,</em></strong></span> <span class='ocrx_word' id='word_1_109' title='bbox 227 1750 405 1876; x_wconf 75' lang='grc' dir='ltr'><strong><em>ἐξέγειρον</em></strong></span> <span class='ocrx_word' id='word_1_110' title='bbox 440 1750 557 1827; x_wconf 82' lang='grc' dir='ltr'><strong><em>αὐτὸν</em></strong></span> <span class='ocrx_word' id='word_1_111' title='bbox 590 1750 663 1825; x_wconf 86' lang='grc' dir='ltr'><strong><em>ἀπὸ</em></strong></span> <span class='ocrx_word' id='word_1_112' title='bbox 696 1750 821 1848; x_wconf 84' lang='grc' dir='ltr'><strong><em>κλίνης</em></strong></span> <span class='ocrx_word' id='word_1_113' title='bbox 847 1751 1035 1846; x_wconf 75' lang='grc' dir='ltr'><strong><em>ὄδυνηρᾶς</em></strong></span> <span class='ocrx_word' id='word_1_114' title='bbox 1058 1748 1122 1825; x_wconf 81' lang='grc' dir='ltr'><strong><em>καὶ</em></strong></span> <span class='ocrx_word' id='word_1_115' title='bbox 1130 1759 1345 1880; x_wconf 82' lang='grc' dir='ltr'><strong><em>στρωμνῆς</em></strong></span> 
     </span>
     <span class='ocr_line' id='line_1_16' title="bbox 101 1850 1342 1979; baseline -0.003 -48"><span class='ocrx_word' id='word_1_116' title='bbox 101 1850 277 1942; x_wconf 80' lang='grc' dir='ltr'><strong><em>ικιόσεως,</em></strong></span> <span class='ocrx_word' id='word_1_117' title='bbox 311 1861 412 1928; x_wconf 82' lang='grc' dir='ltr'><strong><em>σῶον</em></strong></span> <span class='ocrx_word' id='word_1_118' title='bbox 444 1852 508 1927; x_wconf 81' lang='grc' dir='ltr'><strong><em>καί</em></strong></span> <span class='ocrx_word' id='word_1_119' title='bbox 541 1850 740 1979; x_wconf 85' lang='grc' dir='ltr'><strong><em>ὁλόκληρον</em></strong></span> <span class='ocrx_word' id='word_1_120' title='bbox 768 1850 924 1949; x_wconf 84' lang='grc' dir='ltr'><strong><em>χάρισαι</em></strong></span> <span class='ocrx_word' id='word_1_121' title='bbox 958 1850 1075 1926; x_wconf 81' lang='grc' dir='ltr'><strong><em>αὐτὸν</em></strong></span> <span class='ocrx_word' id='word_1_122' title='bbox 1100 1860 1146 1948; x_wconf 79' lang='grc' dir='ltr'><strong><em>τῇ</em></strong></span> <span class='ocrx_word' id='word_1_123' title='bbox 1172 1852 1342 1952; x_wconf 74' lang='grc' dir='ltr'><strong><em>ἐκκλησία</em></strong></span> 
     </span>
     <span class='ocr_line' id='line_1_17' title="bbox 101 1949 1341 2081; baseline 0.003 -49"><span class='ocrx_word' id='word_1_124' title='bbox 101 1985 152 2045; x_wconf 85' lang='grc' dir='ltr'><strong><em>ιυ,</em></strong></span> <span class='ocrx_word' id='word_1_125' title='bbox 190 1955 461 2052; x_wconf 79' lang='grc' dir='ltr'><strong><em>εὐαρεστοῦντα</em></strong></span> <span class='ocrx_word' id='word_1_126' title='bbox 494 1953 557 2028; x_wconf 83' lang='grc' dir='ltr'><strong><em>καὶ</em></strong></span> <span class='ocrx_word' id='word_1_127' title='bbox 582 1963 761 2030; x_wconf 87' lang='grc' dir='ltr'><strong><em>ποιοῦντα</em></strong></span> <span class='ocrx_word' id='word_1_128' title='bbox 786 1953 829 2026; x_wconf 89' lang='grc' dir='ltr'><strong><em>τὸ</em></strong></span> <span class='ocrx_word' id='word_1_129' title='bbox 855 1949 1003 2049; x_wconf 89' lang='grc' dir='ltr'><strong><em>θελημοί</em></strong></span> <span class='ocrx_word' id='word_1_130' title='bbox 1030 1977 1109 2027; x_wconf 90' lang='grc' dir='ltr'><strong><em>σου.</em></strong></span> <span class='ocrx_word' id='word_1_131' title='bbox 1133 1963 1341 2081; x_wconf 80' lang='grc' dir='ltr'><strong><em>Ἕκφώνως.</em></strong></span> 
     </span>
     <span class='ocr_line' id='line_1_18' title="bbox 101 2052 1342 2185; baseline -0.004 -51.984"><span class='ocrx_word' id='word_1_132' title='bbox 101 2058 154 2135; x_wconf 78' lang='grc' dir='ltr'><strong><em>’ὸν</em></strong></span> <span class='ocrx_word' id='word_1_133' title='bbox 184 2054 262 2185; x_wconf 81' lang='grc' dir='ltr'><strong><em>γάρ</em></strong></span> <span class='ocrx_word' id='word_1_134' title='bbox 288 2056 425 2130; x_wconf 84' lang='grc' dir='ltr'><strong><em>ἐστι</em></strong></span> <span class='ocrx_word' id='word_1_135' title='bbox 389 2086 432 2131; x_wconf 89' lang='grc' dir='ltr'><strong><em>το</em></strong></span> <span class='ocrx_word' id='word_1_136' title='bbox 458 2060 569 2131; x_wconf 83' lang='grc' dir='ltr'><strong><em>ελεεῖν</em></strong></span> <span class='ocrx_word' id='word_1_137' title='bbox 593 2085 657 2131; x_wconf 86' lang='grc' dir='ltr'><strong><em>και</em></strong></span> <span class='ocrx_word' id='word_1_138' title='bbox 645 2052 860 2144; x_wconf 72' lang='grc' dir='ltr'><strong><em>σιόζειν“</em></strong></span> <span class='ocrx_word' id='word_1_139' title='bbox 838 2064 938 2151; x_wconf 84' lang='grc' dir='ltr'><strong><em>ημᾶς</em></strong></span> <span class='ocrx_word' id='word_1_140' title='bbox 963 2053 982 2127; x_wconf 91' lang='lat'><strong><em>6</em></strong></span> <span class='ocrx_word' id='word_1_141' title='bbox 1012 2053 1144 2137; x_wconf 82' lang='grc' dir='ltr'><strong><em>θεὸς</em></strong></span> <span class='ocrx_word' id='word_1_142' title='bbox 1123 2063 1267 2184; x_wconf 81' lang='grc' dir='ltr'><strong><em>ημῶν,</em></strong></span> <span class='ocrx_word' id='word_1_143' title='bbox 1278 2055 1342 2131; x_wconf 82' lang='grc' dir='ltr'><strong><em>καὶ</em></strong></span> 
     </span>
     <span class='ocr_line' id='line_1_19' title="bbox 101 2154 1341 2255; baseline -0.003 -22"><span class='ocrx_word' id='word_1_144' title='bbox 101 2159 128 2234; x_wconf 84' lang='grc' dir='ltr'><strong><em>ιὶ</em></strong></span> <span class='ocrx_word' id='word_1_145' title='bbox 152 2157 223 2255; x_wconf 86' lang='grc' dir='ltr'><strong><em>τὴν</em></strong></span> <span class='ocrx_word' id='word_1_146' title='bbox 249 2155 410 2242; x_wconf 75' lang='grc' dir='ltr'><strong><em>δόξαν’</em></strong></span> <span class='ocrx_word' id='word_1_147' title='bbox 390 2160 668 2249; x_wconf 80' lang='grc' dir='ltr'><strong><em>αναπὲμποαεν,</em></strong></span> <span class='ocrx_word' id='word_1_148' title='bbox 694 2165 749 2254; x_wconf 84' lang='grc' dir='ltr'><strong><em>τιῦ</em></strong></span> <span class='ocrx_word' id='word_1_149' title='bbox 775 2155 900 2250; x_wconf 77' lang='grc' dir='ltr'><strong><em>πατρὶ,</em></strong></span> <span class='ocrx_word' id='word_1_150' title='bbox 926 2154 989 2230; x_wconf 84' lang='grc' dir='ltr'><strong><em>καὶ</em></strong></span> <span class='ocrx_word' id='word_1_151' title='bbox 1014 2163 1069 2252; x_wconf 79' lang='grc' dir='ltr'><strong><em>τιό</em></strong></span> <span class='ocrx_word' id='word_1_152' title='bbox 1094 2154 1179 2253; x_wconf 79' lang='lat'>666,</span> <span class='ocrx_word' id='word_1_153' title='bbox 1204 2157 1269 2232; x_wconf 81' lang='grc' dir='ltr'><strong><em>καὶ</em></strong></span> <span class='ocrx_word' id='word_1_154' title='bbox 1286 2165 1341 2255; x_wconf 79' lang='grc' dir='ltr'><strong><em>τιό</em></strong></span> 
     </span>
     <span class='ocr_line' id='line_1_20' title="bbox 101 2226 1341 2388; baseline -0.002 -53"><span class='ocrx_word' id='word_1_155' title='bbox 101 2260 165 2358; x_wconf 88' lang='grc' dir='ltr'><strong><em>νίῳ</em></strong></span> <span class='ocrx_word' id='word_1_156' title='bbox 192 2257 387 2388; x_wconf 82' lang='grc' dir='ltr'><strong><em>πνεύματι,</em></strong></span> <span class='ocrx_word' id='word_1_157' title='bbox 419 2267 493 2335; x_wconf 85' lang='grc' dir='ltr'><strong><em>νῦν</em></strong></span> <span class='ocrx_word' id='word_1_158' title='bbox 518 2259 582 2333; x_wconf 86' lang='grc' dir='ltr'><strong><em>καὶ</em></strong></span> <span class='ocrx_word' id='word_1_159' title='bbox 608 2260 677 2349; x_wconf 83' lang='lat'>666,</span> <span class='ocrx_word' id='word_1_160' title='bbox 704 2258 768 2334; x_wconf 82' lang='grc' dir='ltr'><strong><em>καὶ</em></strong></span> <span class='ocrx_word' id='word_1_161' title='bbox 793 2263 843 2342; x_wconf 73' lang='grc' dir='ltr'><strong><em>εἰς</em></strong></span> <span class='ocrx_word' id='word_1_162' title='bbox 867 2257 955 2341; x_wconf 83' lang='grc' dir='ltr'><strong><em>τοὺς</em></strong></span> <span class='ocrx_word' id='word_1_163' title='bbox 980 2226 1121 2341; x_wconf 79' lang='lat'>666769</span> <span class='ocrx_word' id='word_1_164' title='bbox 1146 2266 1224 2335; x_wconf 78' lang='grc' dir='ltr'><strong><em>τῶν</em></strong></span> <span class='ocrx_word' id='word_1_165' title='bbox 1250 2259 1341 2333; x_wconf 79' lang='lat'>666-</span> 
     </span>
     <span class='ocr_line' id='line_1_21' title="bbox 101 2359 332 2458; baseline -0.013 -21"><span class='ocrx_word' id='word_1_166' title='bbox 101 2390 158 2437; x_wconf 83' lang='lat'><strong><em>67.</em></strong></span> <span class='ocrx_word' id='word_1_167' title='bbox 204 2359 332 2458; x_wconf 73' lang='grc' dir='ltr'><strong><em>Ἀμήν.</em></strong></span> 
     </span>
    </p>

    <p class='ocr_par' dir='ltr' id='par_1_5' title="bbox 386 2486 1016 2581">
     <span class='ocr_line' id='line_1_22' title="bbox 386 2486 1016 2581; baseline -0.003 -20"><span class='ocrx_word' id='word_1_168' title='bbox 386 2491 423 2561; x_wconf 88' lang='grc' dir='ltr'><em>Ὁ</em></span> <span class='ocrx_word' id='word_1_169' title='bbox 444 2492 601 2581; x_wconf 78' lang='grc' dir='ltr'><strong><em>τέταρτος</em></strong></span> <span class='ocrx_word' id='word_1_170' title='bbox 623 2487 738 2581; x_wconf 83' lang='grc' dir='ltr'><strong><em>ίερεός.</em></strong></span> <span class='ocrx_word' id='word_1_171' title='bbox 780 2486 1016 2581; x_wconf 81' lang='grc' dir='ltr'><strong><em>Προκείμενον.</em></strong></span> 
     </span>
    </p>

    <p class='ocr_par' dir='ltr' id='par_1_6' title="bbox 146 2590 846 2695">
     <span class='ocr_line' id='line_1_23' title="bbox 146 2590 846 2695; baseline -0.004 -23"><span class='ocrx_word' id='word_1_172' title='bbox 146 2599 211 2672; x_wconf 87' lang='grc' dir='ltr'><strong><em>Ἕν</em></strong></span> <span class='ocrx_word' id='word_1_173' title='bbox 236 2590 259 2693; x_wconf 84' lang='grc' dir='ltr'><em>ᾗ</em></span> <span class='ocrx_word' id='word_1_174' title='bbox 286 2596 334 2670; x_wconf 85' lang='lat'><strong><em>667</em></strong></span> <span class='ocrx_word' id='word_1_175' title='bbox 358 2596 475 2695; x_wconf 80' lang='grc' dir='ltr'><strong><em>ῆμέρρ</em></strong></span> <span class='ocrx_word' id='word_1_176' title='bbox 502 2593 771 2693; x_wconf 80' lang='grc' dir='ltr'><strong><em>ἐπικαλέσωμαί</em></strong></span> <span class='ocrx_word' id='word_1_177' title='bbox 796 2620 846 2671; x_wconf 85' lang='grc' dir='ltr'><strong><em>σε.</em></strong></span> 
     </span>
    </p>

    <p class='ocr_par' dir='ltr' id='par_1_7' title="bbox 153 2695 1094 2797">
     <span class='ocr_line' id='line_1_24' title="bbox 153 2695 1094 2797; baseline -0.001 -24"><span class='ocrx_word' id='word_1_178' title='bbox 153 2710 281 2797; x_wconf 64' lang='grc' dir='ltr'><strong><em>Σείχος,</em></strong></span> <span class='ocrx_word' id='word_1_179' title='bbox 304 2695 430 2796; x_wconf 77' lang='grc' dir='ltr'><strong><em>Κύριε,</em></strong></span> <span class='ocrx_word' id='word_1_180' title='bbox 456 2695 670 2782; x_wconf 79' lang='grc' dir='ltr'><strong><em>ελςιίκουσον</em></strong></span> <span class='ocrx_word' id='word_1_181' title='bbox 695 2707 759 2794; x_wconf 89' lang='grc' dir='ltr'><strong><em>τῆς</em></strong></span> <span class='ocrx_word' id='word_1_182' title='bbox 785 2705 984 2796; x_wconf 86' lang='grc' dir='ltr'><strong><em>προςευχῆς</em></strong></span> <span class='ocrx_word' id='word_1_183' title='bbox 1008 2725 1094 2794; x_wconf 89' lang='grc' dir='ltr'><strong><em>μου.</em></strong></span> 
     </span>
    </p>

    <p class='ocr_par' dir='ltr' id='par_1_8' title="bbox 101 2827 1342 3013">
     <span class='ocr_line' id='line_1_25' title="bbox 156 2827 1342 2929; baseline 0.003 -31"><span class='ocrx_word' id='word_1_184' title='bbox 156 2831 252 2919; x_wconf 90' lang='grc' dir='ltr'><strong><em>Πρὸς</em></strong></span> <span class='ocrx_word' id='word_1_185' title='bbox 271 2828 478 2929; x_wconf 63' lang='grc' dir='ltr'><strong><em>Κορινθίους</em></strong></span> <span class='ocrx_word' id='word_1_186' title='bbox 498 2830 678 2920; x_wconf 74' lang='grc' dir='ltr'><strong><em>ἐπιστολῆς</em></strong></span> <span class='ocrx_word' id='word_1_187' title='bbox 698 2828 838 2901; x_wconf 80' lang='grc' dir='ltr'><strong><em>Παύλου</em></strong></span> <span class='ocrx_word' id='word_1_188' title='bbox 859 2832 898 2901; x_wconf 88' lang='lat'><strong><em>66</em></strong></span> <span class='ocrx_word' id='word_1_189' title='bbox 921 2827 1119 2921; x_wconf 78' lang='grc' dir='ltr'><strong><em>ἀνάγνωσμα</em></strong></span> <span class='ocrx_word' id='word_1_190' title='bbox 1147 2835 1244 2901; x_wconf 73' lang='grc' dir='ltr'><strong><em>ῙΕοο.</em></strong></span> <span class='ocrx_word' id='word_1_191' title='bbox 1267 2853 1292 2898; x_wconf 88' lang='grc' dir='ltr'><strong><em>ο.</em></strong></span> <span class='ocrx_word' id='word_1_192' title='bbox 1310 2838 1342 2913; x_wconf 86' lang='grc'><strong><em>6,</em></strong></span> 
     </span>
     <span class='ocr_line' id='line_1_26' title="bbox 101 2941 317 3013; baseline 0.009 -15"><span class='ocrx_word' id='word_1_193' title='bbox 101 2941 317 3013; x_wconf 61' lang='grc' dir='ltr'><strong><em>λ-αλλ</em></strong></span> 
     </span>
    </p>

    <p class='ocr_par' dir='ltr' id='par_1_9' title="bbox 146 3031 1089 3133">
     <span class='ocr_line' id='line_1_27' title="bbox 146 3031 1089 3133; baseline -0.004 -22"><span class='ocrx_word' id='word_1_194' title='bbox 146 3032 370 3133; x_wconf 75' lang='grc' dir='ltr'><strong><em>Ἀλληλούϊα.</em></strong></span> <span class='ocrx_word' id='word_1_195' title='bbox 418 3034 628 3120; x_wconf 78' lang='grc' dir='ltr'><strong><em>Ὑπυμένυιν</em></strong></span> <span class='ocrx_word' id='word_1_196' title='bbox 653 3034 830 3130; x_wconf 79' lang='grc' dir='ltr'><strong><em>ὑπέμεινα</em></strong></span> <span class='ocrx_word' id='word_1_197' title='bbox 856 3034 923 3109; x_wconf 86' lang='grc' dir='ltr'><strong><em>τὸν</em></strong></span> <span class='ocrx_word' id='word_1_198' title='bbox 947 3031 1089 3130; x_wconf 84' lang='grc' dir='ltr'><strong><em>κόριον.</em></strong></span> 
     </span>
    </p>
   </div>
   <div class='ocr_carea' id='block_1_3' title="bbox 152 3154 1056 3257">
    <p class='ocr_par' dir='ltr' id='par_1_10' title="bbox 152 3154 1056 3257">
     <span class='ocr_line' id='line_1_28' title="bbox 152 3154 1056 3257; baseline -0.003 -20"><span class='ocrx_word' id='word_1_199' title='bbox 152 3166 356 3257; x_wconf 81' lang='grc' dir='ltr'><strong><em>Εόαγγὲλιον</em></strong></span> <span class='ocrx_word' id='word_1_200' title='bbox 378 3166 413 3236; x_wconf 76' lang='grc' dir='ltr'><strong><em>ἐκ</em></strong></span> <span class='ocrx_word' id='word_1_201' title='bbox 434 3173 494 3234; x_wconf 83' lang='grc' dir='ltr'><strong><em>τοῦ</em></strong></span> <span class='ocrx_word' id='word_1_202' title='bbox 515 3154 809 3235; x_wconf 77' lang='grc' dir='ltr'><strong><em>κατὰΜατθαῖον</em></strong></span> <span class='ocrx_word' id='word_1_203' title='bbox 831 3172 1056 3247; x_wconf 78' lang='grc' dir='ltr'><strong><em>ο.8,14-24.</em></strong></span> 
     </span>
    </p>
   </div>
   <div class='ocr_carea' id='block_1_4' title="bbox 146 3281 1337 3801">
    <p class='ocr_par' dir='ltr' id='par_1_11' title="bbox 156 3281 1326 3801">
     <span class='ocr_line' id='line_1_29' title="bbox 596 3281 820 3365; baseline 0.005 -13.049"><span class='ocrx_word' id='word_1_204' title='bbox 596 3281 820 3365; x_wconf 86' lang='grc' dir='ltr'><strong><em>Ὁόιόκονσς.</em></strong></span> 
     </span>
     <span class='ocr_line' id='line_1_30' title="bbox 146 3385 1134 3517; baseline 0.001 -53.016"><span class='ocrx_word' id='word_1_205' title='bbox 146 3390 360 3487; x_wconf 74' lang='grc' dir='ltr'><strong><em>Ἐλέησον</em></strong></span> <span class='ocrx_word' id='word_1_206' title='bbox 340 3398 437 3486; x_wconf 84' lang='grc' dir='ltr'><strong><em>ηιιᾶς</em></strong></span> <span class='ocrx_word' id='word_1_207' title='bbox 463 3387 483 3462; x_wconf 91' lang='lat'><strong><em>6</em></strong></span> <span class='ocrx_word' id='word_1_208' title='bbox 513 3387 600 3471; x_wconf 84' lang='grc' dir='ltr'><strong><em>Θεὸς</em></strong></span> <span class='ocrx_word' id='word_1_209' title='bbox 624 3388 718 3462; x_wconf 86' lang='grc' dir='ltr'><strong><em>κατὰ</em></strong></span> <span class='ocrx_word' id='word_1_210' title='bbox 743 3387 786 3462; x_wconf 85' lang='grc' dir='ltr'><strong><em>τὸ</em></strong></span> <span class='ocrx_word' id='word_1_211' title='bbox 811 3388 906 3517; x_wconf 74' lang='grc' dir='ltr'><strong><em>μέγα</em></strong></span> <span class='ocrx_word' id='word_1_212' title='bbox 933 3385 1029 3472; x_wconf 73' lang='grc' dir='ltr'><strong><em>ἔλεός</em></strong></span> <span class='ocrx_word' id='word_1_213' title='bbox 1054 3411 1134 3465; x_wconf 88' lang='grc' dir='ltr'><strong><em>σου.</em></strong></span> 
     </span>
     <span class='ocr_line' id='line_1_31' title="bbox 147 3487 1336 3617; baseline -0.003 -50.969"><span class='ocrx_word' id='word_1_214' title='bbox 147 3495 222 3566; x_wconf 84' lang='grc' dir='ltr'><strong><em>Ἐτι</em></strong></span> <span class='ocrx_word' id='word_1_215' title='bbox 240 3489 444 3585; x_wconf 75' lang='lat'>66666666</span> <span class='ocrx_word' id='word_1_216' title='bbox 423 3489 514 3584; x_wconf 77' lang='grc' dir='ltr'><strong><em>υπίρ</em></strong></span> <span class='ocrx_word' id='word_1_217' title='bbox 533 3490 664 3578; x_wconf 74' lang='grc' dir='ltr'><strong><em>ἐλέους,</em></strong></span> <span class='ocrx_word' id='word_1_218' title='bbox 687 3488 793 3586; x_wconf 82' lang='grc' dir='ltr'><strong><em>ζωῆς,</em></strong></span> <span class='ocrx_word' id='word_1_219' title='bbox 814 3487 891 3614; x_wconf 74' lang='grc' dir='ltr'><strong><em>ελρί</em></strong></span> <span class='ocrx_word' id='word_1_220' title='bbox 894 3518 970 3588; x_wconf 86' lang='grc' dir='ltr'><strong><em>νης,</em></strong></span> <span class='ocrx_word' id='word_1_221' title='bbox 988 3489 1126 3617; x_wconf 82' lang='grc' dir='ltr'><strong><em>ὑγείας,</em></strong></span> <span class='ocrx_word' id='word_1_222' title='bbox 1144 3488 1336 3588; x_wconf 87' lang='grc' dir='ltr'><strong><em>σωτηρίας.</em></strong></span> 
     </span>
     <span class='ocr_line' id='line_1_32' title="bbox 146 3590 1176 3719; baseline -0.003 -51.955"><span class='ocrx_word' id='word_1_223' title='bbox 146 3593 251 3691; x_wconf 78' lang='grc' dir='ltr'><strong><em>Ὑπὲρ</em></strong></span> <span class='ocrx_word' id='word_1_224' title='bbox 277 3602 345 3669; x_wconf 83' lang='grc' dir='ltr'><strong><em>τοῦ</em></strong></span> <span class='ocrx_word' id='word_1_225' title='bbox 372 3595 663 3719; x_wconf 75' lang='grc' dir='ltr'><strong><em>συγχωρηθῆναι</em></strong></span> <span class='ocrx_word' id='word_1_226' title='bbox 690 3592 794 3688; x_wconf 78' lang='grc' dir='ltr'><strong><em>αὐτῶ</em></strong></span> <span class='ocrx_word' id='word_1_227' title='bbox 819 3600 896 3666; x_wconf 86' lang='grc' dir='ltr'><strong><em>πᾶν</em></strong></span> <span class='ocrx_word' id='word_1_228' title='bbox 921 3590 1176 3688; x_wconf 84' lang='grc' dir='ltr'><strong><em>πληααέλημα.</em></strong></span> 
     </span>
     <span class='ocr_line' id='line_1_33' title="bbox 153 3688 1337 3801; baseline -0.014 -22.932"><span class='ocrx_word' id='word_1_229' title='bbox 153 3707 336 3801; x_wconf 80' lang='grc' dir='ltr'><strong><em>Ἕκφώνως.</em></strong></span> <span class='ocrx_word' id='word_1_230' title='bbox 369 3694 452 3771; x_wconf 82' lang='grc' dir='ltr'><strong><em>Ὅτι</em></strong></span> <span class='ocrx_word' id='word_1_231' title='bbox 478 3690 641 3789; x_wconf 79' lang='grc' dir='ltr'><strong><em>ἐλεήμων</em></strong></span> <span class='ocrx_word' id='word_1_232' title='bbox 664 3693 728 3767; x_wconf 79' lang='grc' dir='ltr'><strong><em>καί</em></strong></span> <span class='ocrx_word' id='word_1_233' title='bbox 754 3689 1023 3792; x_wconf 77' lang='grc' dir='ltr'><strong><em>φιλάνθρωπος</em></strong></span> <span class='ocrx_word' id='word_1_234' title='bbox 1045 3690 1174 3776; x_wconf 85' lang='grc' dir='ltr'><strong><em>θεὸς</em></strong></span> <span class='ocrx_word' id='word_1_235' title='bbox 1153 3688 1337 3789; x_wconf 88' lang='grc' dir='ltr'><strong><em>υποίρχεις.</em></strong></span> 
     </span>
    </p>
   </div>
   <div class='ocr_carea' id='block_1_5' title="bbox 114 3821 1338 4391">
    <p class='ocr_par' dir='ltr' id='par_1_12' title="bbox 114 3821 1338 4368">
     <span class='ocr_line' id='line_1_34' title="bbox 594 3821 817 3905; baseline 0.005 -13.054"><span class='ocrx_word' id='word_1_236' title='bbox 594 3821 817 3905; x_wconf 74' lang='grc' dir='ltr'><strong><em>Ὁόιόλονος.</em></strong></span> 
     </span>
     <span class='ocr_line' id='line_1_35' title="bbox 159 3930 640 4029; baseline -0.008 -22"><span class='ocrx_word' id='word_1_237' title='bbox 159 3938 234 4008; x_wconf 78' lang='grc' dir='ltr'><strong><em>Τοῦ</em></strong></span> <span class='ocrx_word' id='word_1_238' title='bbox 262 3930 403 4029; x_wconf 82' lang='grc' dir='ltr'><strong><em>Κυρίου</em></strong></span> <span class='ocrx_word' id='word_1_239' title='bbox 430 3930 640 4026; x_wconf 74' lang='grc' dir='ltr'><strong><em>δεηθῶμεν.</em></strong></span> 
     </span>
     <span class='ocr_line' id='line_1_36' title="bbox 481 4057 925 4151; baseline -0.009 -20"><span class='ocrx_word' id='word_1_240' title='bbox 481 4059 590 4131; x_wconf 68' lang='grc' dir='ltr'><strong><em>Καίε</em></strong></span> <span class='ocrx_word' id='word_1_241' title='bbox 573 4087 591 4130; x_wconf 95' lang='grc' dir='ltr'><strong><em>ο</em></strong></span> <span class='ocrx_word' id='word_1_242' title='bbox 615 4059 719 4151; x_wconf 72' lang='grc' dir='ltr'><strong><em>ἱερεὺς</em></strong></span> <span class='ocrx_word' id='word_1_243' title='bbox 740 4061 799 4150; x_wconf 82' lang='grc' dir='ltr'><strong><em>τὴν</em></strong></span> <span class='ocrx_word' id='word_1_244' title='bbox 821 4057 925 4149; x_wconf 81' lang='grc' dir='ltr'><strong><em>εόχῆν.</em></strong></span> 
     </span>
     <span class='ocr_line' id='line_1_37' title="bbox 146 4157 1337 4295; baseline -0.004 -55.919"><span class='ocrx_word' id='word_1_245' title='bbox 146 4167 286 4295; x_wconf 73' lang='grc' dir='ltr'><strong><em>Ἀγαθὲ</em></strong></span> <span class='ocrx_word' id='word_1_246' title='bbox 311 4196 375 4240; x_wconf 91' lang='grc' dir='ltr'><strong><em>και</em></strong></span> <span class='ocrx_word' id='word_1_247' title='bbox 363 4164 654 4263; x_wconf 83' lang='grc' dir='ltr'><strong><em>φιλοίνθρωπε,</em></strong></span> <span class='ocrx_word' id='word_1_248' title='bbox 680 4165 908 4266; x_wconf 81' lang='grc' dir='ltr'><strong><em>εὕσπλαγχνε</em></strong></span> <span class='ocrx_word' id='word_1_249' title='bbox 925 4163 988 4238; x_wconf 82' lang='grc' dir='ltr'><strong><em>καὶ</em></strong></span> <span class='ocrx_word' id='word_1_250' title='bbox 1005 4161 1183 4251; x_wconf 82' lang='grc' dir='ltr'><strong><em>πολυίλεε,</em></strong></span> <span class='ocrx_word' id='word_1_251' title='bbox 1210 4157 1337 4259; x_wconf 86' lang='grc' dir='ltr'><strong><em>Κύριε,</em></strong></span> 
     </span>
     <span class='ocr_line' id='line_1_38' title="bbox 114 4263 1338 4391; baseline -0.005 -46"><span class='ocrx_word' id='word_1_252' title='bbox 114 4271 275 4352; x_wconf 82' lang='grc' dir='ltr'><strong><em>πολὺς</em></strong></span> <span class='ocrx_word' id='word_1_253' title='bbox 260 4299 300 4343; x_wconf 85' lang='grc' dir='ltr'><strong><em>εν</em></strong></span> <span class='ocrx_word' id='word_1_254' title='bbox 333 4269 418 4342; x_wconf 78' lang='grc' dir='ltr'><strong><em>ἐλέει</em></strong></span> <span class='ocrx_word' id='word_1_255' title='bbox 450 4268 513 4342; x_wconf 81' lang='grc' dir='ltr'><strong><em>καὶ</em></strong></span> <span class='ocrx_word' id='word_1_256' title='bbox 546 4265 759 4351; x_wconf 81' lang='grc' dir='ltr'><strong><em>πλούσιος’</em></strong></span> <span class='ocrx_word' id='word_1_257' title='bbox 744 4294 785 4341; x_wconf 83' lang='grc' dir='ltr'><strong><em>εν</em></strong></span> <span class='ocrx_word' id='word_1_258' title='bbox 811 4263 1084 4391; x_wconf 83' lang='grc' dir='ltr'><strong><em>ἀγαθότητι,</em></strong></span> <span class='ocrx_word' id='word_1_259' title='bbox 1067 4295 1086 4338; x_wconf 91' lang='grc' dir='ltr'><strong><em>ο</em></strong></span> <span class='ocrx_word' id='word_1_260' title='bbox 1113 4263 1232 4361; x_wconf 77' lang='grc' dir='ltr'><strong><em>πατὴρ</em></strong></span> <span class='ocrx_word' id='word_1_261' title='bbox 1257 4272 1338 4339; x_wconf 78' lang='grc' dir='ltr'><strong><em>τῶν</em></strong></span> 
     </span>
    </p>
   </div>
   <div class='ocr_carea' id='block_1_6' title="bbox 101 4365 1338 4574">
    <p class='ocr_par' dir='ltr' id='par_1_13' title="bbox 101 4365 1338 4574">
     <span class='ocr_line' id='line_1_39' title="bbox 101 4365 1338 4469; baseline -0.009 -20.982"><span class='ocrx_word' id='word_1_262' title='bbox 101 4400 202 4469; x_wconf 72' lang='grc' dir='ltr'><strong><em>κτιρρ</em></strong></span> <span class='ocrx_word' id='word_1_263' title='bbox 187 4379 272 4466; x_wconf 79' lang='grc' dir='ltr'><strong><em>μῶν</em></strong></span> <span class='ocrx_word' id='word_1_264' title='bbox 303 4370 366 4444; x_wconf 81' lang='grc' dir='ltr'><strong><em>καὶ</em></strong></span> <span class='ocrx_word' id='word_1_265' title='bbox 395 4369 481 4454; x_wconf 83' lang='grc' dir='ltr'><strong><em>θεὸς</em></strong></span> <span class='ocrx_word' id='word_1_266' title='bbox 512 4367 630 4465; x_wconf 82' lang='grc' dir='ltr'><strong><em>πάσης</em></strong></span> <span class='ocrx_word' id='word_1_267' title='bbox 661 4365 934 4466; x_wconf 84' lang='grc' dir='ltr'><strong><em>παρακλήσεως,</em></strong></span> <span class='ocrx_word' id='word_1_268' title='bbox 972 4365 1214 4462; x_wconf 82' lang='grc' dir='ltr'><strong><em>ὁένισχόσας</em></strong></span> <span class='ocrx_word' id='word_1_269' title='bbox 1238 4365 1338 4462; x_wconf 75' lang='grc' dir='ltr'><strong><em>ἡμᾶς</em></strong></span> 
     </span>
     <span class='ocr_line' id='line_1_40' title="bbox 101 4467 1338 4574; baseline -0.007 -24.949"><span class='ocrx_word' id='word_1_270' title='bbox 101 4475 133 4549; x_wconf 83' lang='lat'><strong><em>66</em></strong></span> <span class='ocrx_word' id='word_1_271' title='bbox 167 4482 245 4548; x_wconf 84' lang='grc' dir='ltr'><strong><em>τῶν</em></strong></span> <span class='ocrx_word' id='word_1_272' title='bbox 280 4471 399 4574; x_wconf 84' lang='grc' dir='ltr'><strong><em>ἁγίων</em></strong></span> <span class='ocrx_word' id='word_1_273' title='bbox 432 4496 501 4546; x_wconf 94' lang='grc' dir='ltr'><strong><em>σου</em></strong></span> <span class='ocrx_word' id='word_1_274' title='bbox 528 4468 757 4561; x_wconf 84' lang='grc' dir='ltr'><strong><em>ἀποστόλων,</em></strong></span> <span class='ocrx_word' id='word_1_275' title='bbox 791 4468 902 4569; x_wconf 79' lang='grc' dir='ltr'><strong><em>ἐλαίῳ</em></strong></span> <span class='ocrx_word' id='word_1_276' title='bbox 926 4467 1021 4567; x_wconf 82' lang='grc' dir='ltr'><strong><em>μετὰ</em></strong></span> <span class='ocrx_word' id='word_1_277' title='bbox 1047 4496 1247 4570; x_wconf 86' lang='grc' dir='ltr'><strong><em>προςευχης</em></strong></span> <span class='ocrx_word' id='word_1_278' title='bbox 1270 4468 1338 4552; x_wconf 85' lang='grc' dir='ltr'><strong><em>τὰς</em></strong></span> 
     </span>
    </p>
   </div>
   <div class='ocr_carea' id='block_1_7' title="bbox 0 0 1526 4912">
    <p class='ocr_par' dir='ltr' id='par_1_14' title="bbox 0 0 1526 4912">
     <span class='ocr_line' id='line_1_41' title="bbox 0 0 1526 4912; baseline 0 0"><span class='ocrx_word' id='word_1_279' title='bbox 0 0 1526 4912; x_wconf 95' lang='lat' dir='ltr'><strong><em> </em></strong></span> 
     </span>
    </p>
   </div>
  </div>
 </body>
</html>
