3044 4912
675 272 720 347 13

56 459 120 523 τῶν
145 448 494 540 ἀπομνημονεύμασιν,
517 451 539 522 ἃ
559 456 709 523 καλεῖται
730 452 914 541 εὐαγγέλια,
940 452 1044 536 οότως
1065 457 1260 542 παρέδωκαν
1283 457 1334 526 έν-

56 556 219 626 τετύλθαι
241 550 434 635 αύτοῖςτὸν
453 549 585 644 Ἰησοῦν,
616 555 760 643 λαβόντα
781 554 881 643 ἄρτον
909 552 1187 644 εῦχαριστήσαντα
1208 559 1332 628 εἰπεῖν·

60 662 176 755 Τοῦτο,
188 669 324 727 ποιεῖτε
345 658 393 739 εἷς
413 657 471 748 την
493 654 674 747 ἀνάμνησίν
695 682 777 744 μου,
810 661 961 726 τουτέστι
987 660 1026 726 τὸ
1049 661 1146 746 σῶμά
1165 684 1246 745 μου·
1277 660 1335 730 καὶ

58 762 95 826 τὸ
115 760 281 848 ποτήριον
304 755 429 846 ὁμοίως
449 758 593 846 λαβόντα
614 761 668 826 καὶ
691 754 969 847 εύχαριστήσαντα
990 760 1113 829 εἰπεῖν·
1138 761 1246 830 Τοῦτό
1261 763 1334 831 ἐστι

59 857 141 947 αἷμά
166 886 252 948 μου,
281 864 336 930 καὶ
357 861 474 947 μόνοις
496 856 609 941 αὐτοῖς
635 862 845 959 μεταδοῦναι.
854 865 876 942 ¹)
920 857 1026 948 Ὅπερ
1048 865 1102 930 καί
1124 863 1159 931 έν
1180 874 1253 944 τοῖς
1272 867 1333 932 τοῦ

58 970 183 1050 Μίθρα
204 971 400 1051 μυστηρίοις
419 964 615 1049 παρέδωκαν
636 969 792 1048 γίνεσθαι
805 961 1029 1051 μιμησάμενοι
1049 965 1082 1032 οἱ
1103 966 1245 1054 πονηροὶ
1260 968 1334 1036 δαί·

59 1086 168 1150 μονες·
194 1061 248 1133 ότι
268 1064 330 1152 γὰρ
352 1063 452 1150 ἄρτος
471 1068 526 1133 καὶ
547 1063 708 1152 ποτήριον
730 1061 850 1144 ύόατος
870 1070 1006 1133 τίθεται
1022 1065 1056 1134 ἐν
1070 1076 1145 1146 ταῖς
1158 1071 1216 1133 τοῦ
1231 1092 1334 1151 μυου-
1432 1054 1437 1064 ’

61 1175 155 1251 μένου
178 1169 329 1247 τελεταῖς
348 1162 421 1252 μετ’
446 1165 610 1254 έπελόγων
631 1169 740 1247 τινῶν,
763 1160 987 1254 ἢέπίστασθε
1000 1161 1022 1254 ἢ
1035 1173 1160 1251 μαθεῖν
1175 1167 1331 1238 δύνασθε

57 1265 167 1354 Ἡμεῖς
190 1270 227 1337 όέ
247 1269 333 1355 μετὰ
353 1273 457 1336 ταῦτα
478 1268 599 1336 λοιπὸν
621 1264 674 1337 ἀεὶ
694 1266 820 1336 τούτων
842 1262 1002 1356 ἀλλήλους
1030 1264 1331 1357 ἆναμιμνησκομεν·

60 1370 112 1438 καὶ
134 1372 168 1437 οἱ
192 1372 319 1454 ἔχοντες
340 1381 413 1450 τοῖς
434 1372 645 1456 λειπομένοις
670 1370 776 1437 πόσιν
802 1369 1057 1456 έπικουροῦμεν,
1091 1369 1147 1439 καὶ
1175 1372 1332 1456 σύνεσμεν

60 1467 215 1559 ἀλλήλοις
230 1467 291 1540 ἀεί.
325 1467 400 1540 Ἐπὶ
420 1475 509 1540 πᾶσι
528 1498 565 1540 τε
587 1467 638 1551 οἷς
658 1471 925 1559 προσφερόμεθα
947 1468 1142 1560 εὐλογοῦμεν
1158 1472 1216 1541 τόν
1230 1498 1332 1562 ποιη-

57 1574 113 1661 ria
134 1577 204 1642 τῶν
224 1573 363 1642 πάντων
386 1573 443 1642 διὰ
463 1576 521 1640 τοῦ
544 1573 617 1640 υἱοῦ
639 1569 740 1640 αῦτοῦ
758 1568 862 1660 Ἰησοῦ
883 1578 1034 1660 Χριστοῦ
1060 1574 1117 1643 καὶ
1147 1575 1203 1644 διὰ
1231 1575 1333 1645 πνεύ·

57 1700 159 1761 ματος
180 1679 242 1743 τοῦ
264 1671 369 1762 ἁγίου.
412 1683 442 1744 5.
465 1674 535 1743 Καὶ
554 1678 594 1763 τῇ
617 1678 675 1742 τοῦ
696 1670 791 1761 ἡλίου
806 1676 960 1764 λεγομένη
981 1672 1086 1765 ἡμέρᾳ
1100 1678 1235 1746 πάντων
1249 1682 1334 1746 κατὰ

57 1777 172 1857 πόλεις
194 1772 216 1865 ἢ
239 1773 359 1863 ἀγροὺς
378 1776 543 1862 μενόντων
571 1775 630 1844 irai
657 1776 697 1848 τό
718 1772 800 1844 αὐτὸ
822 1779 1009 1858 συνέλευσις
1033 1776 1173 1866 γίνεται,
1207 1779 1263 1846 καὶ
1290 1778 1334 1847 τὰ

59 1874 381 1966 ἀπομνημονεύματα
402 1881 468 1945 τῶν
490 1873 687 1946 ἀποστόλων
708 1872 730 1967 ἢ
751 1877 793 1945 τὰ
814 1880 1049 1966 συγγράμματα
1068 1885 1134 1948 τῶν
1148 1884 1332 1969 προφητῶν

58 1976 316 2067 ἂναγινώσκεται
341 1984 455 2066 μέχρις
486 1979 628 2066 ἐγχωρεῖ.
637 1983 659 2060 ²)
696 1986 725 2048 6.
749 1975 833 2047 Εἶτα
854 1987 1069 2065 παυσαμένου
1090 1986 1149 2049 τοῦ
1172 1977 1332 2068 ἀναγινώ-

58 2107 192 2163 σκοντος
213 2079 232 2148 ό
254 2080 428 2168 προεστὼς
450 2079 507 2149 διὰ
527 2081 626 2168 λόγου
646 2082 706 2168 τὴν
727 2087 908 2149 νουθεσίαν
921 2080 978 2149 καὶ
992 2081 1173 2170 πρόκλησιν
1188 2087 1247 2170 τῆς
1264 2086 1334 2161 τῶν,

56 2187 167 2252 καλῶν
188 2183 313 2252 τούτων
332 2182 503 2272 μιμήσεως
517 2193 677 2251 ποιεῖται.
715 2189 745 2251 7.
760 2181 898 2251 Ἔπειτα
913 2180 1123 2268 ἆνεστόμεθα
1137 2188 1229 2272 κοινῇ
1245 2183 1332 2252 πάν·
1411 2178 1415 2189 ’

58 2311 116 2364 τες
137 2284 194 2352 καὶ
214 2281 304 2370 εύγὰς
325 2291 513 2371 πέμπομεν.
548 2283 618 2351 Καὶ
633 2280 678 2364 ιύς
692 2291 894 2374 προέφημεν,
916 2291 1138 2369 παυσαμένων
1159 2281 1253 2372 ἡμῶν
1273 2288 1332 2374 τῆς

60 2381 156 2475 εύχῆς
178 2386 273 2473 ἄρτος
294 2392 521 2475 προσφέρεται
542 2384 598 2453 καὶ
619 2381 708 2465 οἶνος
739 2386 795 2453 καὶ
816 2383 904 2472 όόωρ
926 2385 982 2453 καὶ
1004 2381 1022 2453 ό
1044 2387 1216 2473 προεστὼς
1238 2382 1332 2473 εὐχὰς

61 2485 183 2573 ὁμοίως
204 2488 260 2555 καὶ
282 2485 497 2574 εὐχαριστίας,
521 2483 581 2573 όση
605 2488 742 2575 δύναμις
763 2485 897 2575 αότῷβ)
921 2485 1113 2574 ἀναπέμπει
1134 2489 1189 2556 καὶ
1212 2485 1229 2556 ό
1252 2489 1332 2569 λάος

130 2766 149 2824 ti
168 2766 302 2826 Hotlinp
320 2764 336 2814 i.
348 2781 368 2815 c.
386 2779 410 2828 p.
422 2763 455 2814 58
474 2763 543 2824 „Wir
561 2763 655 2813 werden
673 2764 736 2814 vrohi
755 2764 821 2814 nicht
838 2764 911 2823 ineu,
929 2779 997 2814 neon
1016 2765 1059 2814 wir
1076 2766 1221 2825 annehmen,
1238 2766 1294 2816 dass
1308 2768 1329 2818 ί.

59 2850 102 2899 das
122 2849 212 2898 ‘rorico
231 2849 334 2898 ποιεῖτε
357 2841 395 2902 εἷς
418 2841 468 2907 τὴν
491 2839 645 2913 ἀνάμνησίν
661 2854 727 2914 μου’
751 2849 805 2899 dem
830 2844 964 2897 ‘concion
986 2842 1017 2896 τὸ
1042 2842 1123 2914 σοῖμό
1139 2856 1206 2915 μου(
1229 2850 1329 2900 dashnlb

59 2935 228 2998 rorangesteiit
247 2935 295 2994 hat,
313 2933 367 2984 weil
384 2948 411 2983 er
429 2949 454 2982 es
473 2933 538 2983 nicht
556 2935 600 2982 wie
618 2933 757 2983 diecesani
773 2933 819 2983 den
838 2934 1028 2996 nachioipenden
1047 2935 1149 2994 Gonnos,
1166 2935 1272 2986 condeto
1291 2937 1333 2985 nni

59 3020 101 3068 den
121 3017 322 3081 rorangeiienden
340 3023 383 3069 Act
400 3017 443 3068 rico
460 3011 631 3083 εὐχαριστεῖν
647 3017 752 3080 bernger
777 3018 825 3068 uod
843 3018 879 3068 eis
897 3021 950 3068 eine
967 3019 1110 3080 Anwaisnng
1128 3021 1167 3068 ittr
1184 3019 1267 3070 diesen
1287 3021 1331 3070 ba·

59 3105 157 3153 trachtet
176 3104 243 3154 hot.“

126 3189 152 3245 2)
171 3187 306 3249 togncti
325 3187 419 3237 [tenir.
432 3186 469 3247 tt,
481 3185 545 3237 226:
564 3186 635 3247 „Mon
653 3186 725 3235 nabit
743 3188 811 3237 einen
830 3187 888 3237 Text
905 3187 953 3237 σου
972 3187 1027 3236 iiest
1044 3187 1185 3249 denscihen‚
1203 3192 1287 3240 soneit
1304 3205 1331 3240 cr

59 3273 112 3321 dem
133 3271 232 3321 Zneclte
250 3273 293 3321 des
311 3272 389 3333 Tages
407 3285 565 3334 angemessea
585 3272 622 3320 ist.
659 3271 724 3322 Wird
743 3272 786 3321 dar
804 3272 862 3321 Sinn
886 3273 929 3321 aui
950 3271 1016 3321 diosa
1034 3272 1112 3322 Weise
1130 3275 1228 3335 gesneri,
1253 3289 1281 3324 so
1299 3275 1332 3326 iat

58 3357 132 3406 drmit
151 3357 196 3405 der
213 3357 339 3406 Gebranch
363 3357 476 3418 perisset
500 3356 632 3419 Pericopen
657 3357 722 3406 nicht
746 3357 884 3406 andentiich
911 3357 1075 3418 angepeben.“
1120 3358 1251 3409 Boiimer
1275 3358 1291 3408 Ι.
1309 3375 1331 3412 ε.

57 3457 80 3505 p.
93 3441 150 3501 190,
171 3442 233 3490 hanc
251 3441 471 3505 interpretationem
490 3430 658 3506 ἆφιλόλογον
674 3450 741 3492 ratus
759 3441 910 3491 commendat
928 3441 999 3490 olitm
1018 3442 1171 3500 „Desiirass
1182 3444 1331 3506 desjenigen,

59 3541 107 3574 aras
125 3526 219 3574 recitirt
237 3526 309 3585 nard,
328 3541 376 3575 war
392 3524 469 3576 durch
487 3526 530 3575 das
548 3526 666 3585 Quantum
685 3526 728 3575 der
745 3527 805 3587 Zeit,
829 3526 904 3576 durch
928 3526 965 3576 die
983 3525 1173 3577 Bacchaffenhcit
1199 3527 1241 3576 des
1259 3527 1331 3576 Ortes

59 3609 185 3671 bedingt.“
221 3610 269 3659 Sed
287 3610 328 3659 iiia
345 3624 388 3660 vox
405 3605 500 3676 μέχρις
517 3601 633 3677 ἐγχωρεῖ
648 3619 703 3675 ιριε
720 3612 777 3661 verti
802 3618 894 3675 potest:
919 3611 999 3675 quoad
1022 3612 1086 3672 iicet,
1104 3611 1184 3675 qnoad
1202 3617 1330 3659 consenta-

57 3710 128 3744 ncum
148 3702 187 3744 est
205 3696 220 3743 'a
235 3709 256 3743 ε.
275 3695 353 3759 quoad
372 3695 495 3745 lectorati
514 3696 585 3745 [inem
605 3696 734 3759 pericopae
751 3696 895 3759 pervenerit.

123 3779 151 3837 3)
171 3780 258 3829 Otto:
277 3789 391 3843 quantum
409 3786 489 3842 potest
505 3794 526 3829 o.
545 3788 657 3843 quantum
677 3781 857 3831 inanitatiseius
874 3788 918 3829 eet.
953 3779 1098 3828 Bohmer:
1117 3779 1149 3827 So
1167 3778 1212 3826 aiei
1230 3778 1330 3840 paistipe

57 3865 122 3915 init
141 3865 198 3914 dem
217 3864 316 3914 Bischot
331 3864 440 3914 iohtrirt.
475 3865 592 3915 Conferre
610 3864 686 3915 c.13:
704 3856 753 3930 ἐφ’
775 3849 815 3918 οἷς
830 3856 1045 3929 προεφερόμεθα
1061 3861 1162 3917 πᾶσιν,
1182 3853 1231 3921 όση
1250 3855 1330 3911 σ’όνα-

57 3964 110 4013 μις,
132 3941 283 4002 αἰνοῦντες.
321 3965 340 3998 ε.
355 3948 402 3999 tn:
421 3941 467 3997 διὰ
484 3941 567 4013 λόγου
585 3934 634 3997 ούν
650 3945 697 3997 καὶ
714 3945 852 4015 σχήματος
870 3947 918 3996 τοῦ
937 3943 1117 4013 φαινομένου,
1137 3938 1185 4007 όση
1204 3940 1329 4014 δύναμις,

57 4026 292 4100 προτρεψάμενοι.
331 4035 433 4084 Grebias
451 4036 521 4084 affert
538 4035 666 4085 formatam
686 4035 867 4084 eucharisticam
886 4047 914 4081 ex
933 4033 1014 4083 Const.
1032 4033 1092 4095 App.
1111 4033 1169 4092 titt,
1184 4032 1229 4082 tn:
1254 4025 1330 4099 τύχοι-

59 4113 211 4185 ριστοῦμέν
229 4130 273 4167 σοι
292 4109 340 4184 οὐχ
359 4109 426 4166 ὅσον
443 4110 591 4185 ὀφείλομεν
608 4110 667 4167 ἀλλ’
689 4110 754 4166 ὅσον
772 4111 920 4183 δυνάμεθα.
958 4117 1037 4166 addas
1055 4118 1134 4166 locum
1147 4118 1256 4180 Gregorii
1274 4118 1329 4167 Νοτ.
1357 4174 1360 4179 ,

59 4206 122 4254 θιεῑ.
143 4204 187 4252 ΙΙΙ.
205 4218 254 4267 qno
273 4203 422 4255 Christianos
440 4205 557 4263 hortator,
582 4212 608 4254 nt
630 4204 774 4268 triumphale
799 4204 857 4253 iilnd
882 4217 978 4252 carmen
1002 4202 1025 4251 in
1050 4211 1152 4252 mortem
1170 4202 1256 4253 iuliani
1279 4192 1329 4260 όση

60 4282 177 4355 δύναμις
194 4296 288 4338 canant.
314 4289 446 4339 fletercoda
464 4297 521 4339 sant
537 4290 607 4340 rorha
626 4289 656 4339 ad
674 4289 794 4350 ardorem,
812 4290 842 4338 nd
860 4289 1015 4337 intentionem
1033 4288 1106 4336 animi
1121 4287 1250 4351 preconiis,
1269 4302 1330 4351 quoe

61 4388 103 4423 non
122 4375 208 4424 minas
228 4374 250 4421 in
269 4374 424 4437 praescriptis
448 4375 559 4425 formalis
583 4389 654 4438 qnam
678 4374 701 4424 in
728 4372 863 4424 immediate¹
890 4374 1012 4437 conceptis
1035 4372 1112 4421 vorbis
1136 4372 1215 4421 locum
1241 4370 1331 4422 hebere

60 4468 144 4520 potest.
182 4458 247 4517 Ergo
266 4471 314 4506 non
331 4458 447 4508 elicienda
465 4467 502 4508 est
519 4459 574 4508 inde
591 4460 708 4508 sententia
726 4458 795 4519 (alias
814 4458 908 4519 invicta)
925 4459 1046 4508 orationes
1070 4472 1118 4506 oon
1136 4457 1212 4506 inisse
1229 4455 1260 4506 ito
1278 4463 1329 4505 ota·

61 4550 128 4605 tatas,
147 4552 176 4593 nt
194 4541 257 4592 nihtt
275 4541 323 4590 iilis
341 4543 428 4592 addere
446 4543 481 4592 vei
500 4557 527 4594 ex
545 4544 580 4594 eia
598 4542 723 4593 detrahere
741 4543 818 4606 liceat,
843 4558 921 4613 neque
940 4543 1060 4597 exstitisse
1076 4542 1180 4609 hirtam,
1204 4556 1253 4610 ooo
1272 4539 1339 4594 ceie-
