3044 4912
760 246 834 321 292

249 438 429 516 Plerumque
457 434 569 497 adnexa
597 440 645 496 eet
671 432 811 515 Vesperia
838 440 868 494 et
894 428 1056 493 ordinariis
1083 436 1115 493 et
1142 428 1259 493 leatiria
1288 428 1433 493 caerimo-

165 542 216 605 nia
238 558 364 621 prorsus
379 536 549 615 singularis.
578 535 651 598 Dico
673 533 990 598 Benedictiouem
1011 531 1160 593 Panum.
1189 530 1320 593 Paratur
1334 548 1432 595 mensa

166 642 199 705 in
221 660 279 723 qua
303 659 369 703 cum
392 640 538 700 fermento
561 646 591 699 et
614 637 745 717 quinque
766 634 905 717 panibus,
927 635 960 696 in
981 630 1110 696 eoeleaia
1131 632 1234 694 ollerri
1249 631 1362 705 nolitis,
1385 650 1433 713 ap-

120 754 127 789 ·
166 742 285 826 positus
313 750 359 804 est
386 738 505 801 discus:
538 738 575 799 ad
603 738 680 800 disci
709 754 779 799 aero
801 735 879 799 lutus
900 735 1050 815 utrimque
1072 739 1244 796 statuuntur
1264 752 1338 795 rasa
1360 732 1430 805 duo;

165 844 224 906 hoo
246 842 366 924 quidem
388 842 466 915 vino,
488 840 614 902 alterum
636 858 706 901 vero
729 838 796 899 oleo
818 838 949 919 plenum.
981 836 1121 898 lneeaeat
1134 834 1285 897 lliacouus
1300 852 1431 897 meuaam

165 953 196 1006 et
222 944 464 1007 circumstantes:
494 959 554 1021 quo
581 942 659 1003 laeto
682 937 840 1013 Sacerdos,
862 958 924 1000 uno
946 956 982 999 ex
1008 937 1138 1018 panibus
1160 944 1261 997 sumto
1283 944 1317 999 et
1337 934 1429 999 amois

165 1045 252 1125 signo
275 1045 354 1106 lacto
377 1060 468 1123 suuper
490 1059 604 1115 omnes,
626 1050 691 1103 oret
712 1040 768 1103 ita:
791 1033 897 1124 Κύριε
914 1030 1160 1124 ἸησοῠΧριστὲ
1181 1030 1200 1100 d
1224 1030 1314 1111 Θεὸς
1333 1028 1431 1121 ἡμῶν,

165 1138 185 1209 ὁ
207 1136 387 1229 εὐλογήσας
407 1143 479 1217 σοῖς
499 1138 600 1206 πέντε
621 1132 744 1225 ἄρτοις.

250 1246 393 1309 Oratione
416 1244 551 1305 absoluta
575 1244 692 1307 canitur
715 1242 826 1307 Paulm.
842 1245 892 1316 34,
911 1245 1023 1313 1-10,
1047 1241 1133 1303 datur
1153 1239 1340 1313 benedictio,
1361 1239 1427 1319 legi-

164 1355 214 1409 tur
235 1346 406 1410 ellomiliis
428 1356 546 1426 petrum
568 1346 615 1407 vel
636 1364 653 1407 e
675 1344 733 1407 ritu
749 1346 937 1407 Senotomm.
981 1342 1142 1422 lliugius
1164 1342 1185 1403 l.
1201 1359 1226 1403 o.
1250 1361 1281 1424 ρ.
1294 1342 1336 1407 78
1357 1342 1427 1403 lruno

164 1448 256 1509 ritum
280 1447 402 1509 Graecia
430 1446 609 1527 peculiarem
638 1446 781 1526 reliquias
811 1464 878 1507 esse
908 1445 1048 1524 opinatur
1067 1446 1251 1523 dgaparum:
1287 1460 1344 1521 ego
1364 1460 1426 1503 reru

167 1547 314 1609 eeclesiae
336 1546 515 1609 sententiam
538 1547 578 1608 itu
601 1546 727 1627 accipio,
749 1554 783 1607 ut
804 1564 928 1609 coenam
951 1546 1197 1619 Christianorum,
1226 1545 1307 1625 apud
1330 1560 1422 1607 omnet

166 1646 304 1709 oratione
333 1654 363 1709 et
389 1647 599 1709 benedictione
627 1655 658 1710 et
684 1646 812 1709 lectione
840 1665 925 1709 seura
954 1647 1168 1721 instruendam,
1197 1664 1266 1710 eum
1296 1643 1422 1707 amultis

166 1748 245 1809 huno
274 1746 353 1827 piam
382 1749 631 1811 consuetudinem
654 1746 833 1809 intellexerit
855 1749 1028 1827 neglectam,
1058 1748 1114 1810 uae
1137 1748 1201 1829 ipsa
1223 1747 1420 1811 benedictione

167 1851 268 1911 lucere
289 1850 417 1912 voluerit
438 1850 469 1912 in
492 1850 621 1931 templis,
644 1851 804 1912 multorum
825 1850 965 1912 socordia
988 1850 1074 1930 quasi
1096 1848 1235 1931 suppleta
1258 1860 1346 1930 atque
1366 1865 1418 1910 eor·

166 1952 290 2029 recta.¹l

251 2052 354 2115 Restat
380 2060 412 2115 ut
439 2070 707 2115 commemoremus
735 2052 772 2113 de
800 2050 962 2131 symbolica
985 2052 1181 2132 vesperorum
1203 2050 1415 2129 significatione.

166 2152 287 2217 Etenim
321 2172 498 2235 quamquam
527 2153 558 2215 iu
586 2153 644 2215 hoo
673 2152 879 2231 allegoriarum
909 2170 1015 2231 campo
1051 2152 1142 2213 multa
1178 2152 1313 2231 argutius
1344 2166 1414 2231 quau

164 2308 463 2316 ..φ--ιη-

168 2390 273 2455 ΙιείΙίςεα
297 2390 366 2441 Bluta
390 2391 516 2441 benetzten
533 2390 626 2441 Stellen
650 2386 808 2439 teraammeln
826 2390 940 2449 tunultu,
964 2388 993 2437 da
1012 2388 1102 2439 dassen
1121 2388 1216 2439 lreiliah
1233 2388 1282 2439 alla
1299 2389 1362 2440 diere
1375 2398 1414 2433 rtr-

167 2474 313 2525 selriedenen
339 2474 562 2525 ludaclrtsttunden
586 2476 610 2524 in
630 2474 673 2523 liin
697 2473 936 2524 ununterbroehenes
955 2472 1058 2522 Wachrn
1076 2486 1223 2523 zusammen.
1261 2473 1330 2523 llieae
1345 2469 1414 2523 liarit-

170 2560 231 2609 leier
254 2560 319 2609 hiesu
344 2558 382 2607 bei
407 2559 452 2607 den
473 2559 589 2608 (lt-lechem
607 2559 796 2621 Pannychis,
822 2558 870 2607 und
892 2557 945 2607 weil
965 2558 1042 2620 einiga
1060 2559 1149 2609 (lebete
1167 2557 1297 2607 deraelbeu
1315 2557 1413 2608 demtu-

170 2644 263 2693 denken
282 2643 325 2691 der
343 2642 527 2691 Entseltlalenen
547 2642 672 2702 gorvidmet
689 2658 777 2702 waren,
801 2657 829 2691 so
849 2643 929 2691 warde
946 2648 1028 2707 apator
1045 2642 1125 2691 dieser
1142 2642 1233 2692 Nomou
1252 2658 1298 2692 uon
1315 2656 1358 2691 uns
1372 2650 1414 2687 art·

168 2725 321 2776 seutiossticu
341 2725 379 2773 lut·
396 2726 434 2774 dio
453 2726 606 2775 Todtenleier
624 2727 761 2787 gebraucht.
797 2727 861 2775 luch
884 2729 941 2789 jelzt
960 2727 1021 2776 noel]
1039 2727 1097 2775 wird
1116 2727 1139 2775 in
1158 2726 1204 2775 den
1223 2736 1294 2777 unter
1311 2728 1415 2777 nutam·

169 2810 307 2860 dauisehem
330 2810 405 2860 loelre
428 2811 628 2860 schmnehtendeu
653 2811 754 2859 liirclen
779 2810 821 2858 dos
846 2810 1027 2872 llorgenlandes
1052 2812 1095 2859 der
1118 2812 1282 2862 Gottesdienst
1304 2812 1370 2861 meist
1386 2806 1415 2855 dir

167 2893 244 2943 Naoltt
261 2892 378 2943 hindurch
396 2894 514 2956 gelrnlten.
550 2896 575 2945 ln
595 2910 696 2944 unserer
713 2895 918 2957 triumnlrirenden
936 2896 1021 2945 liirclre
1039 2895 1156 2957 ltingagen
1175 2896 1271 2945 werden
1289 2898 1327 2947 die
1339 2890 1416 2945 turul-

168 2979 217 3027 und
228 2976 409 3040 llorgeugebete
427 2994 468 3028 ror
485 2980 531 3029 den
550 2995 650 3041 grossen
662 2980 747 3029 l‘esten
766 2980 813 3030 und
831 2980 1023 3042 denSonntogen
1041 2980 1164 3042 υοιοῑοίςι,
1182 2996 1222 3030 um
1241 2996 1284 3032 zur
1295 2978 1416 3045 getsttieleu

168 3064 339 3125 torterettong
357 3064 399 3112 aul
415 3065 453 3113 die
471 3064 539 3113 l'eler·
556 3065 632 3114 selbst
650 3065 697 3114 und
713 3065 756 3113 aul
771 3064 809 3113 die
826 3064 985 3114 Communion
1004 3080 1031 3113 zu
1050 3065 1164 3115 dienen.“

255 3148 279 3206 l)
297 3150 452 3210 llorologiuua
472 3152 595 3212 propriam
614 3150 708 3198 exhibet
724 3140 807 3211 εὐχὴν
823 3147 869 3209 τῆς
885 3148 1029 3213 τραπέζης·
1042 3140 1203 3217 Ἐρχόμενοι
1222 3144 1252 3198 δὲ
1263 3148 1303 3205 είς
1312 3144 1358 3211 τὴν
1367 3137 1420 3213 roti-

168 3229 254 3289 πεζαν
276 3230 407 3296 λέγομεν·
433 3222 573 3297 ᾳιὶγονιαι
596 3234 709 3294 πένητες
732 3230 780 3279 καὶ
802 3225 1045 3299 ἒμπλησιλησονται
1063 3232 1110 3281 καλ
1127 3232 1266 3283 αλνίσουσι
1284 3230 1387 3299 Κύριον
1399 3225 1420 3279 ui

170 3311 339 3376 ίκζητοῠνιες
356 3307 454 3364 αὐτόν·
479 3308 602 3377 ζησονται
621 3314 650 3363 αἱ
667 3311 779 3381 καρδίαι
795 3310 888 3365 αὐτῶν
904 3316 943 3372 είς
960 3316 1047 3365 αἰαῑνα
1065 3316 1171 3372 αἰῶνος.
1206 3310 1293 3381 Δόξα,
1310 3318 1358 3368 καλ
1374 3314 1423 3367 νῦν.

168 3396 217 3448 καὶ
239 3392 349 3463 εὐλογεῖ
371 3391 385 3447 ὁ
405 3391 503 3464 ‘lentur
527 3392 574 3460 τὴν
594 3391 749 3465 Τριὶαεζαν.
783 3395 864 3448 Μετὰ
888 3397 917 3450 dt
943 3396 971 3450 τὸ
995 3402 1106 3467 ιγαγεῖν,
1129 3392 1215 3464 Δόξα,
1238 3400 1287 3451 καλ
1304 3402 1364 3465 νῦν,
1386 3399 1424 3449 καὶ

167 3474 240 3547 riurei
255 3474 468 3546 adulterandam.
486 3484 565 3543 (Cotti.
584 3486 644 3533 infra
664 3500 724 3549 quea
743 3486 891 3535 dicenturde
904 3486 1081 3549 llymnologio.)
1101 3485 1169 3541 Ταῖς
1185 3484 1270 3549 αὐτῆς
1279 3486 1427 3553 πρεσβείαις

167 3558 183 3617 ὁ
204 3560 273 3622 Θεὸς
295 3562 408 3627 ἐλέησον
433 3564 479 3615 καὶ
502 3566 595 3618 σῶσον
617 3561 698 3636 ἡμᾶς.
730 3561 822 3635 Ἀμήν,
858 3570 976 3635 Γίγονεν
1000 3562 1014 3632 ἡ
1038 3568 1126 3618 κοιλία
1150 3581 1202 3619 σου
1220 3562 1289 3636 ἁγία
1307 3570 1428 3640 τράπεζα,

167 3647 271 3717 ἔχουσα
296 3646 344 3699 τόν
363 3642 619 3717 ΟὐράνιονἍρτον,
644 3648 768 3717 Χριστὸν
792 3650 839 3704 τὸν
859 3648 930 3703 Θεὸν
952 3648 1045 3721 ἡμῶν·
1070 3651 1100 3711 ἐξ
1116 3640 1148 3703 οὗ
1167 3652 1221 3709 ταῖς
1238 3647 1253 3703 ὅ
1272 3648 1387 3721 τρώγων
1401 3649 1427 3703 ολ

168 3727 291 3800 θνήσκει,
308 3728 345 3791 ὥς
361 3732 465 3800 ἕιγησεν
483 3730 497 3785 ὁ
515 3735 561 3785 τοῦ
579 3730 690 3799 παντὸς,
711 3733 894 3803 Θεογενητιυρ,
912 3730 1037 3805 τροηεῦς.
1073 3738 1138 3787 Τῶν
1154 3737 1212 3787 σοῖν
1221 3735 1336 3807 δωρεῶν
1345 3737 1431 3797 ἀξίους

167 3813 241 3885 ἡμᾶς
257 3819 375 3880 ποίησον
388 3814 649 3886 ΘεοτόκεΙΙαρθένε,
667 3819 817 3887 monuncourt
835 3818 868 3870 τὰ
877 3817 1098 3891 πλημμελήματα
1109 3815 1199 3891 ἡμῶν,
1216 3823 1430 3893 καλπαρίχουσα

168 3893 283 3968 ἰάματα,
301 3904 356 3959 τοῖς
373 3899 404 3953 ἐν
421 3905 510 3953 πίστει
526 3896 698 3971 λαμβάνουσι
714 3899 763 3967 τὴν
779 3901 908 3971 εὐλογίαν
926 3902 1124 3975 σουῖίχραντε.
1158 3906 1216 3956 Καὶ
1233 3900 1380 3975 ψιέλλομεν
1396 3902 1432 3969 τὸ,

160 3976 255 4041 ’Ἀξιόν
272 3983 346 4035 ἔστιν
363 3980 400 4043 ὣς
416 3981 533 4050 ἀληίλιῦς.
567 3982 721 4055 Εὕιγρανας
737 3981 809 4057 ἡμᾶς
825 3982 918 4054 Κύριε,
936 3990 968 4040 ἓν
986 3994 1041 4047 τοῖς
1058 3984 1196 4057 ποιήμασί
1205 4004 1266 4055 σου,
1284 3990 1373 4044 καὶέν
1382 3994 1433 4047 τοῖς

169 4065 261 4135 ἔργοις
282 4069 337 4119 τῶν
354 4069 459 4139 χειρῶν
481 4084 532 4121 σου
550 4066 787 4140 η’γαλλιασιὶμείία.
819 4067 990 4141 Ἐσημειιόίλη
1011 4070 1052 4142 up'
1074 4068 1146 4143 ἡμᾶς
1162 4069 1192 4125 τὸ
1210 4075 1272 4143 φῶς
1289 4077 1338 4127 τοῦ
1354 4091 1434 4144 προς-

168 4145 248 4203 ώντου
269 4167 321 4205 σου
338 4148 432 4222 Κύριε.
460 4147 583 4213 ”Edonos
606 4154 784 4226 εὐηροσύνην
804 4158 844 4216 είς
867 4156 914 4223 τὴν
937 4158 1056 4227 καρδίαν
1071 4175 1129 4230 μου
1145 4154 1202 4209 ἀπὸ
1219 4160 1332 4225 καρποῦ
1348 4162 1433 4225 σίτου,

167 4238 245 4289 οἴνου
272 4236 320 4287 καὶ
335 4236 427 4290 ἐλαίου
444 4237 536 4290 αὐτῶν
552 4237 782 4305 ίαληίίύνίησαν·
807 4240 838 4294 ἐν
852 4238 943 4315 εἰρήνη
961 4242 1008 4295 ἐπὶ
1025 4240 1055 4295 τὸ
1070 4239 1137 4296 αὐτὸ
1153 4238 1372 4312 κοιμηθὴσομιιι,
1388 4242 1435 4294 καλ

166 4314 297 4387 ὑπνῶσαί,
319 4316 360 4373 ὅτι
384 4319 417 4373 σύ
434 4315 519 4390 Κύριε
540 4317 698 4393 καταμόνας
720 4322 761 4376 ἐπ’
782 4324 872 4378 ttutdt
895 4322 1048 4393 κατῴκισάς
1063 4344 1107 4399 με.
1143 4322 1230 4397 Δόξα,
1246 4329 1295 4379 καὶ
1312 4330 1373 4381 νῦν.
1404 4324 1434 4379 Ὀ

162 4396 270 4471 Ἱερεύς.
296 4406 368 4456 Med*
392 4400 469 4476 ἡμῶν
486 4402 501 4459 ὁ
521 4406 597 4473 Θεὸς,
616 4412 646 4479 τῇ
662 4405 746 4461 αὐτοῦ
751 4404 854 4477 χάριτι,
871 4412 918 4463 καὶ
931 4412 1138 4487 φιλανθρωπίη,
1156 4407 1284 4481 πάντοτε,
1308 4414 1370 4480 νῦν,
1387 4414 1440 4465 καὶ

167 4480 223 4552 riti,
240 4489 287 4537 καὶ
303 4490 342 4546 εἰς
358 4485 421 4549 τούς
436 4492 538 4551 αίώνας
555 4493 609 4545 τῶν
626 4488 744 4547 aldrov.
