3044 4912
658 275 731 347 557

95 455 146 536 δς,
173 451 222 534 εἷς
247 452 396 539 θρανίον,
423 452 480 522 καί
497 452 575 535 ἐκεῖ,
596 451 685 523 ὅπου
705 455 860 523 κυαλοῦσι
880 451 1042 542 γόρωθεν,
1069 451 1151 522 ὅταν
1172 450 1331 540 ἀρχωνται

95 562 255 643 ιπροσθεν
276 560 336 622 τοῦ
358 550 544 641 ἀρχιερέως,
566 562 707 624 ποιοῦσι
726 552 915 641 μετάνοιαν,
936 554 994 623 καί
1010 551 1331 643 όχειροτονοόμενος

95 654 250 740 ιπάζεται
275 655 314 722 τὸ
341 652 419 743 γόνυ
446 662 508 724 τοῦ
535 653 712 745 ἀρχιερέως
739 653 853 724 ἐπάνω
887 661 947 724 τοῦ
968 651 1202 746 ιόμοφορίουέ)
1244 652 1330 726 Εἶτα

95 755 278 845 νιστάμενος
304 753 323 825 ό
351 754 529 846 ἀρχιερεὺς,
556 758 773 846 προςέρχεται
799 754 889 847 αὐτῷ
915 752 1248 883 ό,χειροτανοόμενυς
1274 759 1331 827 καὶ

95 856 278 947 οραγίζεται
297 855 408 946 τρίτον
428 858 487 948 τὴν
507 859 654 949 κεφαλην
674 855 753 948 παρ
777 855 890 928 αὐτοῦ.
919 858 1028 927 Καί
1012 855 1142 944 ερείσας
1162 884 1201 928 το
1189 859 1331 946 μέτω-

95 984 128 1028 νν
148 965 188 1049 τῇ
209 957 290 1050 ἀγίᾳ
310 959 467 1051 τραπέζη,
493 957 598 1028 κλίνει
617 959 674 1029 καί
695 955 799 1051 ἀμφω
819 986 852 1030 τι
848 957 1018 1083 “;γόνατα
1051 960 1123 1028 Καί
1143 958 1331 1051 έκφωνοῦν-

95 1086 118 1141 ς
137 1066 198 1128 τοῦ
219 1059 391 1129 διακόνου·
415 1046 663 1145 Πρόσχωμὲν,
686 1058 790 1143 εὐθὺς
807 1056 1018 1174 ίνφωνεῖό
998 1061 1165 1172 αρχιερεός
1178 1060 1261 1144 ἔχων
1273 1061 1331 1131 καί

95 1188 120 1230 ιν
142 1162 254 1244 δεξιάν
273 1168 369 1248 χεῖρα
390 1159 601 1255 ἐπικειμένην
622 1161 726 1232 αὐτοῦ
746 1170 786 1255 τῇ
806 1166 945 1277 κεφαλῇ.
980 1147 1026 1223 H
1050 1150 1138 1223 θεία
1160 1147 1330 1246 6691626

95 1246 221 1325 όντοτε
246 1250 294 1324 τὰ
321 1253 464 1347 ἀσθενῆ
491 1250 753 1346 θεραπεύουσα
778 1252 842 1326 καί
867 1253 913 1325 τὰ
934 1251 1145 1325 ἐλλείποντα
1166 1251 1331 1347 ἀναπλη-

95 1358 195 1440 νῦσα,
221 1350 488 1449 προχειρίζεται
511 1353 580 1429 τόν
605 1351 724 1441 δεῖνα,
749 1352 817 1479 τὸν
842 1353 1114 1451 εὐλαβέστατον
1139 1349 1329 1440 διάκονον,

95 1483 115 1536 ς
142 1452 407 1549 πρεσβυτερον,
442 1451 638 1550 εὐξαίμεθα
672 1450 742 1530 οὖν
765 1452 865 1581 ὑπὲρ
900 1456 1030 1543 αὐτοῦ,
1061 1456 1127 1530 ἵνα
1151 1455 1283 1550 ἔλθη
1270 1482 1314 1527 επ

95 1553 179 1630 ότὸν
203 1555 226 1651 6
248 1553 378 1694 χάρις
382 1564 450 1631 τοῦ
475 1556 663 1657 παναγίου
682 1552 902 1652 πνεύματος.
929 1571 1000 1640 Καὶ
1014 1569 1196 1658 λέγουσι
1161 1596 1200 1638 το
1218 1553 1331 1651 Κύριε

95 1655 220 1752 εἠσον,
242 1672 323 1757 τρὶς,
345 1667 379 1740 οἳ
401 1670 493 1752 έντὸς
513 1678 574 1739 τοῦ
593 1669 793 1796 βηιιατος,“
776 1670 901 1758 ομοίως
922 1673 979 1742 καί
999 1698 1034 1742 οι
1022 1670 1194 1763 εψάλται.
1220 1669 1332 1741 Πάλιν

95 1767 119 1837 ίν
141 1771 329 1862 σφραγίσας
350 1770 450 1841 αὐτὸν
470 1773 551 1860 τρίς,
572 1775 629 1842 καί
649 1799 668 1839 τ
691 1799 821 1862 νχειρα
843 1801 925 1858 εχων
940 1774 1160 1862 ἐπικειμένην,
1181 1798 1240 1842 του
1225 1776 1332 1841 ’δια-
1412 1779 1418 1785 ’

95 1898 158 1941 ’νου
180 1871 350 1955 εἰπόντος·
396 1867 470 1936 Τοῦ
497 1861 638 1958 Κυρίου
665 1771 875 1959 6631666.
913 1872 1045 1963 λέγειί
1028 1902 1046 1944 o
1074 1872 1243 1963 ἀρχιερεὺς
1273 1874 1332 1965 τὴν

95 1974 156 2061 χὴν
175 1972 297 2064 ταότην
317 1983 493 2062 μυστικῶς.

139 2077 183 2153 Ὁ
211 2079 354 2163 Θεὸς
336 2109 356 2153 o
393 2083 555 2177 ἄναρχος
589 2080 653 2155 καί
687 2075 933 2176 ἀτελεύτητος,
971 2078 992 2153 6
1027 2075 1146 2174 πάσης
1180 2048 1332 2164 ἀτίσεως

95 2176 362 2309 ηεσβότατος
339 2180 532 2277 υπάρχων,
560 2180 579 2258 6
605 2189 650 2278 τῇ
676 2181 899 2310 προςηγορίηι
920 2210 989 2256 του
971 2181 1259 2279 πρεσβυτέρου
1276 2210 1332 2254 τι-

95 2279 183 2379 ήσας
206 2281 293 2365 τοὺς
318 2286 360 2357 ἐν
384 2291 437 2381 τῷ
462 2286 610 2382 βαθμῷ
636 2279 757 2379 τούτῳ
783 2283 1051 2368 ἀξιωθέντας(
1037 2289 1244 2383 ιερουργεῖν
1263 2281 1332 2358 τόν

95 2380 174 2509 ίγον
199 2391 263 2478 τῆς
288 2392 353 2480 σῆς
379 2355 556 2481 ἀληθείας
583 2387 688 2481 (Rom.
708 2355 767 2474 15,
782 2388 858 2483 16)·
897 2383 1020 2473 αὐτὸς,
1054 2383 1227 2474 δέσποτα,
1253 2392 1332 2459 τῶν

95 2481 263 2572 πάντων,
298 2487 361 2560 καί
397 2495 545 2576 τοῦτον,
582 2487 627 2562 ὃν
661 2484 863 2584 εὐδόκησας
897 2488 1204 2582 προχειρισθηναι
1238 2514 1313 2581 παρ

95 2594 167 2674 ιοῦ,
194 2588 280 2661 ἐν’
261 2587 441 2686 αμέμπτῳ
466 2589 629 2686 πολιτείηι
654 2617 718 2664 και
705 2587 885 2665 ἀκλινεῖ
907 2596 952 2685 τῇ
970 2588 1102 2676 πίστει,
1128 2584 1333 2684 εὐδόκησιν

95 2686 382 2773 ποδέξασθαι
343 2720 411 2787 την
436 2688 601 2820 μεγάλην
625 2687 768 2786 ταύτην
789 2688 904 2788 χάριν
922 2696 991 2765 τοῦ
1007 2687 1117 2792 ἁγίου
1134 2716 1203 2764 σου
1220 2686 1332 2765 πνεύ-

95 2817 190 2873 ατος
233 2792 306 2864 Καὶ
331 2795 468 2868 τέλειον
494 2791 691 2878 ἀνάδειξον
717 2790 855 2869 δοῦλόν
882 2817 964 2881 σου,
997 2795 1039 2867 ἐν
1064 2799 1179 2866 πᾶσιν
1204 2792 1332 2887 εὐαρε

95 2889 226 2967 τοῦντά
253 2917 311 2966 σοι
346 2894 408 2968 καὶ
436 2892 547 2979 ἀξίως
572 2891 858 2988 πολιτευόμενον
882 2902 947 2990 τῆς
971 2892 1205 3019 δωρηθείσης
1229 2894 1332 2990 αὐτῷ

95 2992 136 3068 τὸ
162 3006 226 3089 της
252 3002 316 3089 σῆς
342 3004 617 3124 προγνωστινῆς
642 2991 852 3089 δυνάμεως,
887 2991 1048 3094 μεγάλης
1072 2991 1209 3088 ταύτης
1233 2994 1333 3087 ἱερα

96 3103 163 3190 κῆς
196 3103 313 3191 τιμῆς
355 3097 438 3173 On
465 3095 534 3172 σόν
559 3097 602 3170 τδ
627 3093 775 3194 κράτος,
807 3095 870 3170 καὶ
896 3104 964 3170 σοῦ
990 3099 1091 3168 ἐστιν
1114 3124 1138 3189 6
1124 3093 1333 3187 βασιλεία

95 3197 124 3269 τί
149 3227 171 3292 η
159 3195 384 3326 (δύναμις
391 3197 454 3272 καὶ
491 3228 513 3292 η
500 3196 644 3288 δόξα,
677 3205 747 3324 oo6
771 3196 922 3293 πατρὸς,
954 3194 1112 3270 καὶτοῦ
1137 3195 1236 3286 υἱοῦ,
1269 3196 1334 3271 καὶ

95 3306 130 3373 >6
124 3296 266 3426 ἀγίου
293 3297 514 3396 πνεύματος,
540 3308 613 3376 νῦν
638 3298 701 3375 καὶ
727 3298 796 3388 ἀεὶ,
821 3297 885 3375 καὶ
910 3302 961 3382 είς
984 3296 1072 3382 τοὺς
1097 3301 1237 3382 αἰῶνας
1254 3325 1333 3373 των

95 3395 224 3475 ἰαίνων.
236 3399 260 3498 ²)

145 3515 217 3582 Καὶ
243 3515 328 3600 μετὰ
354 3515 413 3604 τὴν
440 3511 625 3606 ἐκφάνησιν
653 3517 742 3603 λέγει
768 3511 787 3583 ό
809 3519 1079 3603 πρωτοπαπᾶς’)
1107 3516 1213 3605 λεπτῇ
1239 3521 1334 3606 φωνῇ

150 3774 174 3834 1)
198 3774 231 3823 Ex
249 3775 455 3834 Nestorinnornm,
479 3773 649 3824 Maronitarum
674 3773 825 3836 oliorumqno
843 3773 969 3838 discipiim
987 3774 1013 3823 iit
1031 3781 1130 3824 tonsor·
1149 3773 1233 3838 otpitio
1250 3787 1333 3824 onocr-

96 3859 135 3910 tio.
169 3858 220 3908 lieo
237 3858 329 3908 dubitat
345 3864 507 3909 Assemnnoos
525 3861 582 3923 qoin
600 3859 658 3908 oiim
677 3858 741 3924 opud
755 3860 862 3911 Grooooo
880 3872 976 3924 quoquo
994 3859 1056 3909 stota
1073 3859 1113 3909 oit.
1147 3857 1211 3909 Sino
1230 3859 1333 3908 mentio-

95 3958 118 3993 m
136 3941 188 3992 eius
207 3943 281 3992 iniioit
299 3944 440 3993 Germanos.

147 4025 174 4086 2)
192 4027 257 4078 Hooo
274 4028 351 4077 oratio
370 4028 566 4090 Presbyterorum
584 4029 683 4092 proprio
700 4036 738 4078 cot
754 4034 779 4077 ot
795 4026 932 4092 pecoliaris.
957 4028 1112 4092 Respondent
1120 4027 1332 4079 Nestorinorum:

95 4113 165 4162 mino
181 4112 245 4162 Deus
263 4113 331 4161 tortis
349 4112 511 4176 omnipotens.
547 4113 693 4177 Coptorom:
711 4111 887 4162 DominoDeuo
904 4113 1066 4177 omnipotens,
1085 4113 1125 4177 qni
1143 4113 1224 4162 omnio
1237 4114 1332 4163 oronsti.

95 4197 236 4247 ironitnrnm
256 4204 279 4246 ot
298 4196 473 4247 iocobitornm:
492 4198 556 4247 Deos
576 4212 660 4260 mogon
679 4205 703 4246 ot
720 4195 877 4245 admirabilis.

148 4280 173 4340 3)
198 4282 347 4345 Protopopos
371 4281 406 4330 vei
432 4270 627 4345 πρωτοϊερεός,
652 4282 849 4344 Archiproobptor
874 4295 927 4330 com
947 4282 1044 4331 missam
1064 4281 1171 4332 colebrot
1189 4281 1332 4346 Episcopus,

94 4369 142 4416 neit
159 4368 272 4415 omnibns
291 4368 314 4415 in
333 4366 495 4415 ecclesiastico
513 4366 627 4427 dignitate
645 4366 789 4422 constitutio.
808 4368 1001 4416 communionem
1020 4368 1092 4416 tradit
1106 4366 1226 4429 Episcopo
1244 4374 1267 4415 ot
1277 4367 1334 4430 Epi·

95 4465 154 4515 opos
177 4451 232 4514 ipoi.
268 4451 359 4500 Primos
383 4452 406 4500 in
432 4452 544 4501 omnibns
568 4453 659 4500 obtinet
683 4458 707 4499 ot
729 4450 829 4501 absente
846 4451 967 4515 Episcopo
992 4452 1043 4501 eino
1061 4453 1135 4502 vicem
1154 4453 1221 4514 gerit.
1258 4453 1333 4502 Porro

95 4535 172 4585 nlinoo
190 4549 244 4586 eom
263 4529 373 4585 ἔκδικον
389 4533 443 4585 τῶν
461 4535 579 4602 κρίσεων
598 4534 713 4600 oppeliot,
731 4536 844 4601 quonium
863 4536 978 4589 diiodioot
993 4535 1025 4588 do
1041 4537 1116 4588 robus
1132 4537 1312 4589 oooieoiootioio.
