<?xml version="1.0" encoding="UTF-8"?>
<!DOCTYPE html PUBLIC "-//W3C//DTD XHTML 1.0 Transitional//EN"
    "http://www.w3.org/TR/xhtml1/DTD/xhtml1-transitional.dtd">
<html xmlns="http://www.w3.org/1999/xhtml" xml:lang="en" lang="en">
 <head>
  <title>
</title>
<meta http-equiv="Content-Type" content="text/html;charset=utf-8" />
  <meta name='ocr-system' content='tesseract 3.04.00' />
  <meta name='ocr-capabilities' content='ocr_page ocr_carea ocr_par ocr_line ocrx_word'/>
</head>
<body>
  <div class='ocr_page' id='page_1' title='image "./codexliturgicus05danigoog_0367.png"; bbox 0 0 3044 4912; ppageno 0'>
   <div class='ocr_carea' id='block_1_1' title="bbox 675 273 857 353">
    <p class='ocr_par' dir='ltr' id='par_1_1' title="bbox 675 273 857 353">
     <span class='ocr_line' id='line_1_1' title="bbox 675 273 857 353; baseline -0.055 -2"><span class='ocrx_word' id='word_1_1' title='bbox 675 273 748 353; x_wconf 79' lang='lat'><strong><em>331</em></strong></span> <span class='ocrx_word' id='word_1_2' title='bbox 853 336 857 341; x_wconf 87' lang='lat'>.</span> 
     </span>
    </p>
   </div>
   <div class='ocr_carea' id='block_1_2' title="bbox 75 453 1355 692">
    <p class='ocr_par' dir='ltr' id='par_1_2' title="bbox 75 453 1355 692">
     <span class='ocr_line' id='line_1_2' title="bbox 75 453 1355 562; baseline 0.003 -28"><span class='ocrx_word' id='word_1_3' title='bbox 75 482 176 556; x_wconf 88' lang='grc' dir='ltr'><strong><em>πησα</em></strong></span> <span class='ocrx_word' id='word_1_4' title='bbox 210 455 428 559; x_wconf 83' lang='grc' dir='ltr'><strong><em>εῦπρόπειαν</em></strong></span> <span class='ocrx_word' id='word_1_5' title='bbox 458 461 564 534; x_wconf 80' lang='grc' dir='ltr'><strong><em>οίκου</em></strong></span> <span class='ocrx_word' id='word_1_6' title='bbox 596 481 687 549; x_wconf 89' lang='grc' dir='ltr'><strong><em>σου,</em></strong></span> <span class='ocrx_word' id='word_1_7' title='bbox 722 457 787 534; x_wconf 80' lang='grc' dir='ltr'><strong><em>καί</em></strong></span> <span class='ocrx_word' id='word_1_8' title='bbox 819 453 937 536; x_wconf 98' lang='grc' dir='ltr'><strong><em>τόπον</em></strong></span> <span class='ocrx_word' id='word_1_9' title='bbox 969 455 1213 558; x_wconf 85' lang='grc' dir='ltr'><strong><em>σκηνιόματος</em></strong></span> <span class='ocrx_word' id='word_1_10' title='bbox 1244 459 1355 562; x_wconf 75' lang='grc' dir='ltr'><strong><em>δόξης</em></strong></span> 
     </span>
     <span class='ocr_line' id='line_1_3' title="bbox 75 557 1354 692; baseline 0.003 -56"><span class='ocrx_word' id='word_1_11' title='bbox 75 586 156 636; x_wconf 90' lang='grc' dir='ltr'><strong><em>σου.</em></strong></span> <span class='ocrx_word' id='word_1_12' title='bbox 209 559 280 658; x_wconf 87' lang='grc' dir='ltr'><strong><em>Μὴ</em></strong></span> <span class='ocrx_word' id='word_1_13' title='bbox 313 559 565 657; x_wconf 87' lang='grc' dir='ltr'><strong><em>συναπολέσης</em></strong></span> <span class='ocrx_word' id='word_1_14' title='bbox 596 557 692 658; x_wconf 82' lang='grc' dir='ltr'><strong><em>μετὰ</em></strong></span> <span class='ocrx_word' id='word_1_15' title='bbox 725 560 878 661; x_wconf 78' lang='grc' dir='ltr'><em>ἀσεβῶν</em></span> <span class='ocrx_word' id='word_1_16' title='bbox 909 559 980 692; x_wconf 65' lang='grc' dir='ltr'><strong><em>την</em></strong></span> <span class='ocrx_word' id='word_1_17' title='bbox 1012 560 1141 662; x_wconf 80' lang='grc' dir='ltr'><strong><em>ηωχήν</em></strong></span> <span class='ocrx_word' id='word_1_18' title='bbox 1163 592 1253 662; x_wconf 86' lang='grc' dir='ltr'><strong><em>μου,</em></strong></span> <span class='ocrx_word' id='word_1_19' title='bbox 1288 563 1354 640; x_wconf 74' lang='grc' dir='ltr'><strong><em>καί</em></strong></span> 
     </span>
    </p>
   </div>
   <div class='ocr_carea' id='block_1_3' title="bbox 72 658 1410 1073">
    <p class='ocr_par' dir='ltr' id='par_1_3' title="bbox 72 658 1410 1073">
     <span class='ocr_line' id='line_1_4' title="bbox 74 658 1410 765; baseline 0.006 -30"><span class='ocrx_word' id='word_1_20' title='bbox 74 660 170 761; x_wconf 78' lang='grc' dir='ltr'><strong><em>μετὰ</em></strong></span> <span class='ocrx_word' id='word_1_21' title='bbox 196 660 352 758; x_wconf 74' lang='grc' dir='ltr'><strong><em>ἀνδρῶν</em></strong></span> <span class='ocrx_word' id='word_1_22' title='bbox 377 658 551 759; x_wconf 77' lang='grc' dir='ltr'><em>αἱμάτων</em></span> <span class='ocrx_word' id='word_1_23' title='bbox 575 660 646 759; x_wconf 77' lang='grc' dir='ltr'><strong><em>τὴν</em></strong></span> <span class='ocrx_word' id='word_1_24' title='bbox 671 660 772 759; x_wconf 82' lang='grc' dir='ltr'><strong><em>ζωήν</em></strong></span> <span class='ocrx_word' id='word_1_25' title='bbox 795 690 885 760; x_wconf 87' lang='grc' dir='ltr'><strong><em>μου,</em></strong></span> <span class='ocrx_word' id='word_1_26' title='bbox 912 691 969 740; x_wconf 92' lang='grc' dir='ltr'><strong><em>ων</em></strong></span> <span class='ocrx_word' id='word_1_27' title='bbox 993 666 1035 740; x_wconf 83' lang='grc' dir='ltr'><strong><em>έν</em></strong></span> <span class='ocrx_word' id='word_1_28' title='bbox 1057 664 1189 765; x_wconf 80' lang='grc' dir='ltr'><strong><em>χερσίν</em></strong></span> <span class='ocrx_word' id='word_1_29' title='bbox 1205 664 1355 743; x_wconf 59' lang='lat' dir='ltr'><strong><em>amn»</em></strong></span> <span class='ocrx_word' id='word_1_30' title='bbox 1404 675 1410 685; x_wconf 82' lang='lat'><strong><em>‘</em></strong></span> 
     </span>
     <span class='ocr_line' id='line_1_5' title="bbox 73 760 1353 870; baseline 0.005 -31"><span class='ocrx_word' id='word_1_31' title='bbox 73 762 171 861; x_wconf 85' lang='grc' dir='ltr'><strong><em>μίαι,</em></strong></span> <span class='ocrx_word' id='word_1_32' title='bbox 204 760 228 861; x_wconf 84' lang='grc' dir='ltr'><em>ἡ</em></span> <span class='ocrx_word' id='word_1_33' title='bbox 262 761 365 850; x_wconf 80' lang='grc' dir='ltr'><strong><em>δεξιοὶ</em></strong></span> <span class='ocrx_word' id='word_1_34' title='bbox 400 764 529 840; x_wconf 81' lang='grc' dir='ltr'><strong><em>αὐτῶν</em></strong></span> <span class='ocrx_word' id='word_1_35' title='bbox 560 760 729 864; x_wconf 79' lang='grc' dir='ltr'><strong><em>ἐπλήσθη</em></strong></span> <span class='ocrx_word' id='word_1_36' title='bbox 763 760 913 865; x_wconf 80' lang='grc' dir='ltr'><strong><em>δώρων.</em></strong></span> <span class='ocrx_word' id='word_1_37' title='bbox 959 763 1055 870; x_wconf 61' lang='lat' dir='ltr'><strong><em>&#39;M</em></strong></span> <span class='ocrx_word' id='word_1_38' title='bbox 1081 765 1122 842; x_wconf 80' lang='grc' dir='ltr'><strong><em>δέ</em></strong></span> <span class='ocrx_word' id='word_1_39' title='bbox 1148 770 1190 845; x_wconf 87' lang='grc' dir='ltr'><strong><em>έν</em></strong></span> <span class='ocrx_word' id='word_1_40' title='bbox 1215 766 1353 868; x_wconf 76' lang='grc' dir='ltr'><strong><em>ἀκακία</em></strong></span> 
     </span>
     <span class='ocr_line' id='line_1_6' title="bbox 72 861 1353 966; baseline 0.005 -25"><span class='ocrx_word' id='word_1_41' title='bbox 72 894 150 963; x_wconf 87' lang='grc' dir='ltr'><strong><em>μου</em></strong></span> <span class='ocrx_word' id='word_1_42' title='bbox 175 862 402 965; x_wconf 80' lang='grc' dir='ltr'><strong><em>ἐπορεύθην·</em></strong></span> <span class='ocrx_word' id='word_1_43' title='bbox 430 862 619 966; x_wconf 86' lang='grc' dir='ltr'><strong><em>λύτρωσαί</em></strong></span> <span class='ocrx_word' id='word_1_44' title='bbox 641 894 708 964; x_wconf 86' lang='grc' dir='ltr'><strong><em>με,</em></strong></span> <span class='ocrx_word' id='word_1_45' title='bbox 720 861 849 966; x_wconf 81' lang='grc' dir='ltr'><strong><em>Κύριε,</em></strong></span> <span class='ocrx_word' id='word_1_46' title='bbox 874 864 938 942; x_wconf 80' lang='grc' dir='ltr'><strong><em>καί</em></strong></span> <span class='ocrx_word' id='word_1_47' title='bbox 953 862 1103 964; x_wconf 75' lang='grc' dir='ltr'><strong><em>ἐλέησόν</em></strong></span> <span class='ocrx_word' id='word_1_48' title='bbox 1117 897 1188 966; x_wconf 70' lang='grc' dir='ltr'><strong><em>με,</em></strong></span> <span class='ocrx_word' id='word_1_49' title='bbox 1199 868 1243 947; x_wconf 89' lang='grc' dir='ltr'>Ὁ</span> <span class='ocrx_word' id='word_1_50' title='bbox 1259 867 1353 956; x_wconf 82' lang='grc' dir='ltr'><strong><em>πούς</em></strong></span> 
     </span>
     <span class='ocr_line' id='line_1_7' title="bbox 72 962 1348 1073; baseline 0.003 -30"><span class='ocrx_word' id='word_1_51' title='bbox 72 995 150 1064; x_wconf 87' lang='grc' dir='ltr'><strong><em>μου</em></strong></span> <span class='ocrx_word' id='word_1_52' title='bbox 175 968 261 1064; x_wconf 82' lang='grc' dir='ltr'><strong><em>έστη</em></strong></span> <span class='ocrx_word' id='word_1_53' title='bbox 286 969 328 1044; x_wconf 81' lang='grc' dir='ltr'><strong><em>ἐν</em></strong></span> <span class='ocrx_word' id='word_1_54' title='bbox 352 962 546 1065; x_wconf 74' lang='grc' dir='ltr'><strong><em>εῦθῦτητι,</em></strong></span> <span class='ocrx_word' id='word_1_55' title='bbox 571 969 614 1044; x_wconf 80' lang='grc' dir='ltr'><strong><em>ἐν</em></strong></span> <span class='ocrx_word' id='word_1_56' title='bbox 639 966 844 1066; x_wconf 71' lang='grc' dir='ltr'><strong><em>ἐκκλησίαις</em></strong></span> <span class='ocrx_word' id='word_1_57' title='bbox 869 965 1059 1073; x_wconf 79' lang='grc' dir='ltr'><strong><em>εὐλογήσω</em></strong></span> <span class='ocrx_word' id='word_1_58' title='bbox 1086 970 1126 1046; x_wconf 80' lang='grc' dir='ltr'><strong><em>σε</em></strong></span> <span class='ocrx_word' id='word_1_59' title='bbox 1151 967 1277 1072; x_wconf 84' lang='grc' dir='ltr'><strong><em>Κόριε.</em></strong></span> <span class='ocrx_word' id='word_1_60' title='bbox 1345 1028 1348 1033; x_wconf 89' lang='grc'>-</span> 
     </span>
    </p>
   </div>
   <div class='ocr_carea' id='block_1_4' title="bbox 158 1070 1481 1178">
    <p class='ocr_par' dir='ltr' id='par_1_4' title="bbox 158 1070 1481 1178">
     <span class='ocr_line' id='line_1_8' title="bbox 158 1070 1481 1178; baseline 0.005 -26"><span class='ocrx_word' id='word_1_61' title='bbox 158 1081 231 1152; x_wconf 77' lang='grc' dir='ltr'><strong><em>Καὶ</em></strong></span> <span class='ocrx_word' id='word_1_62' title='bbox 257 1079 364 1165; x_wconf 73' lang='grc' dir='ltr'><strong><em>οὕτως</em></strong></span> <span class='ocrx_word' id='word_1_63' title='bbox 390 1080 595 1173; x_wconf 74' lang='grc' dir='ltr'><strong><em>ἀπέρχονται</em></strong></span> <span class='ocrx_word' id='word_1_64' title='bbox 621 1082 656 1152; x_wconf 80' lang='grc' dir='ltr'><strong><em>δν</em></strong></span> <span class='ocrx_word' id='word_1_65' title='bbox 683 1089 724 1176; x_wconf 80' lang='grc' dir='ltr'><strong><em>τῇ</em></strong></span> <span class='ocrx_word' id='word_1_66' title='bbox 750 1083 930 1172; x_wconf 73' lang='grc' dir='ltr'><strong><em>προθέσει.</em></strong></span> <span class='ocrx_word' id='word_1_67' title='bbox 980 1077 1067 1155; x_wconf 80' lang='grc' dir='ltr'><strong><em>Ελτα</em></strong></span> <span class='ocrx_word' id='word_1_68' title='bbox 1093 1070 1386 1178; x_wconf 59' lang='grc' dir='ltr'><strong><em>προςκυνηματω</em></strong></span> <span class='ocrx_word' id='word_1_69' title='bbox 1477 1120 1481 1129; x_wconf 93' lang='grc'><strong><em>·</em></strong></span> 
     </span>
    </p>
   </div>
   <div class='ocr_carea' id='block_1_5' title="bbox 72 1179 1352 1778">
    <p class='ocr_par' dir='ltr' id='par_1_5' title="bbox 72 1179 1352 1390">
     <span class='ocr_line' id='line_1_9' title="bbox 72 1179 1299 1276; baseline 0.003 -23"><span class='ocrx_word' id='word_1_70' title='bbox 72 1179 152 1273; x_wconf 88' lang='grc' dir='ltr'><strong><em>τρία</em></strong></span> <span class='ocrx_word' id='word_1_71' title='bbox 173 1181 370 1273; x_wconf 74' lang='grc' dir='ltr'><strong><em>ἔμπροσθεν</em></strong></span> <span class='ocrx_word' id='word_1_72' title='bbox 389 1191 449 1275; x_wconf 76' lang='grc' dir='ltr'><strong><em>τῆς</em></strong></span> <span class='ocrx_word' id='word_1_73' title='bbox 468 1183 669 1275; x_wconf 72' lang='grc' dir='ltr'><strong><em>προθέσεως</em></strong></span> <span class='ocrx_word' id='word_1_74' title='bbox 688 1181 901 1276; x_wconf 79' lang='grc' dir='ltr'><strong><em>ποιήσαντες,</em></strong></span> <span class='ocrx_word' id='word_1_75' title='bbox 925 1183 1079 1275; x_wconf 81' lang='grc' dir='ltr'><strong><em>λέγουσιν</em></strong></span> <span class='ocrx_word' id='word_1_76' title='bbox 1099 1185 1238 1271; x_wconf 68' lang='grc' dir='ltr'><strong><em>ἕκαστος</em></strong></span> <span class='ocrx_word' id='word_1_77' title='bbox 1258 1188 1299 1257; x_wconf 87' lang='grc' dir='ltr'><strong><em>τό</em></strong></span> 
     </span>
     <span class='ocr_line' id='line_1_10' title="bbox 154 1284 1352 1390; baseline 0.004 -25"><span class='ocrx_word' id='word_1_78' title='bbox 154 1287 199 1366; x_wconf 90' lang='grc' dir='ltr'><em>Ὁ</em></span> <span class='ocrx_word' id='word_1_79' title='bbox 234 1287 322 1374; x_wconf 84' lang='grc' dir='ltr'><strong><em>Θεὸς</em></strong></span> <span class='ocrx_word' id='word_1_80' title='bbox 352 1284 531 1386; x_wconf 75' lang='grc' dir='ltr'><strong><em>ἱλάσθητί</em></strong></span> <span class='ocrx_word' id='word_1_81' title='bbox 561 1316 627 1387; x_wconf 88' lang='grc' dir='ltr'><strong><em>μοι</em></strong></span> <span class='ocrx_word' id='word_1_82' title='bbox 657 1295 714 1389; x_wconf 74' lang='grc' dir='ltr'><strong><em>τῷ</em></strong></span> <span class='ocrx_word' id='word_1_83' title='bbox 747 1288 980 1389; x_wconf 78' lang='grc' dir='ltr'><strong><em>ἀματρωλῷ,</em></strong></span> <span class='ocrx_word' id='word_1_84' title='bbox 1016 1289 1080 1367; x_wconf 78' lang='grc' dir='ltr'><strong><em>καί</em></strong></span> <span class='ocrx_word' id='word_1_85' title='bbox 1112 1288 1261 1390; x_wconf 75' lang='grc' dir='ltr'><strong><em>ἐλέησόν</em></strong></span> <span class='ocrx_word' id='word_1_86' title='bbox 1292 1318 1352 1389; x_wconf 85' lang='grc' dir='ltr'><strong><em>με.</em></strong></span> 
     </span>
    </p>

    <p class='ocr_par' dir='ltr' id='par_1_6' title="bbox 74 1387 1352 1494">
     <span class='ocr_line' id='line_1_11' title="bbox 74 1387 1352 1494; baseline 0.005 -31"><span class='ocrx_word' id='word_1_87' title='bbox 74 1402 146 1472; x_wconf 74' lang='grc' dir='ltr'><strong><em>Καὶ</em></strong></span> <span class='ocrx_word' id='word_1_88' title='bbox 176 1404 216 1472; x_wconf 67' lang='grc' dir='ltr'><strong><em>τὸ</em></strong></span> <span class='ocrx_word' id='word_1_89' title='bbox 248 1387 495 1493; x_wconf 81' lang='grc' dir='ltr'><strong><em>Ἐξηγόρασας</em></strong></span> <span class='ocrx_word' id='word_1_90' title='bbox 517 1388 617 1488; x_wconf 82' lang='grc' dir='ltr'><strong><em>ἡμᾶς</em></strong></span> <span class='ocrx_word' id='word_1_91' title='bbox 642 1394 682 1467; x_wconf 78' lang='grc' dir='ltr'><strong><em>ἐκ</em></strong></span> <span class='ocrx_word' id='word_1_92' title='bbox 706 1398 771 1488; x_wconf 82' lang='grc' dir='ltr'><strong><em>τῆς</em></strong></span> <span class='ocrx_word' id='word_1_93' title='bbox 795 1389 961 1491; x_wconf 78' lang='grc' dir='ltr'><strong><em>κατάρας</em></strong></span> <span class='ocrx_word' id='word_1_94' title='bbox 983 1399 1053 1468; x_wconf 91' lang='grc' dir='ltr'><strong><em>τοῦ</em></strong></span> <span class='ocrx_word' id='word_1_95' title='bbox 1077 1388 1200 1491; x_wconf 86' lang='grc' dir='ltr'><strong><em>νόμου</em></strong></span> <span class='ocrx_word' id='word_1_96' title='bbox 1224 1401 1279 1494; x_wconf 77' lang='grc' dir='ltr'><strong><em>τῷ</em></strong></span> <span class='ocrx_word' id='word_1_97' title='bbox 1295 1423 1352 1469; x_wconf 85' lang='grc' dir='ltr'><strong><em>τι-</em></strong></span> 
     </span>
    </p>

    <p class='ocr_par' dir='ltr' id='par_1_7' title="bbox 74 1489 1352 1597">
     <span class='ocr_line' id='line_1_12' title="bbox 74 1489 1352 1597; baseline 0.005 -32"><span class='ocrx_word' id='word_1_98' title='bbox 74 1489 149 1588; x_wconf 80' lang='grc' dir='ltr'><strong><em>μίῳ</em></strong></span> <span class='ocrx_word' id='word_1_99' title='bbox 175 1514 246 1568; x_wconf 88' lang='grc' dir='ltr'><strong><em>σου</em></strong></span> <span class='ocrx_word' id='word_1_100' title='bbox 272 1493 413 1588; x_wconf 74' lang='grc' dir='ltr'><strong><em>αἵματι,</em></strong></span> <span class='ocrx_word' id='word_1_101' title='bbox 438 1500 493 1591; x_wconf 82' lang='grc' dir='ltr'><strong><em>τῷ</em></strong></span> <span class='ocrx_word' id='word_1_102' title='bbox 519 1500 672 1593; x_wconf 78' lang='grc' dir='ltr'><strong><em>σταυρῷ</em></strong></span> <span class='ocrx_word' id='word_1_103' title='bbox 696 1491 949 1593; x_wconf 83' lang='grc' dir='ltr'><strong><em>προςηλωθεὶς</em></strong></span> <span class='ocrx_word' id='word_1_104' title='bbox 971 1493 1036 1570; x_wconf 81' lang='grc' dir='ltr'><strong><em>καί</em></strong></span> <span class='ocrx_word' id='word_1_105' title='bbox 1056 1501 1102 1593; x_wconf 79' lang='grc' dir='ltr'><strong><em>τῇ</em></strong></span> <span class='ocrx_word' id='word_1_106' title='bbox 1127 1491 1241 1597; x_wconf 87' lang='grc' dir='ltr'><strong><em>λόγχη</em></strong></span> <span class='ocrx_word' id='word_1_107' title='bbox 1267 1523 1352 1573; x_wconf 85' lang='grc' dir='ltr'><strong><em>κεν-</em></strong></span> 
     </span>
    </p>

    <p class='ocr_par' dir='ltr' id='par_1_8' title="bbox 74 1591 1352 1778">
     <span class='ocr_line' id='line_1_13' title="bbox 74 1591 1352 1778; baseline 0.005 -112"><span class='ocrx_word' id='word_1_108' title='bbox 74 1591 214 1778; x_wconf 60' lang='grc' dir='ltr'><strong><em>ηηιξθελς,</em></strong></span> <span class='ocrx_word' id='word_1_109' title='bbox 245 1593 315 1690; x_wconf 87' lang='grc' dir='ltr'><strong><em>τὴν</em></strong></span> <span class='ocrx_word' id='word_1_110' title='bbox 347 1592 569 1672; x_wconf 79' lang='grc' dir='ltr'><strong><em>ἀθανασίαν</em></strong></span> <span class='ocrx_word' id='word_1_111' title='bbox 602 1591 788 1699; x_wconf 77' lang='grc' dir='ltr'><strong><em>ἐπήγασας</em></strong></span> <span class='ocrx_word' id='word_1_112' title='bbox 823 1592 1055 1696; x_wconf 78' lang='grc' dir='ltr'><strong><em>ἀνθρώποις,</em></strong></span> <span class='ocrx_word' id='word_1_113' title='bbox 1092 1595 1216 1698; x_wconf 75' lang='grc' dir='ltr'><strong><em>σωτδρ</em></strong></span> <span class='ocrx_word' id='word_1_114' title='bbox 1241 1596 1352 1696; x_wconf 80' lang='grc' dir='ltr'><strong><em>ἡμῶν</em></strong></span> 
     </span>
     <span class='ocr_line' id='line_1_14' title="bbox 140 1717 261 1769; baseline -0.008 -1"><span class='ocrx_word' id='word_1_115' title='bbox 140 1723 166 1768; x_wconf 92' lang='grc' dir='ltr'><strong><em>α</em></strong></span> <span class='ocrx_word' id='word_1_116' title='bbox 192 1717 261 1769; x_wconf 89' lang='grc' dir='ltr'><strong><em>σοι.</em></strong></span> 
     </span>
    </p>
   </div>
   <div class='ocr_carea' id='block_1_6' title="bbox 63 1843 1351 3326">
    <p class='ocr_par' dir='ltr' id='par_1_9' title="bbox 160 1843 1028 1948">
     <span class='ocr_line' id='line_1_15' title="bbox 160 1843 1028 1948; baseline 0.001 -26"><span class='ocrx_word' id='word_1_117' title='bbox 160 1846 199 1922; x_wconf 83' lang='lat' dir='ltr'><strong><em>V.</em></strong></span> <span class='ocrx_word' id='word_1_118' title='bbox 242 1858 313 1929; x_wconf 84' lang='grc' dir='ltr'><strong><em>Καὶ</em></strong></span> <span class='ocrx_word' id='word_1_119' title='bbox 334 1855 353 1929; x_wconf 89' lang='grc' dir='ltr'><strong><em>ό</em></strong></span> <span class='ocrx_word' id='word_1_120' title='bbox 376 1856 545 1947; x_wconf 82' lang='grc' dir='ltr'><strong><em>διόκονος·</em></strong></span> <span class='ocrx_word' id='word_1_121' title='bbox 582 1843 785 1948; x_wconf 85' lang='grc' dir='ltr'><strong><em>εάλόγησσν</em></strong></span> <span class='ocrx_word' id='word_1_122' title='bbox 810 1845 982 1923; x_wconf 79' lang='grc' dir='ltr'><strong><em>δέσποτα.</em></strong></span> <span class='ocrx_word' id='word_1_123' title='bbox 1025 1939 1028 1944; x_wconf 31' lang='grc'><strong><em>,</em></strong></span> 
     </span>
    </p>

    <p class='ocr_par' dir='ltr' id='par_1_10' title="bbox 155 1957 719 2052">
     <span class='ocr_line' id='line_1_16' title="bbox 155 1957 719 2052; baseline 0 -22"><span class='ocrx_word' id='word_1_124' title='bbox 155 1959 229 2030; x_wconf 85' lang='grc' dir='ltr'><strong><em>Καί</em></strong></span> <span class='ocrx_word' id='word_1_125' title='bbox 248 1966 345 2030; x_wconf 87' lang='grc' dir='ltr'><strong><em>ποιεῖ</em></strong></span> <span class='ocrx_word' id='word_1_126' title='bbox 364 1957 384 2030; x_wconf 83' lang='grc' dir='ltr'>ὁ</span> <span class='ocrx_word' id='word_1_127' title='bbox 407 1958 514 2048; x_wconf 81' lang='grc' dir='ltr'><strong><em>ίερεῦς</em></strong></span> <span class='ocrx_word' id='word_1_128' title='bbox 533 1957 719 2052; x_wconf 83' lang='grc' dir='ltr'><strong><em>εάλογητόν.</em></strong></span> 
     </span>
    </p>

    <p class='ocr_par' dir='ltr' id='par_1_11' title="bbox 73 2059 1350 2264">
     <span class='ocr_line' id='line_1_17' title="bbox 155 2059 1350 2166; baseline 0.003 -28"><span class='ocrx_word' id='word_1_129' title='bbox 155 2064 366 2166; x_wconf 76' lang='grc' dir='ltr'><strong><em>Εὐλογητὸς</em></strong></span> <span class='ocrx_word' id='word_1_130' title='bbox 392 2063 413 2138; x_wconf 82' lang='grc' dir='ltr'><strong><em>ό</em></strong></span> <span class='ocrx_word' id='word_1_131' title='bbox 442 2064 529 2149; x_wconf 82' lang='grc' dir='ltr'><em>Θεὸς</em></span> <span class='ocrx_word' id='word_1_132' title='bbox 554 2064 675 2162; x_wconf 77' lang='grc' dir='ltr'><strong><em>ἡμῶν,</em></strong></span> <span class='ocrx_word' id='word_1_133' title='bbox 708 2059 881 2155; x_wconf 79' lang='grc' dir='ltr'><strong><em>πάντοτε,</em></strong></span> <span class='ocrx_word' id='word_1_134' title='bbox 912 2073 987 2150; x_wconf 87' lang='grc' dir='ltr'><strong><em>νῦν</em></strong></span> <span class='ocrx_word' id='word_1_135' title='bbox 1018 2064 1082 2142; x_wconf 84' lang='grc' dir='ltr'><strong><em>καὶ</em></strong></span> <span class='ocrx_word' id='word_1_136' title='bbox 1103 2065 1177 2156; x_wconf 83' lang='grc' dir='ltr'><strong><em>ἀεὶ,</em></strong></span> <span class='ocrx_word' id='word_1_137' title='bbox 1210 2066 1350 2153; x_wconf 78' lang='grc' dir='ltr'><strong><em>καλεῖς</em></strong></span> 
     </span>
     <span class='ocr_line' id='line_1_18' title="bbox 73 2162 791 2264; baseline 0.003 -24"><span class='ocrx_word' id='word_1_138' title='bbox 73 2165 158 2250; x_wconf 82' lang='grc' dir='ltr'><strong><em>τοὺς</em></strong></span> <span class='ocrx_word' id='word_1_139' title='bbox 185 2171 327 2251; x_wconf 74' lang='grc' dir='ltr'><strong><em>αἰῶνας</em></strong></span> <span class='ocrx_word' id='word_1_140' title='bbox 349 2174 429 2242; x_wconf 83' lang='grc' dir='ltr'><strong><em>τῶν</em></strong></span> <span class='ocrx_word' id='word_1_141' title='bbox 454 2162 617 2242; x_wconf 84' lang='grc' dir='ltr'><strong><em>αλαίνων.</em></strong></span> <span class='ocrx_word' id='word_1_142' title='bbox 661 2162 791 2264; x_wconf 76' lang='grc' dir='ltr'><strong><em>Ἀμήν.</em></strong></span> 
     </span>
    </p>

    <p class='ocr_par' dir='ltr' id='par_1_12' title="bbox 70 2276 1350 2575">
     <span class='ocr_line' id='line_1_19' title="bbox 155 2276 1350 2374; baseline -0.001 -22"><span class='ocrx_word' id='word_1_143' title='bbox 155 2276 242 2352; x_wconf 79' lang='grc' dir='ltr'><strong><em>Εἶτα</em></strong></span> <span class='ocrx_word' id='word_1_144' title='bbox 269 2277 432 2369; x_wconf 77' lang='grc' dir='ltr'><strong><em>λαμβάνει</em></strong></span> <span class='ocrx_word' id='word_1_145' title='bbox 458 2277 477 2350; x_wconf 88' lang='grc' dir='ltr'><strong><em>ό</em></strong></span> <span class='ocrx_word' id='word_1_146' title='bbox 503 2279 611 2371; x_wconf 77' lang='grc' dir='ltr'><strong><em>ἱερεὺς</em></strong></span> <span class='ocrx_word' id='word_1_147' title='bbox 632 2280 668 2350; x_wconf 81' lang='grc' dir='ltr'><strong><em>έν</em></strong></span> <span class='ocrx_word' id='word_1_148' title='bbox 687 2280 749 2368; x_wconf 80' lang='grc' dir='ltr'><strong><em>μέν</em></strong></span> <span class='ocrx_word' id='word_1_149' title='bbox 769 2288 810 2373; x_wconf 79' lang='grc' dir='ltr'><strong><em>τῇ</em></strong></span> <span class='ocrx_word' id='word_1_150' title='bbox 833 2278 991 2373; x_wconf 78' lang='grc' dir='ltr'><strong><em>ἀριστερᾷ</em></strong></span> <span class='ocrx_word' id='word_1_151' title='bbox 1010 2280 1097 2371; x_wconf 84' lang='grc' dir='ltr'><strong><em>χειρί</em></strong></span> <span class='ocrx_word' id='word_1_152' title='bbox 1116 2280 1176 2372; x_wconf 77' lang='grc' dir='ltr'><strong><em>τὴν</em></strong></span> <span class='ocrx_word' id='word_1_153' title='bbox 1196 2306 1350 2374; x_wconf 82' lang='grc' dir='ltr'><strong><em>προςφο-</em></strong></span> 
     </span>
     <span class='ocr_line' id='line_1_20' title="bbox 72 2378 1350 2474; baseline -0.002 -23"><span class='ocrx_word' id='word_1_154' title='bbox 72 2381 142 2472; x_wconf 85' lang='grc' dir='ltr'><strong><em>ράν,</em></strong></span> <span class='ocrx_word' id='word_1_155' title='bbox 165 2381 202 2451; x_wconf 84' lang='grc' dir='ltr'><strong><em>έν</em></strong></span> <span class='ocrx_word' id='word_1_156' title='bbox 224 2382 262 2452; x_wconf 78' lang='grc' dir='ltr'><strong><em>δέ</em></strong></span> <span class='ocrx_word' id='word_1_157' title='bbox 284 2385 379 2473; x_wconf 81' lang='grc' dir='ltr'><strong><em>δεξιᾷ</em></strong></span> <span class='ocrx_word' id='word_1_158' title='bbox 399 2381 458 2473; x_wconf 79' lang='grc' dir='ltr'><strong><em>τὴν</em></strong></span> <span class='ocrx_word' id='word_1_159' title='bbox 479 2378 578 2471; x_wconf 86' lang='grc' dir='ltr'><strong><em>ἀγίαν</em></strong></span> <span class='ocrx_word' id='word_1_160' title='bbox 598 2380 725 2474; x_wconf 88' lang='grc' dir='ltr'><strong><em>λόγχην.</em></strong></span> <span class='ocrx_word' id='word_1_161' title='bbox 754 2381 826 2450; x_wconf 84' lang='grc' dir='ltr'><strong><em>Καὶ</em></strong></span> <span class='ocrx_word' id='word_1_162' title='bbox 848 2382 1038 2474; x_wconf 87' lang='grc' dir='ltr'><strong><em>σφραγίζων</em></strong></span> <span class='ocrx_word' id='word_1_163' title='bbox 1059 2383 1120 2452; x_wconf 86' lang='grc' dir='ltr'><strong><em>σῦν</em></strong></span> <span class='ocrx_word' id='word_1_164' title='bbox 1136 2378 1219 2473; x_wconf 72' lang='grc' dir='ltr'><strong><em>αὐτῇ</em></strong></span> <span class='ocrx_word' id='word_1_165' title='bbox 1233 2381 1350 2452; x_wconf 83' lang='grc' dir='ltr'><strong><em>όπάνω</em></strong></span> 
     </span>
     <span class='ocr_line' id='line_1_21' title="bbox 70 2480 856 2575; baseline 0.003 -24"><span class='ocrx_word' id='word_1_166' title='bbox 70 2491 130 2573; x_wconf 80' lang='grc' dir='ltr'><strong><em>τῆς</em></strong></span> <span class='ocrx_word' id='word_1_167' title='bbox 151 2480 338 2574; x_wconf 83' lang='grc' dir='ltr'><strong><em>σφραγίδος</em></strong></span> <span class='ocrx_word' id='word_1_168' title='bbox 357 2488 417 2573; x_wconf 85' lang='grc' dir='ltr'><strong><em>τῆς</em></strong></span> <span class='ocrx_word' id='word_1_169' title='bbox 436 2489 634 2575; x_wconf 85' lang='grc' dir='ltr'><strong><em>προςφορᾶς</em></strong></span> <span class='ocrx_word' id='word_1_170' title='bbox 653 2484 727 2575; x_wconf 82' lang='grc' dir='ltr'><strong><em>τρὶς</em></strong></span> <span class='ocrx_word' id='word_1_171' title='bbox 747 2483 856 2573; x_wconf 81' lang='grc' dir='ltr'><strong><em>λέγει·</em></strong></span> 
     </span>
    </p>

    <p class='ocr_par' dir='ltr' id='par_1_13' title="bbox 63 2585 1351 2790">
     <span class='ocr_line' id='line_1_22' title="bbox 154 2585 1351 2689; baseline 0.003 -26"><span class='ocrx_word' id='word_1_172' title='bbox 154 2594 221 2673; x_wconf 77' lang='grc' dir='ltr'><strong><em>Εἰς</em></strong></span> <span class='ocrx_word' id='word_1_173' title='bbox 247 2585 459 2685; x_wconf 81' lang='grc' dir='ltr'><strong><em>ἀνάμνησιν</em></strong></span> <span class='ocrx_word' id='word_1_174' title='bbox 483 2596 552 2663; x_wconf 90' lang='grc' dir='ltr'><strong><em>τοῦ</em></strong></span> <span class='ocrx_word' id='word_1_175' title='bbox 577 2587 735 2688; x_wconf 83' lang='grc' dir='ltr'><strong><em>Κυρίου,</em></strong></span> <span class='ocrx_word' id='word_1_176' title='bbox 760 2588 825 2663; x_wconf 82' lang='grc' dir='ltr'><strong><em>καί</em></strong></span> <span class='ocrx_word' id='word_1_177' title='bbox 847 2593 953 2678; x_wconf 84' lang='grc' dir='ltr'><strong><em>Θεοῦ,</em></strong></span> <span class='ocrx_word' id='word_1_178' title='bbox 978 2587 1043 2664; x_wconf 84' lang='grc' dir='ltr'><strong><em>καὶ</em></strong></span> <span class='ocrx_word' id='word_1_179' title='bbox 1061 2598 1226 2689; x_wconf 81' lang='grc' dir='ltr'><strong><em>σωτῆρος</em></strong></span> <span class='ocrx_word' id='word_1_180' title='bbox 1240 2588 1351 2687; x_wconf 77' lang='grc' dir='ltr'><strong><em>ἡμῶν</em></strong></span> 
     </span>
     <span class='ocr_line' id='line_1_23' title="bbox 63 2691 390 2790; baseline -0.006 -24"><span class='ocrx_word' id='word_1_181' title='bbox 63 2691 186 2788; x_wconf 80' lang='grc' dir='ltr'><strong><em>Ἰησοῦ</em></strong></span> <span class='ocrx_word' id='word_1_182' title='bbox 210 2696 390 2790; x_wconf 82' lang='grc' dir='ltr'><strong><em>Χριστοῦ.</em></strong></span> 
     </span>
    </p>

    <p class='ocr_par' dir='ltr' id='par_1_14' title="bbox 72 2801 1351 3001">
     <span class='ocr_line' id='line_1_24' title="bbox 154 2801 1351 2897; baseline 0 -22"><span class='ocrx_word' id='word_1_183' title='bbox 154 2805 228 2875; x_wconf 82' lang='grc' dir='ltr'><strong><em>Καὶ</em></strong></span> <span class='ocrx_word' id='word_1_184' title='bbox 254 2803 358 2887; x_wconf 76' lang='grc' dir='ltr'><strong><em>εὐθὺς</em></strong></span> <span class='ocrx_word' id='word_1_185' title='bbox 384 2802 529 2894; x_wconf 78' lang='grc' dir='ltr'><strong><em>πήγνυσι</em></strong></span> <span class='ocrx_word' id='word_1_186' title='bbox 554 2804 614 2895; x_wconf 77' lang='grc' dir='ltr'><strong><em>τὴν</em></strong></span> <span class='ocrx_word' id='word_1_187' title='bbox 641 2801 738 2894; x_wconf 78' lang='grc' dir='ltr'><strong><em>ἁγίαν</em></strong></span> <span class='ocrx_word' id='word_1_188' title='bbox 766 2802 884 2897; x_wconf 79' lang='grc' dir='ltr'><strong><em>λόγχην</em></strong></span> <span class='ocrx_word' id='word_1_189' title='bbox 911 2801 947 2877; x_wconf 81' lang='grc' dir='ltr'><strong><em>έν</em></strong></span> <span class='ocrx_word' id='word_1_190' title='bbox 973 2810 1023 2894; x_wconf 78' lang='grc' dir='ltr'><strong><em>τῷ</em></strong></span> <span class='ocrx_word' id='word_1_191' title='bbox 1051 2804 1153 2894; x_wconf 74' lang='grc' dir='ltr'><strong><em>δεξιῷ</em></strong></span> <span class='ocrx_word' id='word_1_192' title='bbox 1175 2803 1272 2896; x_wconf 84' lang='grc' dir='ltr'><strong><em>μέρει</em></strong></span> <span class='ocrx_word' id='word_1_193' title='bbox 1290 2811 1351 2895; x_wconf 82' lang='grc' dir='ltr'><strong><em>τῆς</em></strong></span> 
     </span>
     <span class='ocr_line' id='line_1_25' title="bbox 72 2903 682 3001; baseline -0.005 -24"><span class='ocrx_word' id='word_1_194' title='bbox 72 2905 266 3001; x_wconf 84' lang='grc' dir='ltr'><strong><em>σφραγίδος,</em></strong></span> <span class='ocrx_word' id='word_1_195' title='bbox 287 2906 345 2976; x_wconf 84' lang='grc' dir='ltr'><strong><em>καὶ</em></strong></span> <span class='ocrx_word' id='word_1_196' title='bbox 365 2903 555 2992; x_wconf 86' lang='grc' dir='ltr'><strong><em>ἀνατέμνων</em></strong></span> <span class='ocrx_word' id='word_1_197' title='bbox 575 2906 682 2994; x_wconf 86' lang='grc' dir='ltr'><strong><em>λέγει·</em></strong></span> 
     </span>
    </p>

    <p class='ocr_par' dir='ltr' id='par_1_15' title="bbox 148 3006 830 3112">
     <span class='ocr_line' id='line_1_26' title="bbox 148 3006 830 3112; baseline -0.007 -24"><span class='ocrx_word' id='word_1_198' title='bbox 148 3011 215 3096; x_wconf 87' lang='grc' dir='ltr'><strong><em>Ὡς</em></strong></span> <span class='ocrx_word' id='word_1_199' title='bbox 239 3006 432 3112; x_wconf 82' lang='grc' dir='ltr'><strong><em>πρόβατον</em></strong></span> <span class='ocrx_word' id='word_1_200' title='bbox 458 3009 517 3084; x_wconf 80' lang='grc' dir='ltr'><strong><em>ἐπὶ</em></strong></span> <span class='ocrx_word' id='word_1_201' title='bbox 543 3009 695 3112; x_wconf 67' lang='grc' dir='ltr'><strong><em>σφαγὴν</em></strong></span> <span class='ocrx_word' id='word_1_202' title='bbox 716 3010 830 3108; x_wconf 80' lang='grc' dir='ltr'><strong><em>ἤχθη</em></strong></span> 
     </span>
    </p>

    <p class='ocr_par' dir='ltr' id='par_1_16' title="bbox 154 3119 1283 3218">
     <span class='ocr_line' id='line_1_27' title="bbox 154 3119 1283 3218; baseline -0.004 -22"><span class='ocrx_word' id='word_1_203' title='bbox 154 3123 208 3196; x_wconf 82' lang='grc' dir='ltr'><strong><em>Ἐν</em></strong></span> <span class='ocrx_word' id='word_1_204' title='bbox 229 3126 267 3197; x_wconf 80' lang='grc' dir='ltr'><strong><em>δέ</em></strong></span> <span class='ocrx_word' id='word_1_205' title='bbox 287 3133 335 3216; x_wconf 77' lang='grc' dir='ltr'><strong><em>τῷ</em></strong></span> <span class='ocrx_word' id='word_1_206' title='bbox 356 3122 518 3218; x_wconf 79' lang='grc' dir='ltr'><strong><em>ἀριστερῷ</em></strong></span> <span class='ocrx_word' id='word_1_207' title='bbox 539 3122 666 3212; x_wconf 87' lang='grc' dir='ltr'><strong><em>δμοίως</em></strong></span> <span class='ocrx_word' id='word_1_208' title='bbox 685 3125 812 3216; x_wconf 87' lang='grc' dir='ltr'><strong><em>πηγνῦς</em></strong></span> <span class='ocrx_word' id='word_1_209' title='bbox 832 3122 892 3212; x_wconf 76' lang='grc' dir='ltr'><strong><em>τὴν</em></strong></span> <span class='ocrx_word' id='word_1_210' title='bbox 913 3119 1010 3211; x_wconf 83' lang='grc' dir='ltr'><strong><em>ἁγίαν</em></strong></span> <span class='ocrx_word' id='word_1_211' title='bbox 1031 3119 1158 3213; x_wconf 82' lang='grc' dir='ltr'><strong><em>λόγχην,</em></strong></span> <span class='ocrx_word' id='word_1_212' title='bbox 1180 3121 1283 3210; x_wconf 80' lang='grc' dir='ltr'><strong><em>λέγει·</em></strong></span> 
     </span>
    </p>

    <p class='ocr_par' dir='ltr' id='par_1_17' title="bbox 154 3224 1350 3326">
     <span class='ocr_line' id='line_1_28' title="bbox 154 3224 1350 3326; baseline -0.004 -20"><span class='ocrx_word' id='word_1_213' title='bbox 154 3230 232 3307; x_wconf 78' lang='grc' dir='ltr'><strong><em>Καὶ</em></strong></span> <span class='ocrx_word' id='word_1_214' title='bbox 257 3229 309 3316; x_wconf 82' lang='grc' dir='ltr'><strong><em>ιῦς</em></strong></span> <span class='ocrx_word' id='word_1_215' title='bbox 334 3229 454 3326; x_wconf 87' lang='grc' dir='ltr'><strong><em>ἀμνὸς</em></strong></span> <span class='ocrx_word' id='word_1_216' title='bbox 472 3231 609 3313; x_wconf 82' lang='grc' dir='ltr'><strong><em>ἄκακος</em></strong></span> <span class='ocrx_word' id='word_1_217' title='bbox 625 3227 799 3306; x_wconf 78' lang='grc' dir='ltr'><strong><em>ἐναντίον</em></strong></span> <span class='ocrx_word' id='word_1_218' title='bbox 815 3234 884 3302; x_wconf 90' lang='grc' dir='ltr'><strong><em>τοῦ</em></strong></span> <span class='ocrx_word' id='word_1_219' title='bbox 901 3225 1089 3326; x_wconf 82' lang='grc' dir='ltr'><strong><em>κείροντος</em></strong></span> <span class='ocrx_word' id='word_1_220' title='bbox 1106 3224 1224 3321; x_wconf 75' lang='grc' dir='ltr'><strong><em>αὐτὸν</em></strong></span> <span class='ocrx_word' id='word_1_221' title='bbox 1241 3227 1350 3326; x_wconf 83' lang='grc' dir='ltr'><strong><em>ἀφω·</em></strong></span> 
     </span>
    </p>
   </div>
   <div class='ocr_carea' id='block_1_7' title="bbox 72 3326 1489 3456">
    <p class='ocr_par' dir='ltr' id='par_1_18' title="bbox 72 3326 1489 3456">
     <span class='ocr_line' id='line_1_29' title="bbox 72 3326 1489 3456; baseline -0.001 -46"><span class='ocrx_word' id='word_1_222' title='bbox 72 3362 147 3422; x_wconf 86' lang='grc' dir='ltr'><strong><em>νος,</em></strong></span> <span class='ocrx_word' id='word_1_223' title='bbox 175 3333 293 3416; x_wconf 79' lang='grc' dir='ltr'><strong><em>οὕτως</em></strong></span> <span class='ocrx_word' id='word_1_224' title='bbox 319 3331 388 3407; x_wconf 86' lang='grc' dir='ltr'><strong><em>οῦκ</em></strong></span> <span class='ocrx_word' id='word_1_225' title='bbox 413 3330 551 3416; x_wconf 85' lang='grc' dir='ltr'><strong><em>ἀνοίξει</em></strong></span> <span class='ocrx_word' id='word_1_226' title='bbox 575 3329 619 3405; x_wconf 82' lang='grc' dir='ltr'><strong><em>τὸ</em></strong></span> <span class='ocrx_word' id='word_1_227' title='bbox 646 3326 768 3426; x_wconf 89' lang='grc' dir='ltr'><strong><em>στόμα</em></strong></span> <span class='ocrx_word' id='word_1_228' title='bbox 792 3328 921 3404; x_wconf 78' lang='grc' dir='ltr'><strong><em>αὐτοῦ.</em></strong></span> <span class='ocrx_word' id='word_1_229' title='bbox 960 3338 1013 3410; x_wconf 83' lang='grc' dir='ltr'><strong><em>Ἐν</em></strong></span> <span class='ocrx_word' id='word_1_230' title='bbox 1035 3340 1074 3411; x_wconf 83' lang='grc' dir='ltr'><strong><em>δδ</em></strong></span> <span class='ocrx_word' id='word_1_231' title='bbox 1093 3348 1142 3431; x_wconf 65' lang='lat' dir='ltr'><strong><em>tq*</em></strong></span> <span class='ocrx_word' id='word_1_232' title='bbox 1164 3337 1232 3409; x_wconf 82' lang='grc' dir='ltr'><strong><em>ἀνω</em></strong></span> <span class='ocrx_word' id='word_1_233' title='bbox 1252 3345 1349 3456; x_wconf 65' lang='grc' dir='ltr'><strong><em>μέρηι</em></strong></span> <span class='ocrx_word' id='word_1_234' title='bbox 1483 3424 1489 3435; x_wconf 93' lang='lat'><em>.</em></span> 
     </span>
    </p>
   </div>
   <div class='ocr_carea' id='block_1_8' title="bbox 72 3430 1351 4145">
    <p class='ocr_par' dir='ltr' id='par_1_19' title="bbox 72 3430 1351 4145">
     <span class='ocr_line' id='line_1_30' title="bbox 72 3430 1350 3540; baseline -0.012 -21"><span class='ocrx_word' id='word_1_235' title='bbox 72 3455 130 3538; x_wconf 77' lang='grc' dir='ltr'><strong><em>τῆς</em></strong></span> <span class='ocrx_word' id='word_1_236' title='bbox 152 3445 338 3540; x_wconf 72' lang='grc' dir='ltr'><strong><em>σφραγῖδος</em></strong></span> <span class='ocrx_word' id='word_1_237' title='bbox 359 3446 485 3540; x_wconf 82' lang='grc' dir='ltr'><strong><em>πηγνῦς</em></strong></span> <span class='ocrx_word' id='word_1_238' title='bbox 504 3445 564 3535; x_wconf 75' lang='grc' dir='ltr'><strong><em>τὴν</em></strong></span> <span class='ocrx_word' id='word_1_239' title='bbox 585 3442 683 3533; x_wconf 85' lang='grc' dir='ltr'><strong><em>ἀγίαν</em></strong></span> <span class='ocrx_word' id='word_1_240' title='bbox 696 3440 824 3534; x_wconf 84' lang='grc' dir='ltr'><strong><em>λόγχην,</em></strong></span> <span class='ocrx_word' id='word_1_241' title='bbox 847 3442 952 3533; x_wconf 81' lang='grc' dir='ltr'><strong><em>λέγει·</em></strong></span> <span class='ocrx_word' id='word_1_242' title='bbox 989 3430 1053 3505; x_wconf 82' lang='grc' dir='ltr'><strong><em>Ἐν</em></strong></span> <span class='ocrx_word' id='word_1_243' title='bbox 1085 3438 1131 3526; x_wconf 80' lang='grc' dir='ltr'><strong><em>τῇ</em></strong></span> <span class='ocrx_word' id='word_1_244' title='bbox 1166 3457 1350 3506; x_wconf 89' lang='grc' dir='ltr'><strong><em>ταπεινω-</em></strong></span> 
     </span>
     <span class='ocr_line' id='line_1_31' title="bbox 74 3533 1350 3635; baseline -0.008 -25"><span class='ocrx_word' id='word_1_245' title='bbox 74 3563 127 3610; x_wconf 74' lang='lat' dir='ltr'><strong><em>(m</em></strong></span> <span class='ocrx_word' id='word_1_246' title='bbox 160 3537 279 3612; x_wconf 73' lang='grc' dir='ltr'><strong><em>αὐτοῦ</em></strong></span> <span class='ocrx_word' id='word_1_247' title='bbox 310 3535 334 3632; x_wconf 74' lang='grc' dir='ltr'><em>ἦ</em></span> <span class='ocrx_word' id='word_1_248' title='bbox 365 3536 484 3635; x_wconf 75' lang='grc' dir='ltr'><strong><em>κρίσις</em></strong></span> <span class='ocrx_word' id='word_1_249' title='bbox 519 3534 637 3609; x_wconf 64' lang='lat' dir='ltr'><em>aino&amp;</em></span> <span class='ocrx_word' id='word_1_250' title='bbox 668 3533 781 3630; x_wconf 71' lang='grc' dir='ltr'><strong><em>ἤρθη.</em></strong></span> <span class='ocrx_word' id='word_1_251' title='bbox 832 3543 886 3614; x_wconf 78' lang='grc' dir='ltr'><strong><em>Ἐν</em></strong></span> <span class='ocrx_word' id='word_1_252' title='bbox 913 3544 952 3615; x_wconf 70' lang='grc' dir='ltr'><strong><em>δὲ</em></strong></span> <span class='ocrx_word' id='word_1_253' title='bbox 978 3551 1027 3634; x_wconf 67' lang='grc' dir='ltr'><strong><em>τῷ</em></strong></span> <span class='ocrx_word' id='word_1_254' title='bbox 1052 3541 1143 3613; x_wconf 74' lang='grc' dir='ltr'><strong><em>κάτω</em></strong></span> <span class='ocrx_word' id='word_1_255' title='bbox 1169 3544 1266 3633; x_wconf 77' lang='grc' dir='ltr'><strong><em>μέρει</em></strong></span> <span class='ocrx_word' id='word_1_256' title='bbox 1289 3549 1350 3633; x_wconf 70' lang='grc' dir='ltr'><strong><em>τῆς</em></strong></span> 
     </span>
     <span class='ocr_line' id='line_1_32' title="bbox 74 3629 1350 3743; baseline -0.008 -22"><span class='ocrx_word' id='word_1_257' title='bbox 74 3650 259 3743; x_wconf 82' lang='grc' dir='ltr'><strong><em>αφραγίδος</em></strong></span> <span class='ocrx_word' id='word_1_258' title='bbox 279 3649 382 3720; x_wconf 85' lang='grc' dir='ltr'><strong><em>πόλιν</em></strong></span> <span class='ocrx_word' id='word_1_259' title='bbox 402 3650 527 3739; x_wconf 75' lang='grc' dir='ltr'><strong><em>πηγνὺς</em></strong></span> <span class='ocrx_word' id='word_1_260' title='bbox 547 3647 606 3739; x_wconf 76' lang='grc' dir='ltr'><strong><em>τὴν</em></strong></span> <span class='ocrx_word' id='word_1_261' title='bbox 627 3643 724 3736; x_wconf 86' lang='grc' dir='ltr'><strong><em>ἆγίαν</em></strong></span> <span class='ocrx_word' id='word_1_262' title='bbox 738 3644 866 3740; x_wconf 88' lang='grc' dir='ltr'><strong><em>λόγχην,</em></strong></span> <span class='ocrx_word' id='word_1_263' title='bbox 889 3644 993 3735; x_wconf 88' lang='grc' dir='ltr'><strong><em>λέγει·</em></strong></span> <span class='ocrx_word' id='word_1_264' title='bbox 1042 3631 1119 3729; x_wconf 65' lang='grc' dir='ltr'><strong><em>Τὴν</em></strong></span> <span class='ocrx_word' id='word_1_265' title='bbox 1147 3629 1189 3705; x_wconf 66' lang='grc' dir='ltr'><strong><em>δὲ</em></strong></span> <span class='ocrx_word' id='word_1_266' title='bbox 1214 3629 1350 3731; x_wconf 66' lang='grc' dir='ltr'><strong><em>γενεὰν</em></strong></span> 
     </span>
     <span class='ocr_line' id='line_1_33' title="bbox 74 3734 1348 3841; baseline -0.009 -17"><span class='ocrx_word' id='word_1_267' title='bbox 74 3742 191 3815; x_wconf 70' lang='grc' dir='ltr'><strong><em>αὐτοῦ</em></strong></span> <span class='ocrx_word' id='word_1_268' title='bbox 216 3740 271 3824; x_wconf 64' lang='grc' dir='ltr'><strong><em>τίς</em></strong></span> <span class='ocrx_word' id='word_1_269' title='bbox 296 3734 527 3841; x_wconf 68' lang='grc' dir='ltr'><strong><em>θίηγῆσὸῑαιί</em></strong></span> <span class='ocrx_word' id='word_1_270' title='bbox 557 3747 595 3818; x_wconf 90' lang='lat'><strong><em>‘0</em></strong></span> <span class='ocrx_word' id='word_1_271' title='bbox 617 3750 655 3820; x_wconf 80' lang='grc' dir='ltr'><strong><em>δέ</em></strong></span> <span class='ocrx_word' id='word_1_272' title='bbox 677 3746 832 3830; x_wconf 82' lang='grc' dir='ltr'><strong><em>διάκονος</em></strong></span> <span class='ocrx_word' id='word_1_273' title='bbox 854 3747 978 3836; x_wconf 73' lang='grc' dir='ltr'><strong><em>ἐνορῶν</em></strong></span> <span class='ocrx_word' id='word_1_274' title='bbox 993 3743 1196 3835; x_wconf 81' lang='grc' dir='ltr'><strong><em>εόλαβιῦςτῇ</em></strong></span> <span class='ocrx_word' id='word_1_275' title='bbox 1209 3741 1348 3839; x_wconf 81' lang='grc' dir='ltr'><strong><em>τοιαύτη</em></strong></span> 
     </span>
     <span class='ocr_line' id='line_1_34' title="bbox 73 3831 1349 3946; baseline -0.016 -19"><span class='ocrx_word' id='word_1_276' title='bbox 73 3859 186 3946; x_wconf 80' lang='grc' dir='ltr'><strong><em>τελετῇ</em></strong></span> <span class='ocrx_word' id='word_1_277' title='bbox 212 3855 302 3945; x_wconf 79' lang='grc' dir='ltr'><strong><em>λέγει</em></strong></span> <span class='ocrx_word' id='word_1_278' title='bbox 327 3854 413 3924; x_wconf 88' lang='grc' dir='ltr'><strong><em>κατά</em></strong></span> <span class='ocrx_word' id='word_1_279' title='bbox 432 3850 513 3942; x_wconf 84' lang='grc' dir='ltr'><strong><em>μίαν</em></strong></span> <span class='ocrx_word' id='word_1_280' title='bbox 535 3849 674 3943; x_wconf 73' lang='grc' dir='ltr'><strong><em>ἑκάστην</em></strong></span> <span class='ocrx_word' id='word_1_281' title='bbox 695 3846 880 3940; x_wconf 80' lang='grc' dir='ltr'><strong><em>ἀνατομήν·</em></strong></span> <span class='ocrx_word' id='word_1_282' title='bbox 908 3840 984 3910; x_wconf 86' lang='grc' dir='ltr'><strong><em>Τοῦ</em></strong></span> <span class='ocrx_word' id='word_1_283' title='bbox 1017 3833 1162 3933; x_wconf 81' lang='grc' dir='ltr'><strong><em>Κυρίου</em></strong></span> <span class='ocrx_word' id='word_1_284' title='bbox 1199 3831 1349 3929; x_wconf 79' lang='grc' dir='ltr'><strong><em>δεηθῶ-</em></strong></span> 
     </span>
     <span class='ocr_line' id='line_1_35' title="bbox 76 3947 1351 4069; baseline -0.004 -47"><span class='ocrx_word' id='word_1_285' title='bbox 76 3972 157 4042; x_wconf 79' lang='grc' dir='ltr'><strong><em>μεν,</em></strong></span> <span class='ocrx_word' id='word_1_286' title='bbox 179 3963 307 4045; x_wconf 83' lang='grc' dir='ltr'><strong><em>κρατῶν</em></strong></span> <span class='ocrx_word' id='word_1_287' title='bbox 327 3956 384 4027; x_wconf 83' lang='grc' dir='ltr'><strong><em>καὶ</em></strong></span> <span class='ocrx_word' id='word_1_288' title='bbox 405 3956 444 4025; x_wconf 88' lang='grc' dir='ltr'><strong><em>τό</em></strong></span> <span class='ocrx_word' id='word_1_289' title='bbox 467 3951 610 4069; x_wconf 80' lang='grc' dir='ltr'><strong><em>ὦράριον</em></strong></span> <span class='ocrx_word' id='word_1_290' title='bbox 632 3949 735 4022; x_wconf 75' lang='grc' dir='ltr'><strong><em>αὑτοῦ</em></strong></span> <span class='ocrx_word' id='word_1_291' title='bbox 757 3954 792 4021; x_wconf 82' lang='grc' dir='ltr'><strong><em>έν</em></strong></span> <span class='ocrx_word' id='word_1_292' title='bbox 813 3957 854 4042; x_wconf 80' lang='grc' dir='ltr'><strong><em>τῇ</em></strong></span> <span class='ocrx_word' id='word_1_293' title='bbox 877 3952 980 4043; x_wconf 78' lang='grc' dir='ltr'><strong><em>δεξιᾷ.</em></strong></span> <span class='ocrx_word' id='word_1_294' title='bbox 1008 3949 1112 4018; x_wconf 83' lang='grc' dir='ltr'><strong><em>Μετὰ</em></strong></span> <span class='ocrx_word' id='word_1_295' title='bbox 1132 3954 1239 4016; x_wconf 86' lang='grc' dir='ltr'><strong><em>ταῦτα</em></strong></span> <span class='ocrx_word' id='word_1_296' title='bbox 1260 3947 1351 4035; x_wconf 85' lang='grc' dir='ltr'><strong><em>λέγει</em></strong></span> 
     </span>
     <span class='ocr_line' id='line_1_36' title="bbox 78 4042 1349 4145; baseline -0.005 -22"><span class='ocrx_word' id='word_1_297' title='bbox 78 4057 279 4142; x_wconf 75' lang='grc' dir='ltr'><strong><em>ὁδιάκονος·</em></strong></span> <span class='ocrx_word' id='word_1_298' title='bbox 322 4048 484 4145; x_wconf 81' lang='grc' dir='ltr'><strong><em>Ἔπαρον</em></strong></span> <span class='ocrx_word' id='word_1_299' title='bbox 510 4042 681 4119; x_wconf 86' lang='grc' dir='ltr'><strong><em>δεσποτα.</em></strong></span> <span class='ocrx_word' id='word_1_300' title='bbox 734 4052 805 4123; x_wconf 81' lang='grc' dir='ltr'><strong><em>Καὶ</em></strong></span> <span class='ocrx_word' id='word_1_301' title='bbox 826 4049 846 4121; x_wconf 86' lang='grc' dir='ltr'><strong><em>ό</em></strong></span> <span class='ocrx_word' id='word_1_302' title='bbox 869 4049 976 4140; x_wconf 84' lang='grc' dir='ltr'><strong><em>ίερεῦς</em></strong></span> <span class='ocrx_word' id='word_1_303' title='bbox 996 4049 1151 4138; x_wconf 77' lang='grc' dir='ltr'><strong><em>ἐμβαλὼν</em></strong></span> <span class='ocrx_word' id='word_1_304' title='bbox 1170 4049 1230 4139; x_wconf 80' lang='grc' dir='ltr'><strong><em>τὴν</em></strong></span> <span class='ocrx_word' id='word_1_305' title='bbox 1252 4044 1349 4138; x_wconf 86' lang='grc' dir='ltr'><strong><em>ἀγίαν</em></strong></span> 
     </span>
    </p>
   </div>
   <div class='ocr_carea' id='block_1_9' title="bbox 84 4273 1351 4521">
    <p class='ocr_par' dir='ltr' id='par_1_20' title="bbox 84 4273 1351 4521">
     <span class='ocr_line' id='line_1_37' title="bbox 160 4273 1349 4353; baseline -0.013 -14"><span class='ocrx_word' id='word_1_306' title='bbox 160 4288 219 4353; x_wconf 78' lang='lat' dir='ltr'><strong>Cap.</strong></span> <span class='ocrx_word' id='word_1_307' title='bbox 236 4287 262 4337; x_wconf 71' lang='lat' dir='ltr'><strong><em>V.</em></strong></span> <span class='ocrx_word' id='word_1_308' title='bbox 298 4287 373 4338; x_wconf 83' lang='lat' dir='ltr'>codd.</span> <span class='ocrx_word' id='word_1_309' title='bbox 392 4287 418 4337; x_wconf 86' lang='lat' dir='ltr'><strong><em>P.</em></strong></span> <span class='ocrx_word' id='word_1_310' title='bbox 438 4287 464 4337; x_wconf 86' lang='lat' dir='ltr'><strong><em>C.</em></strong></span> <span class='ocrx_word' id='word_1_311' title='bbox 483 4300 530 4336; x_wconf 84' lang='lat' dir='ltr'><strong><em>non</em></strong></span> <span class='ocrx_word' id='word_1_312' title='bbox 548 4283 679 4335; x_wconf 70' lang='lat' dir='ltr'><strong>admodum</strong></span> <span class='ocrx_word' id='word_1_313' title='bbox 696 4282 841 4333; x_wconf 72' lang='lat' dir='ltr'><strong>dissentiunt</strong></span> <span class='ocrx_word' id='word_1_314' title='bbox 858 4295 871 4331; x_wconf 84' lang='grc' dir='ltr'><strong><em>ε</em></strong></span> <span class='ocrx_word' id='word_1_315' title='bbox 888 4278 991 4340; x_wconf 70' lang='lat' dir='ltr'><strong>vulgato.</strong></span> <span class='ocrx_word' id='word_1_316' title='bbox 1026 4275 1055 4326; x_wconf 73' lang='lat' dir='ltr'><strong><em>M.</em></strong></span> <span class='ocrx_word' id='word_1_317' title='bbox 1076 4275 1101 4326; x_wconf 85' lang='lat' dir='ltr'><strong><em>G.</em></strong></span> <span class='ocrx_word' id='word_1_318' title='bbox 1121 4274 1178 4326; x_wconf 70' lang='grc' dir='ltr'><strong><em>λετ.</em></strong></span> <span class='ocrx_word' id='word_1_319' title='bbox 1197 4273 1245 4327; x_wconf 77' lang='grc' dir='ltr'><strong><em>ὃθλ</em></strong></span> <span class='ocrx_word' id='word_1_320' title='bbox 1270 4273 1349 4325; x_wconf 72' lang='lat' dir='ltr'>verbis</span> 
     </span>
     <span class='ocr_line' id='line_1_38' title="bbox 84 4349 1351 4439; baseline -0.012 -17"><span class='ocrx_word' id='word_1_321' title='bbox 84 4372 231 4424; x_wconf 76' lang='lat' dir='ltr'>Sacerdotis:</span> <span class='ocrx_word' id='word_1_322' title='bbox 248 4366 291 4422; x_wconf 87' lang='grc' dir='ltr'><strong><em>ότι</em></strong></span> <span class='ocrx_word' id='word_1_323' title='bbox 307 4371 413 4439; x_wconf 73' lang='grc' dir='ltr'><strong><em>αἴρεται</em></strong></span> <span class='ocrx_word' id='word_1_324' title='bbox 430 4365 486 4420; x_wconf 88' lang='grc' dir='ltr'><strong><em>ἀπὸ</em></strong></span> <span class='ocrx_word' id='word_1_325' title='bbox 504 4368 550 4433; x_wconf 80' lang='grc' dir='ltr'><strong><em>τῆς</em></strong></span> <span class='ocrx_word' id='word_1_326' title='bbox 565 4367 616 4434; x_wconf 77' lang='grc' dir='ltr'><strong><em>γῆς</em></strong></span> <span class='ocrx_word' id='word_1_327' title='bbox 633 4365 688 4419; x_wconf 80' lang='grc' dir='ltr'><strong><em>κτλ.</em></strong></span> <span class='ocrx_word' id='word_1_328' title='bbox 708 4367 812 4418; x_wconf 77' lang='grc' dir='ltr'><strong><em>εδδοιιιε</em></strong></span> <span class='ocrx_word' id='word_1_329' title='bbox 836 4358 954 4413; x_wconf 77' lang='grc' dir='ltr'><strong><em>πάντοτε</em></strong></span> <span class='ocrx_word' id='word_1_330' title='bbox 972 4357 1024 4411; x_wconf 89' lang='grc' dir='ltr'><strong><em>νῦν</em></strong></span> <span class='ocrx_word' id='word_1_331' title='bbox 1041 4356 1089 4409; x_wconf 85' lang='grc' dir='ltr'><strong><em>καλ</em></strong></span> <span class='ocrx_word' id='word_1_332' title='bbox 1106 4353 1151 4408; x_wconf 82' lang='grc' dir='ltr'><strong><em>ἀεὶ</em></strong></span> <span class='ocrx_word' id='word_1_333' title='bbox 1167 4356 1215 4409; x_wconf 87' lang='grc' dir='ltr'><strong><em>καλ</em></strong></span> <span class='ocrx_word' id='word_1_334' title='bbox 1232 4355 1273 4415; x_wconf 75' lang='grc' dir='ltr'><strong><em>εἰς</em></strong></span> <span class='ocrx_word' id='word_1_335' title='bbox 1288 4349 1351 4414; x_wconf 81' lang='grc' dir='ltr'><strong><em>τοῦς</em></strong></span> 
     </span>
     <span class='ocr_line' id='line_1_39' title="bbox 85 4437 1348 4521; baseline -0.007 -18"><span class='ocrx_word' id='word_1_336' title='bbox 85 4455 181 4513; x_wconf 76' lang='grc' dir='ltr'><strong><em>αἰῶνας</em></strong></span> <span class='ocrx_word' id='word_1_337' title='bbox 201 4454 257 4507; x_wconf 81' lang='grc' dir='ltr'><strong><em>τῶν</em></strong></span> <span class='ocrx_word' id='word_1_338' title='bbox 279 4448 409 4521; x_wconf 73' lang='grc' dir='ltr'><strong><em>αἰώνων,</em></strong></span> <span class='ocrx_word' id='word_1_339' title='bbox 427 4458 540 4507; x_wconf 71' lang='lat' dir='ltr'><strong><em>omittunt</em></strong></span> <span class='ocrx_word' id='word_1_340' title='bbox 562 4454 587 4505; x_wconf 84' lang='lat' dir='ltr'><strong><em>in</em></strong></span> <span class='ocrx_word' id='word_1_341' title='bbox 610 4455 639 4505; x_wconf 79' lang='lat' dir='ltr'><strong><em>iis</em></strong></span> <span class='ocrx_word' id='word_1_342' title='bbox 663 4468 724 4519; x_wconf 79' lang='lat' dir='ltr'>quae</span> <span class='ocrx_word' id='word_1_343' title='bbox 749 4449 897 4518; x_wconf 72' lang='lat' dir='ltr'>praecedunt</span> <span class='ocrx_word' id='word_1_344' title='bbox 913 4448 1035 4501; x_wconf 73' lang='lat' dir='ltr'>rubricam</span> <span class='ocrx_word' id='word_1_345' title='bbox 1052 4443 1166 4498; x_wconf 77' lang='lat' dir='ltr'>Diaconi:</span> <span class='ocrx_word' id='word_1_346' title='bbox 1190 4437 1298 4511; x_wconf 69' lang='grc' dir='ltr'><strong><em>ἀνοροίν</em></strong></span> <span class='ocrx_word' id='word_1_347' title='bbox 1314 4466 1348 4482; x_wconf 88' lang='grc'>-</span> 
     </span>
    </p>
   </div>
   <div class='ocr_carea' id='block_1_10' title="bbox 0 0 1526 4912">
    <p class='ocr_par' dir='ltr' id='par_1_21' title="bbox 0 0 1526 4912">
     <span class='ocr_line' id='line_1_40' title="bbox 0 0 1526 4912; baseline 0 0"><span class='ocrx_word' id='word_1_348' title='bbox 0 0 1526 4912; x_wconf 95' lang='lat' dir='ltr'><strong><em> </em></strong></span> 
     </span>
    </p>
   </div>
  </div>
 </body>
</html>
