3044 4912
650 222 724 297 355

89 434 111 503 ρ
151 403 293 502 ἡμᾶς,
327 402 405 530 καὶ
430 404 504 478 ἐπὶ
528 404 581 479 τά
607 402 894 533 προκείμενα
919 405 1047 509 δῶρα
1073 415 1224 485 ταῦτα
1249 413 1325 505 (155

89 510 131 605 5),
155 506 219 581 καὶ
244 504 304 580 ἐπὶ
328 501 452 580 ποίντα
477 505 545 581 τὸν
570 503 662 582 λαόν
687 532 767 584 σου.

578 668 616 740 Ὁ
639 671 800 755 διάκονος.

130 775 365 901 ³A75555505,
393 782 531 864 σῶσον,
557 777 705 873 ἐλέησον
729 805 792 851 και
780 774 1089 877 ιίιαφύλαξον
1067 787 1166 875 ημᾶς
1190 778 1210 852 5
1236 778 1326 863 θεὸς

89 883 172 973 555
196 873 332 973 χάριτι.

142 976 277 1074 Τὴν
255 978 433 1073 ημέραν
458 985 614 1053 πᾶσαν
648 977 850 1066 τελείαν,
884 978 1046 1107 ἁγίαν,
1081 982 1324 1109 εἰρηνικήν

89 1079 133 1153 55
164 1077 518 1175 ἀναμάρτητον,
551 1080 673 1177 παρὰ
699 1087 782 1155 τοῦ
807 1081 986 1179 Κυρίου
1014 1079 1324 1179 αἰτησαίμεθα

89 1182 347 1410 MA755557
372 1277 612 1410 εἰρήνης,
607 1282 774 1409 πιστὸγ
800 1280 1006 1411 ὁδηγὸν,
1020 1278 1205 1379 φύλακα
1230 1293 1324 1361 τῶν

89 1393 232 1511 Ιιυγαίν
254 1383 331 1457 καὶ
363 1392 457 1458 τῶν
482 1379 711 1478 σωμάτων
734 1383 865 1482 ἡμῶν
889 1383 1011 1484 παρὰ
1036 1392 1119 1460 τοῦ
1145 1385 1324 1486 Κυρίου

89 1480 363 1581 ιίτησαίμεθα
390 1487 465 1580 (155
496 1489 566 1582 12)

141 1582 479 1714 Συγγνιόμην,
501 1586 578 1661 καὶ
614 1587 786 1685 ἄφεσιν
819 1593 913 1661 τῶν
947 1585 1213 1714 555555557,
1247 1587 1324 1663 καὶ

89 1694 149 1764 οῦν
171 1683 624 1784 πλημμελημάτων
602 1695 734 1784 ημῶν
761 1690 835 1782 (lac.
866 1692 938 1785 12),
964 1688 1065 1787 παρὰ
1091 1697 1160 1765 τοῦ
1180 1688 1323 1788 Κυρίου

89 1787 309 1916 ἰτησαίμεθα.

144 1890 205 1965 Τὰ
238 1890 376 1980 καλά,
408 1888 486 1964 καὶ
498 1891 822 2017 συμφέροντα
848 1895 950 1973 ταῖς
975 1896 1149 1987 ψυχαῖς
1172 1891 1324 1985 ήμῶν,

89 1991 136 2066 55
158 1989 346 2091 εἰρήνην
370 1999 431 2089 τῷ
456 1987 634 2090 κόσμῳ,
661 1991 782 2089 παρά
808 1999 891 2066 τοῦ
917 1990 1094 2089 Κυρίου
1121 1990 1326 2089 αἰτησαί-

89 2096 179 2169 ιεθα
205 2097 280 2189 (155.
303 2097 372 2189 12).

146 2196 233 2272 Τὸν
265 2193 523 2322 ήπόλοιιιον
556 2190 731 2291 χρόνον
765 2201 845 2291 τῆς
877 2190 1045 2318 ζιμῆς
1023 2201 1156 2322 5557
1187 2197 1236 2271 ἐν
1261 2199 1326 2269 ελ-

89 2290 191 2423 ιήνη,
216 2295 293 2372 καὶ
316 2292 545 2391 μετανοίᾳ
572 2295 854 2370 ἐκτελέσαι
833 2302 969 2394 ημᾶς,
996 2295 1116 2396 παρὰ
1141 2324 1224 2371 του
1205 2302 1325 2371 Ιιυ

89 2396 164 2485 Ιιίου
190 2394 495 2527 55555555535
521 2400 595 2489 (lac.
620 2399 690 2494 12.)

141 2497 407 2599 Χριστιανοὶ
441 2496 496 2572 τά
529 2499 630 2594 τίλη
656 2505 735 2594 τῆς
760 2498 921 2596 ζωῆς”
898 2505 1049 2596 ημῶν,
1082 2495 1327 2589 ἀνώδυνα,

89 2596 430 2697 555555'555755,
473 2599 708 2727 εἰρηνικὰ,
751 2600 830 2675 καὶ
873 2598 1018 2697 καλὴν
1063 2599 1327 2730 ἀπολογίαν

89 2698 191 2799 τῆν’
176 2704 248 2777 επὶ
282 2710 362 2776 τοῦ
399 2702 605 2799 φοβεροῦ
630 2697 860 2801 βήματος,
894 2701 1015 2800 παρὰ
1041 2710 1123 2778 τοῦ
1148 2700 1327 2802 Κυρίου

89 2802 364 2901 ιίτησαίιιεθα
390 2806 464 2898 (lac.
495 2807 564 2900 12).

141 2912 219 3002 Τῆς
244 2903 493 3033 παναγίας,
516 2901 771 3031 55557505,
788 2903 1091 3031 ὑπερευλογη
1082 2904 1327 3002 με’νης,ἒν-

89 2998 217 3097 ἰίξου,
253 3005 548 3102 555505'755‘
528 3015 657 3102 ημῶν
686 3002 933 3093 Θεοτόκου,
969 3003 1046 3078 καὶ
1071 3005 1328 3134 55555555-

89 3131 146 3183 νου
169 3107 375 3207 Μαρίας,
410 3108 526 3203 μετὰ
552 3104 743 3183 ιιοίντων
767 3113 860 3181 τῶν
886 3103 1034 3233 ἀγίων
1058 3103 1329 3237 μνημονεῦ-

89 3228 244 3298 ιαντες,
281 3209 496 3298 ἑαυτοὺς,
539 3207 616 3284 καὶ
651 3204 896 3304 ἀλλήλους,
943 3205 1021 3281 καὶ
1057 3215 1211 3284 πᾶσαν
1245 3207 1329 3305 τὴν

89 3310 182 3409 ,557
213 3312 342 3408 55557
366 3317 556 3409 Χριστῳ
582 3317 642 3408 τιῦ
673 3314 765 3407 Θεῷ
792 3305 1125 3408 παραθοίμεθα
1152 3312 1226 3407 (lac.
1257 3313 1327 3408 13).

516 3472 682 3562 ‘0555555
703 3471 869 3565 ἰκφιίνως.

145 3580 231 3655 Διά
256 3587 349 3654 τῶν
384 3585 641 3676 οἰκτιρμῶν
666 3586 748 3655 τοῦ
752 3586 1063 3707 μονογενοῦς
1088 3603 1172 3654 σου
1197 3579 1328 3668 υἱοῦ,

89 3682 164 3755 555²
187 3674 240 3756 05
264 3680 512 3783 εὐλογητὸς
538 3680 575 3754 εἰ
601 3680 684 3807 σῦν
709 3688 770 3779 τῷ
791 3678 1024 3808 παναγίῳ,
1050 3707 1128 3755 και
1114 3678 1329 3808 ἀγαθῷ,

89 3780 142 3854 555
174 3782 385 3880 ζωοποιιῦ
422 3806 504 3856 σου
531 3778 782 3877 πνεύματι,
819 3789 906 3857 νῦν
930 3810 1007 3855 και
995 3780 1126 3871 555,
1161 3781 1241 3858 καὶ
1266 3787 1331 3865 εἰς

89 3881 171 3967 οῦς
195 3888 370 3969 αἰῶνας
395 3892 487 3959 τιῦν
512 3881 698 3958 αἰώνων
724 3886 799 3978 (Ιυο.
825 3886 886 3959 27.
913 3884 1014 3959 Glem.
1044 3886 1116 3981 10).

608 4045 646 4115 ‘O
670 4046 785 4138 ἰερεῦς.

146 4155 283 4229 XXVII.
336 4150 510 4252 Εἰρήνη
536 4161 660 4227 πάσι.

89 4305 364 4327 *—

145 4392 203 4457 Cap.
221 4390 310 4443 xxvfl.
345 4392 404 4453 (Σοῦ.
420 4390 446 4441 Β.
464 4381 655 4459 ἀγαπήσομεν
672 4383 815 4454 ἀλλήλους.
849 4388 906 4439 Καὶ
922 4383 994 4459 μετὰ
1010 4396 1040 4442 ια’
1057 4386 1176 4456 δοθῆναι
1192 4384 1241 4455 τὴν
1257 4383 1331 4459 ἀγοί-

89 4480 122 4534 ¹57
140 4473 212 4541 λέγει
236 4468 251 4526 5
275 4464 416 4532 διάκονος·
440 4471 488 4531 τὰς
508 4464 598 4543 θύρας
619 4472 676 4523 κτλ.
709 4475 787 4527 Etiam
804 4476 831 4527 C.
850 4477 951 4529 omittit:
973 4472 1021 4529 ἵνα
1043 4471 1076 4527 ἐν
1086 4466 1215 4545 ,ὁμονοίᾳ
1231 4474 1289 4531 κτλ.
1306 4483 1331 4529 55
