3044 4912
738 270 813 347 558

138 448 220 625 δοκέειν
249 447 383 523 ίαοίιιν
412 452 493 533 τοὶς
521 449 760 542 συμπαρόντας
788 449 848 522 ιιαὶ
880 445 1127 543 ἅποιιρίνιοθαι
1160 448 1206 519 οἱ
1241 450 1394 587 διαιωαὶ

136 578 158 623 τ
220 580 254 625 α.

213 658 295 736 Ἐν
292 612 428 784 εἱρήγη
451 662 521 732 τοῦ
545 654 692 786 Κυρίου
715 655 928 754 δεηθσλμεν.

216 757 321 858 Υπὲρ
345 766 411 857 τῆς
435 759 590 841 ἄνωθεν
613 755 770 887 ελρήνης
781 765 861 835 τοῦ.

82 912 86 917 -
119 864 128 883 ’
214 858 465 990 Ὑπὶρτοῦα
439 859 552 1037 οἱγίου
576 856 849 938 οἱνοντυάτου.

214 960 320 1061 Υπὶρ
350 970 421 1039 τοῦ
479 958 740 1089 ρχιεπιοκάπου
771 960 903 1060 ἡμῶν,
938 967 1009 1039 τοῦ
1021 958 1210 1051 ’δεῖνος,·“
1192 954 1397 1059 ιερωσάιτς,

136 1060 379 1163 ἀντιλήψεως,
402 1060 598 1163 διαμονῆς,
624 1060 781 1163 ιὶρήνης,
804 1061 961 1167 ῦγιίας,
972 1052 1156 1161 σωτηρίας
1180 1062 1316 1155 αὐτοῦ,
1344 1062 1396 1139 ατί

134 1172 214 1244 τῶν
210 1166 361 1295 ίργαν
382 1172 463 1242 τῶν
482 1173 623 1262 χειρῶν
647 1164 779 1275 αὐτοῦ,
804 1173 873 1243 τοῦ
896 1163 1041 1261 Κυρίου
1064 1163 1282 1296 δεηθῶμεν.

210 1266 338 1353 Ὅπως
362 1264 384 1343 ὖ
386 1264 682 1397 φιλάνθρωπος
708 1258 796 1352 θεὸς
817 1265 930 1366 ἡμῶν
954 1266 1112 1343 ἄσπιλον
1144 1294 1231 1343 και
1251 1258 1396 1365 ἀμσίμη

104 1396 203 1447 ’τον
227 1365 396 1467 αὐτῷ
355 1396 426 1466 την
449 1364 659 1467 ἱερωσύνην
678 1367 892 1467 χαρίσηται,
916 1376 986 1445 τοῦ
1010 1365 1156 1468 Κυρίου
1180 1366 1384 1467 διηθιόμιν.

214 1468 319 1569 ’Υπὲρ
352 1478 421 1546 τοῦ
446 1468 592 1551 δούλου
610 1476 680 1547 τοῦ
707 1474 814 1560 θεοῦ,
846 1477 916 1547 τοῦ
939 1468 1074 1561 δεῖνος,
1105 1476 1176 1547 τοῦ
1199 1469 1292 1547 νυνὶ
1314 1496 1393 1565 προ-

129 1570 387 1747 χαριζομένου
410 1569 678 1670 πρεσβυτέρου,
702 1570 768 1649 καί
791 1580 857 1671 τῆς
880 1568 1065 1671 σωτηρίας
1083 1570 1218 1663 α’ίιτοῦ,
1243 1600 1314 1651 του
1294 1577 1394 1647 'Kv-
1427 1604 1430 1609 ·

71 1764 77 1775 ,
134 1672 225 1801 ιίον
244 1670 455 1801 δηθῶμν
601 1704 604 1715 ·

213 1772 319 1872 ’Υπὲρ
343 1781 410 1871 τῆς
432 1770 571 1859 πόλεως
594 1770 742 1873 ταύτης.

211 1874 318 1974 ’Υπὲρ
342 1882 411 1951 τοῦ
434 1874 669 2003 ρυσθῆναι
646 1882 756 1974 ημᾶς.

207 1977 445 2075 Ἆντιλαβοῦ,
471 1984 608 2054 σιῦσσν.

219 2084 294 2177 Τῆς
316 2078 516 2183 παναγίας,
542 2074 782 2183 άχράντου.

213 2190 253 2263 ‘O
273 2192 313 2264 δὶ
332 2190 503 2285 ἀρχιερεὺς
522 2190 661 2280 ἔχων
623 2220 684 2285 την
702 2198 797 2283 χεῖρα
817 2188 1088 2286 dammam*
1049 2218 1183 2279 ιυχεται
1202 2189 1320 2275 οῦτας.

209 2296 361 2383 Οθιδς
384 2296 407 2375 ὃ
430 2298 482 2395 μέ
502 2326 548 2383 ας
573 2301 615 2377 ἐν
638 2295 813 2395 δυνάμει,
838 2299 904 2375 καὶ
928 2297 1206 2396 ἀνεξιχνίαστυς
1237 2300 1280 2372 ἐν
1313 2318 1388 2373 σιπ-
1428 2362 1430 2381 ,

131 2399 224 2490 έσει,
242 2398 264 2477 ἱ
287 2324 513 2529 θαυμαστάς
537 2402 579 2476 δν
601 2400 771 2532 βουλαῖς,
795 2397 889 2497 ῦπίρ
912 2400 1002 2486 τοὺς
1025 2399 1133 2484 υἱοῦς
1146 2406 1230 2475 τῶν
1246 2392 1387 2495 ἄνθριί
1428 2406 1430 2461 ἱ

131 2530 232 2577 πων·
260 2492 384 2590 αὐτὸς,
410 2498 537 2599 Κύριε,
562 2503 626 2578 καὶ
650 2510 797 2592 τοῦτον,
831 2501 877 2578 ἱὶν
902 2500 1105 2599 εὐδόκησας
1127 2501 1198 2576 τὸν
1223 2507 1294 2576 τοῦ
1316 2526 1387 2596 πρε

132 2603 316 2700 σβντέρου
342 2601 570 2686 ὑπιιςελθεῖν
594 2602 767 2729 βαθμὸν,
793 2600 989 2701 πλήρωσον
1017 2611 1080 2700 τῆς
1103 2611 1172 2678 τοῦ
1199 2602 1312 2729 ἁγίου
1333 2626 1388 2676 σου

128 2701 338 2799 πνεύματος
364 2703 573 2799 δωρεᾶςή
569 2706 622 2778 ’να
646 2705 797 2832 γέγηται
823 2706 922 2791 ἄξιος
947 2702 1175 2802 παρεστάναι
1203 2704 1388 2801 ἀμέμπτως

128 2814 182 2902 τῷ
209 2808 467 2902 θυσιαστηρίῳ
495 2831 576 2894 σου,
603 2802 802 2904 κηρύσσειν
825 2808 869 2881 τὸ
894 2808 1110 2935 εῦαγγελιον
1129 2816 1196 2904 τῆς
1213 2806 1389 2904 βασιλείας

129 2932 211 2996 σου,
237 2908 443 3007 ἱερουργεῖν
468 2908 535 2983 τὸν
562 2906 673 3008 λόγον
698 2938 763 3005 της
789 2909 967 3004 ἀληθείας
994 2935 1075 2997 σου,
1102 2909 1325 3007 προςφέρειν
1343 2932 1387 2981 σοι

75 3024 77 3028 “
127 3008 234 3104 δῶρα
268 3009 330 3082 καὶ
362 3007 502 3093 θυσίας
535 3010 798 3102 πνευματικὰς,
834 3012 1086 3101 άνακαινιζειν
1118 3010 1186 3085 τὸν
1214 3009 1309 3086 λαόν
1334 3036 1388 3084 σου

127 3108 192 3184 διά
218 3119 282 3207 τῆς
307 3118 375 3185 τοῦ
402 3119 560 3206 λουτροῦ
585 3110 872 3213 παλιγγενεσίας.
899 3113 1027 3197 Ὅπως
1051 3111 1114 3186 καὶ
1141 3112 1257 3196 αὐτὸς
1282 3113 1388 3187 ὑπαν-

126 3209 239 3306 ιη’σας
263 3215 305 3286 έν
330 3220 375 3307 τῇ
402 3212 555 3310 δευτέρᾳ
581 3213 758 3311 ἐπιδημίᾳ
782 3222 849 3288 τοῦ
874 3212 1039 3315 μεγάλου
1068 3219 1161 3288 Θεοῦ
1190 3214 1256 3288 καὶ
1284 3220 1388 3307 σωτῆ-

128 3341 191 3407 ρος
216 3311 325 3408 ἡμῶν
345 3315 465 3408 Ἰησοῦ
480 3320 662 3412 Χριστοῦ,
689 3324 757 3389 τοῦ
781 3325 1008 3443 μονογενοῦς
1035 3340 1103 3390 σου
1124 3316 1227 3403 υἱοῦ,
1255 3315 1386 3413 δέξηται

125 3414 192 3488 τὸν
217 3413 363 3509 μισθὸν
388 3422 452 3510 τῆς
477 3416 626 3545 ἀγαθῆς
651 3415 863 3511 οἰκονομίας
888 3427 955 3494 τοῦ
982 3417 1116 3493 οἰκείου
1142 3415 1336 3519 τάγματος
1355 3419 1386 3489 ἐν

4 3612 9 3619 .
124 3524 178 3613 τῷ
204 3512 338 3612 πλήθει
364 3523 428 3612 τῆς
453 3515 687 3618 άγαθότητός
713 3545 792 3593 σον.

189 3617 273 3693 Ὅτι
284 3616 501 3747 εὐλάγηται
533 3621 595 3694 καὶ
622 3618 904 3705 δεδόξασται
868 3651 909 3695 το
937 3618 1124 3718 πάντιμον
1148 3620 1214 3696 καὶ
1239 3628 1387 3722 μεγαλα·

124 3748 255 3818 πριπες
281 3719 403 3816 ὄνομά
425 3745 505 3796 σου.

206 3834 278 3903 Καὶ
303 3836 388 3921 μετὰ
414 3836 453 3904 τὸ
482 3833 567 3925 άμην
595 3834 763 3928 ἀνίστησιν
785 3834 886 3906 αῦτδν
906 3837 964 3905 καὶ
985 3836 1082 3926 φέρει
1104 3835 1142 3903 τὸ
1167 3830 1318 3905 ὄπισθεν
1336 3840 1384 3902 τοῦ

122 3931 267 4023 αἱραρίου
290 3934 392 4005 αὐτοῦ
414 3938 529 4006 ἐπὶ
494 3965 533 4006 το
556 3935 750 4026 ἔμπροσθεν
770 3948 831 4007 τοῦ
850 3941 961 4020 δεξιοῦ
974 3939 1106 4025 μέρους,
1129 3939 1252 4025 λέγων·
1270 3927 1384 4008 ’Ἀξίθς

206 4031 291 4105 Εἶτα
313 4035 498 4107 ένδάων’
458 4040 559 4108 αυτὸν
579 4042 618 4108 τὸ
642 4039 848 4133 φελιίνιον’
834 4046 977 4132 εκφωνεῖ
1005 4040 1062 4108 καὶ
1085 4031 1187 4118 αυθις
1208 4038 1247 4106 τὸ
1268 4026 1383 4109 Agwg

121 4139 192 4206 Καὶ
221 4137 407 4230 ψάλλουσιν
435 4138 517 4210 αυτὸ
545 4139 580 4210 οἱ
606 4149 666 4210 τοῦ
692 4141 842 4233 βήματος
869 4142 927 4210 καὶ
956 4139 989 4210 οἱ
1017 4139 1181 4236 ψάλταιἿ
1210 4141 1270 4210 καὶ
1292 4139 1386 4218 οὕτως

208 4365 232 4422 l)
249 4366 447 4418 Nestoriani:
466 4372 548 4431 Signat
559 4369 746 4420 Archidiaconns
766 4384 840 4434 super
857 4384 941 4420 eorum
960 4371 1037 4433 capita
1056 4378 1080 4418 ει
1099 4369 1217 4432 praecipit
1235 4370 1280 4428 εἰσ,
1300 4378 1388 4431 mpro-

120 4448 188 4495 ιιτιιί
207 4449 236 4497 ιδ
256 4458 343 4500 terram
363 4455 464 4502 adorent
482 4463 505 4503 ει
522 4463 628 4516 surgant.
651 4456 735 4504 Postea
754 4456 841 4518 accipit
859 4454 959 4518 panium
971 4454 1086 4513 Pontifex,
1105 4454 1169 4518 quod
1188 4454 1292 4503 humero
1311 4454 1388 4501 unius·

121 4531 237 4598 cuiusque
262 4548 345 4586 εοιοω
368 4539 508 4601 impositum
532 4546 584 4591 ιτιλ
601 4553 679 4604 eoque
696 4539 764 4590 illum
782 4538 866 4601 induit,
891 4538 1029 4605 ιοίίεσιηοι
1047 4540 1154 4590 omium
1172 4536 1203 4589 δι
1222 4537 1276 4588 eins
1294 4538 1388 4589 humero
