3044 4912
718 238 794 315 ειο
1190 296 1255 371 δὲ

201 424 372 523 Ὕπάρχει
396 432 467 501 σοῦ
486 450 557 501 τον
537 422 705 516 ’ἐλέους,
730 420 906 523 δέσποτα,
931 418 1117 553 πλῇρης’
1092 452 1119 521 η
1133 420 1323 521 σύμπασα
1316 434 1384 553 γῆ,

121 525 217 605 ὅθεν
241 528 353 626 ἐλαίῳ
377 524 474 625 θείῳ
499 548 572 604 σου
582 532 733 655 σεπτεμ,-
757 542 799 601 οι
783 509 1006 625 ιχριόμενοι
1016 522 1196 655 σήμερον,
1221 526 1292 623 τάν
1293 524 1384 627 ῦτιίρ

120 638 219 709 νοῦν
242 654 313 707 σου
337 630 452 717 nm,
479 636 620 713 πιστοῖς
636 622 879 723 αέτοτίμεθά
882 650 924 703 σε
948 624 1238 727 ἀοθῆναίῆμῖν

207 726 385 829 Χρισμόν
409 754 480 807 σου
480 724 583 805 τόν
591 726 713 826 ίεράν,
738 710 999 829 φιλάνθρωπτ,
1028 728 1051 805 ἀ
1065 728 1301 815 ἀποστόλοις
1322 736 1385 816 τοῖς

125 838 205 919 σοῖς
228 832 286 909 ἐπ
315 832 524 909 ἀσθενοῦσι
548 828 697 916 δούλοις
721 856 792 907 σου
816 836 934 905 τελεῖν
950 834 1175 929 συμπαθεῖς
1190 828 1385 927 ἐντειλάμε-

123 963 202 1027 νος,
227 940 309 1019 ταῖς
333 931 386 1010 δι’
415 934 545 1011 αὐτῶν
568 927 764 1025 ἐντεύξεσι,
786 928 933 1017 πάντας
948 932 1133 1037 σφραμίόι
1142 954 1225 1011 σου
1240 932 1383 1039 ἐλέησον.

182 1166 441 1301 Ἧμόνητό
463 1062 1375 1299 ςελρηνηςᾝςάρνῆπλοιαήσσσα
1316 1174 1386 1255 ’ταῖς

123 1271 217 1369 πρὸς
176 1271 337 1359 ἀςθεῦν
360 1270 582 1405 πρεσβείαις
591 1286 676 1351 -“·’σου
691 1270 764 1363 ἀεὶ,
778 1272 1030 1403 νοσημάτων
1034 1270 1100 1347 καλ
1096 1270 1310 1401 θλίψεων,
1330 1270 1390 1349 τόν

125 1375 196 1453 σόν
222 1374 366 1472 ολκότην
389 1370 590 1474 λόεροισαι,
615 1373 716 1461 όπιος
739 1328 954 1460 ἀπαύστως
964 1370 1155 1519 μιγαλόνη
1173 1398 1238 1450 σε.

643 1500 742 1603 Ώιάι)
763 1504 869 1601 τρίτη.
1426 1520 1429 1575 1

209 1608 275 1686 Σὺ
297 1604 415 1707 μόνος
439 1604 497 1685 ὢν
519 1596 778 1707 θαῦμαστές
766 1608 832 1687 καὶ
856 1604 1143 1707 ἐνάνθραίποις
1159 1616 1243 1741 τοῖς
1259 1614 1388 1695 πιστοῖς

124 1712 244 1889 aaz&
273 1717 330 1811 τεῦ
357 1708 588 1787 ἀσθενοῦντι
615 1709 749 1805 δεινοῖς
775 1709 861 1803 δός,
891 1712 1054 1810 Χριστί,
1080 1712 1150 1811 τὴν
1179 1710 1301 1811 χάριν
1329 1736 1386 1791 σιν

129 1842 179 1891 αν
243 1839 296 1889 εν.

202 1908 423 1999 'Eudae'
373 1941 398 1989 κ
397 1940 520 2015 αρφος
542 1912 631 1991 ποτό
654 1912 748 2011 πρὸς
770 1914 924 2011 ἀνοχάς
934 1920 1203 2013 κατακλυσμοῦ
1223 1912 1324 2015 θτίρ
1330 1938 1388 1991 σου

60 2020 72 2035 ’
127 2014 251 2103 δείξας
280 2018 390 2145 ῥοπῇ,
397 1940 500 2091 Κτί
481 2043 550 2112 ριε,
583 2024 711 2093 σοῦσον
741 2018 783 2093 ἐν
814 2016 903 2115 ἐλέει
933 2014 1003 2093 τόν
1025 2012 1235 2115 κάμνοντα
1288 2020 1386 2115 Aust·

63 2180 66 2189 .
127 2114 221 2195 πάόι
223 2114 341 2245 θείην
374 2114 512 2217 φιστάς,
538 2120 580 2193 ἐν
602 2124 659 2217 τῷ
683 2116 771 2195 ἐλόιι
794 2142 893 2245 σρυ,
908 2116 1057 2219 Χριστέ,
1089 2116 1311 2247 φαίδρυνον
1331 2114 1387 2195 τάν

127 2222 170 2297 ἐν
192 2226 241 2317 τῇ
262 2218 383 2317 χρίσει
407 2218 472 2297 καί
495 2228 571 2297 νῦν
595 2218 716 2295 πίστει
738 2228 809 2319 τοῦ
833 2220 956 2305 ἐλέους
979 2244 1050 2295 σου
1075 2214 1303 2301 σπιόόοντα.

669 2346 861 2423 Θιοτότιεον.

203 2433 498 2536 Ἐπίβλεψον’
460 2446 644 2533 ευμεναῖς,
676 2446 792 2538 μῆτερ
822 2448 892 2515 τοῦ
922 2434 1078 2515 πάντων
1109 2448 1271 2538 ποιητοῦ
1301 2442 1387 2517 ἀνσ-
1427 2412 1429 2431 ¹

127 2544 213 2738 θὲν
234 2542 297 2616 καὶ
328 2539 398 2637 τὴν
429 2540 567 2637 πικρὰν
606 2537 772 2617 κάκωσιν
806 2547 921 2621 λῦσον
960 2549 1029 2618 τοῦ
1068 2550 1277 2628 νοσοῦντος
1313 2568 1383 2639 πρε

129 2641 271 2726 οείαις
297 2665 377 2717 σου.

682 2737 843 2823 Κάθισις.

207 2843 272 2925 Ὡς
306 2845 410 2926 θεῖος
445 2843 623 2932 ποταμὸς,
658 2853 727 2920 τοῦ
764 2847 884 2929 ἐλέους
919 2843 1112 2943 ὑπάρχων,
1149 2847 1202 2933 ὥς
1235 2850 1387 2943 ἄβυσσοι

128 2953 262 3041 πολλῆς
298 2943 536 3040 συμπαθείας
572 2944 764 3042 οίκτίριεον
773 3004 787 3038 ,
830 2947 951 3033 δεῖξον
985 2957 1053 3023 τοῦ
1091 2957 1161 3023 σοῦ
1198 2951 1319 3033 ἐλέους
1347 2946 1384 3021 τό

128 3052 217 3123 θεῖα
251 3049 385 3142 ῥεῖθρα
417 3047 479 3121 καὶ
512 3044 655 3132 πάντας
687 3053 802 3124 ἴασαι.
855 3055 1005 3126 Βλῦσον
1037 3049 1104 3134 τὰς
1136 3058 1217 3126 τιῦν
1243 3045 1385 3145 θαυμά

127 3177 206 3224 των
240 3147 361 3274 πηγὰς
397 3146 582 3249 ἀφθόνως
616 3150 680 3227 καὶ
714 3152 908 3227 πλῦνον
891 3151 1070 3236 άπαντας.
1123 3153 1199 3227 Σοὶ
1234 3152 1309 3255 γὰρ
1339 3148 1386 3224 ἀεὶ

129 3253 410 3348 προςτρίχοντες
433 3253 587 3349 θερμῶς
612 3253 681 3349 τὴν
703 3251 817 3351 χάριν
842 3251 1102 3347 ἐξαιτούμεθα.

690 3384 768 3454 “Eva
789 3410 836 3456 ον.

208 3472 252 3549 Ὁ
277 3469 404 3564 ἐατρὸς
427 3498 491 3544 και
479 3469 661 3598 βοηθὸς
685 3410 903 3549 τῶνρέν’
855 3469 993 3563 πόνοις,
1021 3473 1040 3547 ὃ
1066 3476 1259 3570 λυτρωτής
1283 3470 1390 3548 τεκαὶ

131 3574 252 3671 σωτὴρ
286 3581 364 3647 τῶν
398 3574 439 3647 ἐν
464 3566 747 3669 νοσοις,ττιέπος
772 3583 850 3649 τῶν
875 3575 972 3650 ὅλων
1007 3575 1168 3650 δέσποτα
1194 3576 1261 3650 καὶ
1285 3571 1390 3671 κύριε,

130 3761 179 3811 την
194 3738 229 3810 β
262 3737 359 3807 Ὠιόὴν
382 3742 421 3800 εὶς
445 3737 478 3793 τά
496 3734 609 3809 τριρίόια
626 3744 681 3794 τῶν
697 3744 766 3797 κατεῖ
784 3739 832 3796 τὸν
850 3739 989 3813 άρμόῦιον
1005 3761 1049 3794 και
1041 3738 1137 3810 ι’ρόν
1119 3759 1180 3842 ητοι
1196 3742 1269 3795 κατά
1287 3739 1333 3802 τίς
1348 3758 1392 3805 νη·

130 3832 282 3898 στησίμονς
303 3821 408 3896 ἡμέρας
430 3827 475 3891 τῆς
490 3822 614 3897 μεγάλης
630 3831 856 3896 τεσσαρακοστῆς,
881 3823 947 3880 ὅταν
965 3823 979 3879 ό
998 3824 1155 3897 στεναγμός
1172 3823 1255 3893 καλῇ
1273 3820 1391 3896 συντριβρ

130 3913 176 3978 τῆς
190 3910 307 3979 καρδίας
322 3910 371 3962 καλ
387 3905 417 3962 τό
435 3903 558 3978 δάκρυον
574 3908 758 3975 σπουδάζεται
774 3910 831 3965 εἰπό
848 3914 911 3972 τοὺς
923 3907 1110 3979 χριστιανοός·
1137 3915 1331 3981 φοβερίζοντες
1346 3906 1391 3981 γὰρ

130 3998 178 4049 καί
201 3992 280 4048 αὐτοὶ
304 3989 350 4046 όιά
373 3995 419 4057 τῆς
441 3992 513 4061 ᾠόῇς
534 3988 633 4061 ταύτης
657 3994 704 4057 τὰς
722 3992 815 4065 ψυχάς
832 4002 887 4048 τῶν
903 3991 1083 4065 ἁμαρτωλῶν,
1107 4000 1246 4065 φέρουσιν
1264 3994 1347 4055 αὐτάς
1361 3996 1397 4053 τίς

130 4076 302 4149 ἐπιστροφὴν
318 4079 365 4130 καὶ
380 4071 545 4148 μετάνοιαν·
563 4075 631 4132 ὅθεν
647 4077 696 4144 τὴν
713 4079 789 4149 ᾠδήν
806 4072 907 4146 ταύτην
918 4082 1186 4150 προμαρτνρίανκαλ
1198 4080 1393 4152 όιαμαρτυρίαν

129 4166 177 4217 καλ
194 4164 310 4232 ἔλεγχον
326 4159 396 4215 κατά
414 4165 469 4215 τοῖν
482 4160 624 4216 Ἰουδαίων
641 4158 770 4234 ὀνομάζει
794 4161 809 4219 ὁ
828 4166 970 4235 Ζωναριῖς,
994 4168 1042 4217 καλ
1065 4165 1127 4234 οὐχὶ
1150 4155 1230 4236 ᾆσμα
1255 4169 1298 4227 τίς
1316 4156 1394 4219 Θτόν·

129 4247 184 4311 ἵνα,
208 4241 259 4296 ἐάν
281 4244 309 4296 οῖ
323 4244 486 4318 Ἰσραηλῖται
507 4248 653 4316 παραβῶσι
670 4244 779 4317 ταύτην,
802 4249 841 4319 μὴ
859 4249 942 4319 ἔχωσι
960 4249 994 4302 νά
1012 4246 1227 4318 ἀποκρίνονται,
1252 4246 1293 4305 ὅτι
1311 4249 1399 4306 οὐδεὶς

129 4330 186 4398 μοῖς
202 4322 261 4381 εέπε
286 4326 422 4399 πρότερον
446 4333 481 4385 νεῖ
499 4333 717 4404 όιορθωθιῖμεν·
742 4333 788 4387 διὰ
806 4335 884 4388 τοῦτο
903 4336 950 4386 καλ
967 4338 1101 4404 προεῖπεν
1117 4337 1157 4394 είς
1173 4332 1222 4388 τὸν
1241 4328 1397 4401 Μωῦοῇνό

133 4407 214 4469 Θεός’
238 4416 284 4465 λ’να
308 4419 422 4482 γένηταί
441 4435 491 4487 μοι
515 4413 531 4482 ἧ
555 4415 612 4485 qm&
634 4416 704 4470 κατά
728 4415 877 4491 πρόςωπον
898 4421 1077 4489 μαρτυροῦσα
1101 4411 1171 4486 (ἤτοι
1189 4421 1353 4491 ἐλέγχουσα)
1370 4418 1400 4471 ἐν

130 4494 200 4554 υίοῖς
213 4492 347 4566 Ἰσραήλ.“
