3044 4912
730 216 803 288 202
868 292 874 303 Χ

68 470 76 483 ,,
127 407 212 472 ‹lelcs
241 414 270 468 et
302 400 520 467 Communione
547 400 691 480 privatos.
700 400 722 479 ¹)
775 400 815 463 Ut
842 418 922 462 nunc
951 410 1012 475 est,
1047 400 1141 463 borae
1173 399 1341 463 canonicae
1375 422 1409 465 cr

125 517 213 591 parte
241 503 454 587 persolvuntur
486 502 516 563 in
547 501 705 574 Narthece,
739 502 946 564 defunctorum
979 501 1139 565 Laicorum
1173 503 1321 565 cadavera
1353 522 1407 566 an·

127 619 247 690 tequam
269 604 441 685 sepulturae
462 601 641 665 mandentur
662 602 838 664 interritus
860 603 1002 665 funebres
1024 603 1174 665 ineodem
1189 603 1259 666 loco
1273 603 1406 666 retinen·

127 721 186 785 tur,
208 709 376 790 persistunt
391 705 431 766 ibi
448 703 500 783 qui
516 703 622 765 orandi
638 720 727 765 causa
742 704 913 775 adveniunt,
936 704 1006 765 dum
1023 705 1054 765 in
1069 703 1163 765 choro
1179 705 1309 778 canitur,
1332 724 1407 786 quo·

127 830 223 893 usque
246 809 379 871 osticium
400 805 580 868 absolvatur.
610 804 687 866 lllud
709 805 799 866 eiiam
821 804 968 878 advertas,
991 804 1151 884 plerasque
1172 805 1320 869 ecclesias
1341 824 1404 868 mo·

127 911 261 976 nesticae
282 928 343 971 non
367 926 426 969 uno
449 914 562 969 tantum
578 904 724 968 Narthece
746 914 902 968 contentas
925 905 1028 980 luisse,
1051 907 1104 968 sed
1127 907 1294 969 secundum
1316 908 1403 971 etiarn

128 1012 301 1077 adiunxisse
333 1000 543 1092 (ἐσωνᾶρθηξ
563 1015 593 1068 et
611 999 828 1092 ἕξωνάρθηξ).
871 1007 954 1080 Nam,
983 1017 1016 1070 ut
1048 1019 1130 1069 recte
1151 1018 1256 1070 monet
1278 1008 1402 1081 Goarus,

126 1113 267 1177 monachi
290 1129 358 1173 cum
379 1108 597 1189 poenitentium
621 1108 747 1169 lormam
769 1117 1006 1188 repraesentent,
1028 1109 1089 1169 imo
1105 1127 1172 1171 cum
1187 1127 1257 1170 rere
1272 1109 1402 1172 animum

127 1224 298 1295 statumque
327 1228 430 1274 eorum
459 1211 600 1271 affectent
621 1218 651 1270 et
672 1208 806 1281 induant,
836 1220 867 1269 ut
890 1209 1082 1270 Poenitentcs
1104 1208 1262 1289 plurimam
1286 1210 1402 1272 officio·

127 1334 194 1380 rum
223 1315 391 1377 divinorum
419 1319 545 1390 partem,
574 1310 785 1371 Matutinorum
807 1309 925 1371 scilicet
946 1309 1127 1391 portionem,
1157 1311 1403 1377 minoresbom

126 1417 264 1498 primam,
292 1413 409 1473 tertiam
432 1423 490 1472 etc.
513 1429 580 1472 curn
596 1410 799 1488 completorio
822 1410 852 1471 in
876 1411 1017 1473 nartheca
1038 1411 1228 1491 persolvunt:
1260 1411 1403 1491 solasqm

126 1520 189 1580 lere
215 1512 334 1576 Laudes
363 1510 547 1573 curublissa
570 1519 600 1572 et
622 1510 762 1590 Vesperis
792 1511 823 1572 in
852 1512 963 1591 templo
991 1511 1153 1575 celebrant.
1196 1515 1234 1574 At
1255 1531 1337 1587 rcro,
1366 1530 1403 1575 ua

127 1635 214 1679 sacra
242 1615 273 1675 in
294 1614 441 1675 Nartbeea
463 1611 672 1692 persolvenda,
702 1611 858 1675 turbentur
879 1613 982 1692 populi
1005 1613 1190 1675 accurrentis
1211 1614 1403 1676 multitudino

127 1736 203 1798 opus
226 1723 290 1778 erat
311 1715 457 1776 Narthece
480 1711 613 1774 secundo
636 1730 732 1792 eoque
755 1713 906 1775 exteriori.
944 1714 1039 1775 lmmo
1062 1715 1217 1777 Cedrenus
1240 1714 1271 1776 in
1295 1716 1330 1777 S.
1345 1715 1402 1777 So·

125 1818 215 1900 pbiae
238 1815 349 1896 templo
373 1814 572 1877 describendo
595 1823 722 1894 quatuor
736 1807 906 1899 νάρθηκας
920 1824 1083 1888 enumerat,
1106 1816 1202 1895 portis
1219 1816 1402 1896 praecipuis,

126 1921 249 2001 opinor,
285 1926 503 1997 praestructus:
539 1914 589 1976 alii
619 1927 855 1977 commemorant
883 1917 968 1977 duas.
1013 1917 1148 1996 Denique
1177 1916 1327 1997 plurimae
1355 1936 1403 1980 ec-

125 2021 236 2084 clesiae
258 2020 290 2080 in
312 2016 460 2079 Narthece
482 2016 594 2078 babent
613 2008 852 2100 κολυμβήθραν
874 2035 899 2078 s.
923 2017 1037 2079 loutcm
1058 2017 1279 2107 baptismalem.

210 2153 339 2216 Narthex
362 2153 393 2213 in
416 2151 574 2232 permultis
597 2150 734 2213 ecclesiis
758 2152 853 2213 tribus
876 2151 972 2231 portis
988 2171 1056 2213 oum
1073 2152 1193 2233 templo,
1216 2153 1342 2234 proprie
1358 2153 1402 2216 sio

125 2256 206 2320 dicto
230 2252 445 2316 communicat:
468 2252 566 2314 media
590 2270 694 2331 magna
718 2261 746 2313 et
768 2253 969 2333 pulcherrime
993 2254 1146 2323 adornata,
1170 2253 1240 2316 aliis
1262 2272 1300 2317 ex
1322 2263 1402 2316 utra·

125 2377 183 2439 que
204 2364 290 2437 purte
312 2354 490 2416 minoribus.
534 2353 648 2414 Mediae
672 2354 753 2415 iores
775 2363 920 2415 vocantur
940 2346 1048 2418 πύλαι
1069 2346 1200 2439 ὦραῖαι,
1225 2373 1403 2436 repraesen-

124 2467 220 2520 tantes
244 2454 329 2536 quasi
353 2462 469 2533 portam
499 2452 600 2533 templi
624 2452 899 2534 Hierosolymitani,
928 2455 992 2516 Act.
1008 2459 1072 2529 3‚2
1096 2454 1403 2533 commemoratam.¹l

124 2559 236 2620 Tamen
271 2557 301 2617 in
325 2556 425 2616 multis
449 2554 569 2633 templis
592 2572 649 2613 una
672 2563 785 2614 tantum
809 2566 894 2634 porta
917 2565 1038 2636 separat
1059 2557 1238 2619 Nartlreceru
1261 2557 1302 2619 ab
1324 2557 1402 2620 nari.

207 2691 269 2750 lam
293 2689 437 2766 ingressis
460 2682 517 2749 τὸν
538 2680 626 2762 ναόν,
650 2696 789 2750 accurate
812 2690 1055 2769 distinguendum
1078 2701 1122 2752 est
1146 2692 1226 2753 inter
1243 2692 1401 2766 ecclesias,

124 2790 197 2853 solis
220 2790 436 2851 monachorum
459 2788 565 2849 usibus
585 2798 751 2850 exstructas
768 2800 797 2850 et
816 2792 949 2854 aedificia
966 2784 1143 2868 καθολικά,
1167 2811 1243 2873 quae
1259 2793 1401 2855 omnibus

122 2891 262 2954 fidelibus
284 2892 385 2971 pervia
409 2902 488 2953 sunt.
515 2886 589 2951 Nam
612 2891 690 2969 apud
714 2893 878 2953 monachos
901 2901 995 2953 totum
1018 2893 1121 2974 templi
1145 2894 1275 2974 spatium
1299 2913 1399 2975 apor-

122 2994 161 3056 tis
191 2993 339 3074 speciosis
368 2992 404 3054 ad
435 2992 630 3054 iconostasim
659 3012 754 3072 usque
785 3014 954 3066 excurrens,
985 3002 1065 3056 totus
1095 2996 1184 3057 etiarn
1208 2996 1321 3058 chorus
1345 3005 1401 3058 est

121 3095 273 3175 Disposita
303 3102 374 3155 sunt
402 3093 512 3154 circum
537 3094 616 3154 circa
640 3093 782 3156 subsellia
805 3088 929 3170 (τόποι,
951 3088 1120 3170 σιασίδια)
1149 3098 1179 3158 in
1203 3097 1314 3175 quibus
1336 3115 1401 3159 mo·

122 3197 220 3268 neclri,
244 3212 329 3255 sacra
354 3194 453 3254 ollrcia
477 3204 640 3268 cantantes,
664 3195 824 3275 quiescunt
844 3198 889 3256 vel
913 3205 1028 3258 stantes
1044 3197 1248 3258 accumbendo
1263 3198 1400 3259 laborem

121 3296 215 3358 levius
240 3297 347 3366 lerunt,
378 3313 414 3355 eo
438 3294 542 3355 ordine
565 3304 597 3356 ut
619 3296 772 3375 digniores
795 3296 1083 3378 spectabilioresquc
1106 3298 1226 3377 dignius
1249 3308 1402 3378 occupent

122 3396 232 3459 sedile:
264 3395 354 3475 idque
384 3406 429 3456 est
458 3395 538 3474 quod
566 3405 672 3475 portae
700 3398 856 3478 speciosae
879 3399 1044 3478 proximius
1067 3407 1114 3461 est
1136 3419 1152 3460 a
1177 3398 1280 3461 dextra
1303 3401 1401 3461 intro·

121 3498 271 3561 euntibus.
316 3495 399 3558 Aliae
432 3495 524 3557 sellae
556 3498 684 3560 mobiles
708 3508 830 3561 suntet
861 3500 1051 3578 gestatoriae,
1086 3519 1162 3581 quae
1191 3520 1207 3563 a
1237 3501 1399 3574 ministris,

120 3598 172 3661 ubi
194 3618 270 3678 opus
293 3597 391 3669 luerit,
415 3598 628 3659 convehuntur.

124 3758 423 3770 an——ffl—

206 3855 229 3911 lt
256 3853 371 3902 llittimus
390 3852 508 3911 insignem
529 3853 594 3901 illam
614 3855 800 3903 controuersiam
826 3854 855 3902 de
874 3855 990 3904 Narthcoe
1010 3870 1055 3918 qua
1076 3856 1199 3905 decertant
1217 3855 1252 3905 [lu
1271 3857 1355 3919 Gange
1373 3860 1397 3908 iu

119 3936 243 3987 Glossario
262 3946 286 3987 et
303 3937 351 3986 Leo
369 3935 472 3986 bllatius
492 3938 514 3986 in
535 3937 707 3987 Dissertatione
726 3938 755 3986 de
773 3938 891 3987 liartbece
909 3941 993 3988 veteris
1013 3941 1131 3989 ecclesiae
1144 3941 1228 4000 („witb
1248 3951 1318 4003 great
1335 3943 1401 3993 lear-

117 4022 175 4082 nine
193 4020 240 4070 and
259 4021 423 4081 confusion‘).
442 4020 556 4070 Docimus
574 4036 627 4071 cum
646 4021 729 4070 licelio
748 4022 889 4072 Nartbcceru
909 4032 1001 4086 partem
1019 4025 1146 4074 ecclesiae.

116 4207 188 4268 picta.
224 4205 257 4255 Ex
275 4205 347 4255 Goari
374 4209 508 4256 sententiae
536 4215 651 4257 uocantur
669 4207 709 4256 illu
729 4209 794 4257 lorea
813 4201 922 4272 ὡραῖαι,
949 4211 1004 4272 quia
1023 4211 1081 4259 bora
1101 4211 1214 4259 matutina
1234 4211 1259 4259 iu
1277 4211 1400 4262 liertbees

117 4289 147 4337 ael
165 4289 219 4338 illas
237 4297 321 4353 portas
339 4292 459 4352 incipitur.
496 4291 571 4340 Nobis
589 4291 668 4355 placet
686 4291 896 4355 Hierosolymitani
915 4294 998 4357 templi
1016 4296 1125 4344 imitatio.
1153 4296 1265 4345 Ceterum
1284 4310 1335 4346 non
1354 4312 1400 4346 ne-

117 4372 220 4433 gnudum
247 4381 292 4433 eet,
320 4382 415 4437 portam
436 4375 501 4424 illam
527 4374 735 4425 inconsideranter
761 4377 790 4425 ab
809 4377 933 4427 nonnullis
950 4381 1028 4429 vocari
1047 4387 1170 4443 praeterea
1190 4388 1286 4444 portam
1305 4382 1398 4444 regiam

115 4445 210 4517 (πύλαι
226 4455 384 4517 βασιλικαί).
