3044 4912
639 255 720 345 487,

359 393 361 397 ι
444 446 520 515 Τοῦ
544 439 686 537 Κυρίου
711 438 921 537 δεηθῶμεν.

130 593 300 670 Δέσποτα
332 589 511 690 Κύριε,
493 622 513 666 ο
542 591 685 676 6663‘
664 598 785 721 ημῶν,
821 589 1052 687 ὕτεχθεὶς
1036 621 1076 667 εκ
1100 599 1165 689 τής
1189 617 1315 666 πανα-

95 693 210 771 άντου
235 692 475 822 ήεσποίνης“
453 700 562 820 ημῶν
588 690 768 769 θεοτόκου
793 723 856 769 και
844 693 1126 790 ἀειπαρθίνου
1143 689 1314 789 Μαρίας,

95 799 108 871 6
135 797 185 881 63
209 793 342 925 νήπιον
367 798 408 871 ἐν
434 792 558 894 φάτνη
584 794 809 884 ἀνακλιθεὶς,
834 793 897 870 καί
919 793 974 879 ῶς
996 795 1137 925 βρέφος
1161 793 1314 871 ἀναδει-

95 899 164 987 ιεἰς,
199 896 311 982 αὐτὸς
341 896 403 972 καὶ
434 897 504 994 τὴν
535 904 731 995 παροῦσαν
762 888 901 993 δούλην
933 922 1014 985 σου,
1049 897 1118 994 τὴν
1151 892 1313 1025 σήμερον

95 1012 204 1086 ξασαν
219 999 262 1072 τὸ
288 997 410 1124 παρὸν
428 996 591 1087 παιδίον,
617 999 775 1095 ε’λίησον,
801 998 865 1073 καὶ
881 994 1124 1126 συγχώρησον
1141 997 1188 1071 τά
1206 993 1313 1124 6706-

95 1133 110 1176 τ
143 1101 206 1176 καὶ
244 1100 291 1173 τὰ
318 1096 474 1174 ἀκούσια
500 1100 614 1195 αὐτῆς
638 1097 864 1196 πταίσματα,
897 1129 960 1174 και
948 1097 1241 1228 ἀιαφήλαξον
1242 1098 1314 1173 αῦ-

95 1205 216 1279 νάπὸ
241 1199 359 1298 πάσης
383 1210 451 1276 τοῦ
477 1198 657 1299 διαβόλου
682 1199 916 1328 τυραννίδος.
967 1201 1041 1276 Καὶ
1066 1200 1173 1286 τὸέξ
1198 1199 1313 1327 αύτής

96 1304 191 1403 ηθέν
223 1300 354 1399 νήπιον
388 1301 658 1431 διατήρησον’
638 1303 710 1377 απὸ
736 1299 854 1400 πάσης
879 1302 1118 1431 φαρμακίας,
1141 1305 1214 1379 ἀπὸ
1238 1301 1312 1378 πά-

95 1402 453 1501 ςχαλεπότητος,
433 1405 506 1478 απὸ
538 1401 656 1501 πάσης
689 1401 798 1502 ζάλης
828 1413 897 1480 τοῦ
930 1406 1204 1499 ἀντικειμένου,
1239 1403 1313 1478 ἀπὸ

95 1504 272 1600 ευιιάτων
297 1513 484 1631 πονηρῶν,
509 1504 697 1635 ήιιερινῶν
721 1535 760 1581 τε
785 1506 848 1581 καὶ
874 1515 1110 1633 νυκτερινῶν.
1165 1503 1315 1603 Ταύτην

124 1581 402 1735 6761666007‘
379 1605 453 1681 υπὸ
484 1607 552 1704 τήν
563 1606 769 1735 κραταιήν
790 1605 898 1706 χεῖρά
925 1634 1006 1698 σου,
1039 1637 1103 1683 και
1090 1607 1193 1693 663
1218 1609 1314 1704 αὐτῇ

95 1709 205 1807 χινήν
230 1705 487 1798 ἐξανάστασιν,
512 1708 666 1784 καὶτοῦ
692 1706 811 1807 ῥύπου
835 1707 1023 1805 κάθαρον,
1048 1710 1111 1784 καὶ
1135 1709 1223 1794 τοὺς
1246 1708 1317 1785 πό-

95 1841 140 1896 υς
171 1807 417 1938 θεράπευσον,
449 1809 512 1884 καί
544 1814 659 1905 ῥῶσιν
689 1810 752 1885 καὶ
785 1810 991 1909 εὐρωστίαν
1024 1820 1126 1908 ψυχῇ
1159 1842 1217 1900 τε,
1250 1810 1316 1887 καὶ

95 1911 196 2040 ίματι
229 1908 408 2009 ἀιύρησαι,
444 1911 507 1986 καὶ
539 1910 590 1987 δι
621 1913 789 2039 ἀγγέλων
820 1910 994 2011 φαιόρῶν
1026 1913 1088 1987 καὶ
1121 1921 1316 2038 φωτεινῶν

98 2012 193 2111 ύτην
224 2015 481 2141 περίθαλφον,
512 2012 575 2087 καὶ
607 2010 914 2140 περιφρούρησον
930 2014 1004 2089 ἀπὸ
1029 2012 1148 2110 πάσης
1171 2010 1319 2089 ἐπελεύ-

95 2145 143 2201 ως
167 2123 246 2191 τῶν
272 2110 444 2209 ἀοράτων
469 2113 704 2210 πνευμάτων.
742 2116 830 2204 Ναὶ,
856 2111 1032 2210 Κύριε,
1013 2115 1085 2189 απὸ
1111 2111 1226 2189 νόσου
1252 2114 1318 2190 καὶ

95 2218 255 2307 ιλακίας,
289 2215 362 2291 ἀπὸ
396 2213 506 2312 ζήλου
539 2216 602 2291 καὶ
635 2212 788 2314 φθόνου
822 2216 885 2290 καὶ
922 2218 1136 2344 ὀφθαλμῶν
1169 2218 1320 2313 βασκα-

95 2349 145 2403 ας.
192 2318 266 2392 Καὶ
292 2318 438 2413 ἐλέησον
463 2316 593 2413 αὐτήν,
618 2317 681 2392 καὶ
705 2315 748 2446 τό
773 2318 913 2444 (696603
936 2317 1031 2392 κατὰ
1057 2317 1100 2393 τὸ
1125 2319 1220 2447 μέγα
1247 2343 1318 2393 σου

95 2450 159 2504 εος.
199 2420 271 2493 Καὶ
296 2415 509 2513 καθάρισον
535 2417 653 2516 αὐτὴν
678 2418 844 2494 ἀπὸτοῦ
870 2428 1083 2515 σωματικοῦ
1109 2418 1232 2516 ῥύπου
1252 2420 1332 2494 καλ·

95 2531 131 2598 λν
165 2520 339 2595 ποικίλων
372 2520 466 2616 αὐτῇ
499 2519 754 2617 ἐπερχομένων
786 2530 1046 2622 σπλαγχνικῶν
1072 2518 1318 2649 ήνοχλήσεων·

95 2625 117 2698 6
149 2626 277 2707 ἔξαξον
284 2621 450 2751 αὐτὴν
459 2621 522 2696 ἀιά
548 2631 612 2718 τής
636 2628 787 2719 ταχινής
813 2650 881 2698 σου
907 2621 1212 2720 ε’λεημοσύνης,
1196 2651 1238 2698 εν
1261 2631 1318 2719 τῷ

95 2733 215 2822 πεινῶ
251 2725 364 2820 αὐτῆς
396 2719 540 2813 σωματι
573 2729 624 2808 ιλς
654 2723 929 2822 ἐπανόρθωσιν,
962 2725 1025 2800 καὶ
1058 2724 1101 2800 τὸ
1133 2728 1173 2809 ἐξ
1190 2724 1321 2854 αὐτής

95 2825 199 2924 ηθίν
238 2823 370 2923 νήπιον
403 2825 563 2910 ἀξίωσον
587 2834 833 2923 προςκυνήσαι
858 2825 925 2903 τὸν
940 2827 1108 2954 ἐπίγειον
1133 2825 1241 2915 ναὸν,
1276 2828 1322 2901 67

95 2929 272 3024 οίμασας,
298 2926 641 3054 ἀοξολομεῖσθαι
603 2957 646 3001 το
672 2924 792 3022 ὄνομά
818 2952 887 3003 σου
911 2926 955 3001 τὸ
981 2927 1100 3030 ἅγιον.
1126 2927 1210 3002 Ὅτι
1235 2928 1323 3021 πρέ-

95 3059 114 3103 ι
148 3056 206 3103 σοι
239 3037 341 3103 πᾶσα
374 3024 478 3116 ἀόξα,
514 3027 601 3124 τιμὴ
630 3027 695 3103 καὶ
735 3024 988 3126 προςκύνησις,
1021 3037 1075 3125 τῷ
1100 3027 1225 3121 πατρὶ,
1258 3027 1325 3101 καὶ

95 3139 110 3204 ἀ
143 3132 229 3228 υἱῷ,
260 3129 323 3204 καὶ
356 3136 409 3225 τῷ
436 3127 531 3229 άγίφ
556 3124 750 3222 πνεύματι,
784 3134 857 3205 νῦν
882 3158 944 3203 και
971 3128 1039 3218 αεὶ,
1072 3128 1135 3203 καὶ
1160 3133 1211 3215 ελς
1234 3127 1326 3212 τοὺς

97 3238 200 3316 ῶνας
223 3236 301 3307 τῶν
327 3200 487 3307 αλαίνων.
532 3226 658 3325 Ἀμήν.

454 3420 529 3489 Τοῦ
554 3421 612 3489 Κυ
588 3413 696 3512 υρίου
722 3414 930 3515 ἀεηθῶμεν.

142 3564 314 3665 Κύριε,
296 3599 316 3642 ο
341 3565 470 3650 Θεὸς
450 3574 571 3658 ηιιῶν,
598 3595 619 3640 ο
605 3562 847 3695 666076063
870 3568 1106 3641 κατελθεῖν
1091 3594 1131 3639 εκ
1155 3573 1234 3640 τῶν
1259 3565 1327 3641 ού-

95 3678 201 3757 ινῶν,
236 3669 299 3744 καὶ
330 3673 561 3797 γεννηθῆναι
592 3671 632 3743 ὲκ
657 3676 721 3763 τῆς
740 3668 854 3796 ἀμίας
879 3664 1059 3742 θεοτόκου
1083 3666 1147 3741 καὶ
1171 3668 1326 3758 ἀειπαρ-

95 3773 178 3848 ἔνου
213 3771 380 3865 Μαρίας,
415 3769 477 3845 διὰ
511 3769 579 3865 τήν
611 3769 797 3866 σωτηρίαν
829 3768 937 3866 ήμῶν
968 3777 1046 3844 τῶν
1078 3767 1326 3865 ἁμαρτωλῶν.

95 3891 98 3930 ³
131 3871 328 3975 γινώσκων
360 3872 403 3947 τὸ
437 3870 595 3954 ἀσθενὲς
626 3880 691 3968 τῆς
717 3871 959 3969 ἀνθρωπίνης
984 3867 1142 3968 φύσεως,
1178 3871 1328 3997 συγχαί-

95 4000 178 4072 ησον
216 3983 261 4069 πή
298 3971 413 4107 ύοήλη
445 4001 513 4048 σου
549 3972 658 4070 (τῇδε)
691 3979 736 4068 τῇ
769 3970 901 4068 τεξάση
934 3969 1113 4068 σήμερον,
1152 3971 1248 4046 κατὰ
1280 3970 1326 4045 τὸ

95 4079 206 4172 λήθος
229 4083 307 4150 τῶν
334 4081 534 4170 οἰκτιρμῶν
559 4099 638 4148 σου.
691 4073 753 4149 Σύ
777 4075 850 4175 γὰρ
877 4073 990 4161 εἶπας,
1017 4073 1142 4168 Κύριε,
1170 4071 1328 4157 αῦξάνε

95 4182 134 4253 θε
172 4178 234 4251 καὶ
271 4175 509 4304 πληθύνεσθε
542 4176 605 4249 καί
630 4171 843 4303 πληριήσατε
868 4175 937 4272 τὴν
960 4183 1045 4277 767,
1079 4175 1141 4249 καί
1166 4203 1329 4250 κατακυ-

95 4277 230 4354 εύσατο
258 4279 379 4375 αὐτῆς
407 4278 480 4351 Διά
504 4286 615 4352 τοῦτο
641 4276 703 4350 καὶ
727 4276 831 4373 ἡμεῖς
856 4305 890 4351 οι
880 4276 1042 4352 ‘606606
1059 4303 1127 4359 σου
1146 4273 1329 4370 δεύμεθα,

95 4381 124 4456 76
151 4384 379 4477 θαρροῦντες
403 4379 468 4455 ἀιά
488 4388 552 4475 τῆς
569 4374 785 4463 ἀνεξικάκου
803 4406 872 4453 σου
890 4377 1189 4478 φιλανθρωπίας,
1216 4375 1330 4477 φόβφ

95 4491 216 4582 οῶμεν
241 4482 332 4580 πρὸς
357 4478 399 4555 τὸ
424 4490 489 4577 τῆς
512 4479 702 4578 βασιλείας
727 4503 796 4555 σου
822 4481 929 4584 ἅγιον
956 4481 1085 4578 ὄνομα
1105 4481 1333 4581 Ἑπίβλεφσν

1072 4601 1127 4654 32*
