3044 4912
723 192 792 267 161

124 374 234 454 θεὸν
257 383 352 453 τῶν
377 374 517 466 ὅλοιν,
544 370 911 505 εὐχαριστήσας,
948 370 1286 506 εῦλργήσας,“
1262 375 1395 480 αγιά·

125 504 220 569 σας,
245 474 440 568 κλάσας,
473 475 671 553 διέδωκε
695 482 794 561 τοῖς
821 472 959 579 [ἁγίοις
982 477 1047 555 καὶ
1070 478 1284 577 μακαρίοις]
1312 479 1410 556 55?

123 589 200 657 τοῦ
225 578 565 709 μαθηταῖςκαὶ
592 574 895 669 ἀποστόλοις,
921 576 1075 658 ελπιόν.
1099 589 1285 685 Ἐκφάνους.
1305 580 1398 658 Λά-

121 685 242 782 βετε,
268 677 453 784 φάγετε.
639 773 865 859 οδιᾶκονος
941 809 946 817 Ι

184 865 401 943 Ἐκτείνατε.

581 959 939 1096 Ὀίερεῦςίκφάνιις

197 1074 347 1144 Τοῦτο
381 1063 472 1196 γάρ
506 1067 608 1142 ἐστι
641 1067 693 1143 τὸ
729 1066 863 1166 σῶμά
897 1095 988 1165 μου
1023 1069 1132 1144 τὸ*
1109 1069 1223 1169 νπὲρ
1264 1048 1452 1168 ῦμῶνῖλ

122 1173 359 1268 κλοίμενον
383 1198 461 1245 και
448 1165 833 1266 διαδιδόμενον
859 1171 975 1255 ⁸59y
948 1195 1122 1273 αφεσιν
1138 1172 1387 1272 ἁμαρτιῶν

677 1298 715 1370 ‘O
744 1299 838 1385 λαός.

184 1383 317 1488 Ἀμήν.

491 1482 531 1555 Ὁ
553 1484 661 1577 λερεῦς
680 1486 770 1576 λέγει
791 1486 1023 1577 ἐπευχόμενος

188 1588 422 1678 Ὡςαάταις
455 1590 534 1666 καὶ
568 1592 618 1668 τὸ
653 1589 884 1769 ποτήριον
918 1593 1035 1690 μετά
1069 1593 1120 1670 τὸ
1147 1594 1398 1695 δειπνήσαι

122 1690 300 1795 λαβιόν,
325 1693 403 1770 καλ
427 1690 629 1793 κεράσας
653 1696 771 1779 Ἣξ
724 1723 858 1772 οινου
883 1693 1169 1788 καλῦόατος,
1196 1697 1400 1798 ἀναβλέ-

122 1819 209 1896 ψας
245 1800 311 1882 εἰς
344 1793 427 1872 τὸν
463 1795 670 1925 οῦρρινὸν
705 1796 821 1895 πρὸς
856 1796 902 1872 σε’
939 1796 1021 1874 τόν
1045 1797 1174 1877 ἴδιον
1199 1799 1397 1929 πατέρα,

122 1897 234 1974 θεὸν
258 1895 355 1974 55‘
332 1905 464 1995 ημιῦν
488 1926 568 1973 και
555 1895 710 1974 θεὸν
735 1906 827 1976 τῶν
852 1897 993 1990 ὅλων,
1027 1899 1397 2028 εὐχαριστήσας,

123 1998 402 2129 εὐλογήσας,
443 1995 619 2097 πλήσας
654 1996 923 2097 πνεύματος
958 1999 1124 2104 ἁγίου,
1166 2002 1398 2100 μετέδωκε

123 2109 216 2188 τοῖς
242 2099 381 2204 [ἁγίοις
404 2100 469 2177 καὶ
493 2098 707 2200 μακαρίοις]
743 2101 889 2178 αὐτοῦ
897 2107 1157 2279 ἐμαθηταῖς
1181 2103 1259 2179 καὶ
1285 2104 1399 2183 ἀπο-

125 2200 323 2294 στόλοις,
350 2199 515 2339 ελποίν,
534 2214 721 2308 Ἐκφώνως.
746 2200 872 2279 πίετε
897 2206 944 2290 ἐξ
968 2205 1116 2281 αὐτοῦ
1141 2202 1325 2292 πάντες.

647 2330 686 2402 ‘O
708 2331 873 2416 διάκονος.

186 2425 305 2499 ’Ἐπ’
289 2420 482 2499 εκτείνατε.

579 2551 652 2622 ΗΟ
641 2553 747 2644 ιερεῦς
768 2551 937 2644 ἐκφάτως.

199 2666 347 2735 Τοῦτο
339 2657 510 2836 τγάρ
487 2661 584 2734 ἔστι
609 2657 659 2733 τὸ
686 2656 802 2756 αἷμά
828 2687 918 2755 μου
944 2657 994 2733 τὸ
1019 2661 1399 2792 τῆςκαινήςδια-

126 2759 297 2859 θήκης,
425 2759 540 2861 υπὲρ
576 2758 709 2887 ὑμῶν
744 2760 823 2835 καὶ
857 2768 1042 2888 πρλλιῦν
1076 2762 1399 2863 ἐκχυνόμενον

127 2865 195 2939 καὶ
221 2861 570 2962 διαδιόόμενον
595 2863 700 2947 εἰς
683 2863 857 2961 άφεσιν
883 2862 1139 2963 άμαρτιαν.
1193 2974 1198 2979 Ι

678 3007 716 3078 Ὁ
746 3008 837 3091 λαός.

187 3097 318 3198 Ἀμήν.

534 3192 572 3263 ‘0
595 3194 701 3285 ἱερεὺς
721 3190 853 3280 εῦχεται
873 3194 989 3277 οῦτοις.

201 3306 349 3376 Τοῦτο
374 3305 548 3374 ποιεῖτε
574 3305 639 3384 εἰς
663 3298 747 3397 τὴν
771 3298 931 3396 ἐμὴν’
895 3296 1191 3429 Ηανάμνησιν.
1214 3298 1400 3386 Ὁσάκις

128 3402 235 3530 γάρ
243 3401 301 3477 άν
335 3401 527 3498 ἐσθίητε
552 3400 636 3479 τὸν
662 3403 807 3499 ἄρτον
831 3410 1022 3493 τοῦτον,
1058 3402 1222 3499 πίνητε
1249 3402 1296 3479 (λε
1323 3404 1400 3478 καὶ

128 3500 347 3633 ποτήριον
371 3510 531 3592 τοῦτο,
557 3501 639 3578 τὸν
664 3501 779 3598 ἐμὸν
805 3501 1023 3582 θάνατον
1039 3504 1399 3631 καταγγέλλετε,

127 3606 197 3681 καὶ
221 3606 307 3703 τὴν
326 3603 493 3735 ἐμὴν’
472 3600 738 3680 αναστασιν
753 3633 831 3678 και
829 3602 1088 3733 ἀνάληψιν
1106 3605 1399 3734 ὁμολογεῖτε,

128 3707 265 3836 ἄχρις
291 3700 344 3783 οῦ
377 3706 433 3783 άν
468 3707 603 3780 5555
661 3704 750 3783 Τὸν
775 3701 1012 3795 θάνατον,
1039 3704 1280 3786 δέσποτα
1269 3704 1399 3805 κύριε

125 3805 446 3909 παντόκρατορ
473 3803 727 3936 ἐπουράνιε
752 3809 968 3904 βασιλεῦ,
1001 3815 1084 3882 τοῦ
1109 3817 1401 3908 μονογενοῦς

126 3935 213 3997 σου
236 3912 363 4001 Υίοῦ,
399 3908 566 4009 κυρίου
603 3908 650 3985 55
683 3907 761 3984 καὶ
786 3912 902 3984 θεοῦ
927 3907 1005 3984 καὶ
1031 3917 1242 4037 σωτήρος
1265 3909 1400 4040 ἡμῶν

119 4011 264 4111 Ἰησοῦ
289 4018 502 4112 Χριστοῦ
537 4012 958 4141 καταγγέλλοντες,
992 4010 1070 4086 καὶ
1101 4011 1184 4138 τήν
1209 4009 1400 4139 τριήμε-

124 4142 205 4247 ρον
245 4115 325 4189 καὶ
367 4111 611 4212 μακαρίαν
654 4115 801 4188 αὐτοῦ
837 4116 884 4187 ἐκ
920 4120 1098 4212 νεκρῶν
1134 4110 1401 4188 ἀνάστασιν

123 4223 492 4344 ρμολογοῦντες,
534 4214 613 4288 καὶ
654 4214 737 4311 τὴν
780 4219 845 4298 εἰς
889 4213 1124 4313 οῦρανοῦς
1159 4213 1399 4314 ἀνάληψιν

122 4316 469 4448 ὁμολογοῦμεν,
496 4315 574 4391 καὶ
599 4315 683 4412 τὴν
708 4320 755 4391 ἐκ
782 4316 949 4401 δεξιῶν
975 4341 1058 4392 σου
1079 4325 1161 4392 τοῦ
1182 4319 1300 4391 θεοῦ
1320 4315 1399 4447 κριὶ

120 4418 300 4520 πατρὸς
323 4419 590 4520 καθεόραν,
622 4418 701 4494 καὶ
732 4418 814 4515 τὴν
840 4417 1070 4518 δευτέραν
1095 4418 1174 4493 καὶ
1200 4418 1401 4518 φρικτὴν

151 4543 191 4590 lv.
1165 4538 1197 4590 λλ
