3044 4912
736 242 811 317 684

136 424 282 511 σάμενος
302 425 358 493 καὶ
380 421 428 492 δι’
452 419 554 491 αὐτοῦ
575 422 633 490 τὸν
652 423 801 492 παλαιὸν
822 421 902 491 ναὸν
923 419 1121 511 ἀναστήσας,
1149 431 1226 506 τοῖς
1247 422 1360 514 ἁγίοις
1377 429 1408 496 δι’

139 525 374 615 πανευφήμοις
400 521 608 603 ’ἀποστόλοις
627 523 694 613 τήν
716 524 751 592 ἐν
771 524 938 611 πνεύματι
959 525 1114 614 λατρείαν
1135 528 1195 596 καί
1216 535 1280 618 τῆς
1300 534 1408 618 σκηιής

139 637 197 719 τῆς
219 628 381 720 ἀληθινῆς
403 624 589 714 ἐγκαινίσας
608 625 668 714 τήν
687 622 783 717 χάριν
803 628 861 694 καί
882 624 931 695 δι’
955 626 1063 695 αὐτῶν
1082 636 1143 718 τῆς
1164 627 1267 718 ἁγίας
1287 654 1348 699 σου
1362 631 1407 700 ἐκ·

137 731 274 822 πλησίας
294 731 350 797 καί
370 730 413 796 τὰ
432 724 660 816 θυσιαστήριά
681 752 752 809 σου,
774 727 889 815 Κύριε,
911 736 976 797 τῶν
999 731 1181 816 δυναμίων,
1204 728 1240 799 ἐν
1262 729 1354 822 πάση
1373 740 1407 823 τῇ

138 840 179 922 γῇ
200 829 460 921 καταφυτεύσας,
484 828 532 909 τίς
552 830 591 897 τὸ
613 827 846 917 προςάγεσθαί
867 855 920 898 σοι
936 832 997 910 τὰς
1012 829 1104 918 ίερὰς
1116 832 1174 899 καί
1189 828 1404 918 ἀναιμάκτους

135 931 272 1013 θυσίας,
310 930 329 999 ὁ
356 933 413 1000 καί
440 939 557 998 τοῦτον
578 930 635 997 τὸν
657 932 736 999 ναὸν
757 937 813 997 νῦν
835 927 1016 1020 εὐδοκήσας
1038 930 1091 1001 ἐπ’
1115 931 1262 1019 ὀνόματι
1284 933 1402 1003 οἰκοδο·

135 1042 289 1124 μηθήναι
309 1041 369 1101 τοῦ
391 1031 497 1120 ἁγίου,
519 1037 580 1098 τοῦ
600 1033 718 1112 δεῖνος,
738 1033 827 1120 πρὸς
848 1031 948 1114 δόξαν
973 1033 1033 1121 σήν
1054 1033 1194 1102 καὶτοῦ
1214 1044 1402 1123 μονογενοῦς

137 1160 198 1204 σου
220 1134 293 1203 υἱοῦ
315 1136 452 1203 καὶτοῦ
473 1129 638 1218 παναγίου
661 1156 721 1200 σου
742 1132 947 1219 πνεύματος.
980 1132 1080 1215 αὐτὸς
1100 1133 1258 1204 ἀθάνατε
1278 1140 1334 1206 καί
1350 1163 1401 1224 με-

133 1236 347 1324 ’μεγαλόδωρε
367 1237 515 1322 βασιλεῦ,
541 1233 711 1325 μνήσθητι
730 1240 795 1301 τῶν
817 1234 994 1322 οἰκτιρμῶν
1014 1259 1075 1303 σου
1096 1239 1154 1305 καί
1176 1238 1220 1305 τὰ
1243 1239 1319 1328 ἀλέη
1338 1263 1399 1321 σου,

136 1336 190 1407 ὅτι
212 1336 282 1405 ἀπὸ
304 1344 362 1405 τοίΙ
386 1336 505 1415 αἰῶνός
526 1334 608 1405 εἰσι·
630 1336 751 1425 καὶμὴ
773 1336 935 1427 βδελίιξης
954 1334 1043 1425 ἡμᾶς
1055 1337 1187 1426 πλήθει
1200 1341 1399 1426 μεμολυσμέ-

136 1466 214 1520 νους
234 1438 412 1526 ἁμαρτιῶν,
434 1439 519 1529 μηδὲ
540 1437 731 1529 βεβηλιόσχχς
751 1439 810 1527 τήν
831 1438 997 1529 διαθήκην
1018 1462 1078 1505 σου
1101 1439 1160 1506 διὰ
1174 1440 1237 1529 τήν
1251 1438 1399 1529 ἡμετέραν

136 1539 361 1627 ἀκαθαρσίαν·
391 1538 476 1608 ἀλλὰ
504 1537 628 1625 πάριδε
649 1541 705 1606 καί
726 1545 783 1606 νῦν
803 1540 846 1607 τὰ
867 1538 1127 1626 παραπτώματα
1148 1539 1248 1629 ήμῶν
1268 1544 1323 1610 καί
1342 1542 1400 1611 ἐνί

136 1666 254 1725 σχυοον
275 1640 362 1729 ἡμᾶς
383 1642 438 1708 καί
459 1638 621 1713 ίκάνωσον
648 1639 819 1731 τῇιχάριτι
839 1643 896 1710 καί
918 1641 1134 1731 ἐπιφοιτήσει
1156 1651 1219 1712 τοῦ
1243 1645 1399 1726 ζωοποιοί

134 1743 190 1810 καὶ
219 1740 313 1829 ἁγίου
344 1767 403 1809 σου
432 1740 630 1826 πνεύματος,
660 1740 830 1810 ἐκτελέσαι
858 1739 1083 1830 ἀκατακρίτως
1110 1745 1169 1810 τὸν
1197 1745 1398 1833 ἕγκαινισμὸν

134 1850 194 1911 τοῦ
216 1851 297 1912 ναοῦ
317 1842 437 1911 τούτου
458 1844 595 1911 καὶτοῦ
617 1843 651 1911 ἐν
674 1840 764 1930 αὐτῷ
784 1843 1028 1935 θυσιαστηρίου
1044 1843 1266 1933 ποιήσασθαι
1279 1849 1401 1936 τήνκα-

133 1947 310 2033 θιέρωσιν·
338 1948 394 2011 ἵνα
422 1946 479 2013 καί
505 1944 540 2013 ἐν
566 1942 673 2032 τούτῳ
701 1941 887 2032 είλογῶμέν
907 1970 945 2013 σε
965 1948 1117 2034 ψαλμοῖς
1136 1949 1193 2015 καὶ
1218 1948 1336 2035 ὕμνοις
1353 1950 1401 2017 καί

132 2044 547 2135 μοστικαῖςλειτουργίαις
577 2047 633 2113 καί
660 2046 719 2134 τήν
736 2047 800 2134 σήν
822 2044 1063 2134 εάσπλαγχνίαν
1085 2048 1142 2115 διὰ
1164 2050 1296 2130 παντὸς
1308 2076 1402 2138 μεγα-

134 2147 288 2234 λίνωμεν.
333 2149 413 2228 Ναί,
437 2148 587 2217 δέσποτα
609 2146 723 2236 Κύριε,
747 2144 765 2216 ἁ
790 2148 876 2226 Θεὸς
897 2144 998 2236 ήμῶν,
1022 2147 1041 2237 ἡ
1064 2149 1163 2230 ἐλπίς
1183 2149 1325 2218 πάντων
1345 2159 1402 2218 τῶν

131 2252 287 2338 περάτων
313 2258 372 2339 τῆς
399 2257 466 2338 γῆς,
495 2247 682 2317 ἐπάκουσον
708 2247 802 2338 ἡμῶν
828 2257 894 2316 τῶν
921 2248 1125 2339 ἁμαρτωλῶν
1152 2253 1323 2336 δεομένων
1348 2278 1401 2320 σου

131 2355 187 2420 καὶ
213 2349 437 2442 κατάπεμψον
462 2350 501 2418 τὸ
530 2348 624 2436 ἁγνόν
646 2374 706 2418 σου
727 2357 859 2435 πνεῦμα
880 2352 938 2419 καί
958 2353 1180 2442 προςκονητδν
1201 2355 1261 2422 καί
1284 2379 1402 2421 παντο-

133 2454 278 2541 δίναμον
305 2456 362 2521 καί
384 2451 521 2539 ἁγίασον
542 2453 599 2519 τὸν
621 2447 712 2520 οἷκον
733 2458 865 2519 τοῦτον·
894 2452 1071 2540 πλήρωσον
1093 2452 1195 2521 αὐτὸν
1218 2459 1335 2544 φωτὸς
1356 2455 1402 2525 ἀί-

132 2556 216 2637 δίοσ,
240 2554 406 2643 αίρὲτισον
429 2551 528 2620 αίτόν
550 2552 598 2632 τίς
619 2550 806 2643 κατοίκησίν
828 2579 899 2636 σου,
922 2553 1064 2643 ποίησον
1087 2553 1187 2623 αάτόν
1202 2557 1315 2626 τόπον
1330 2585 1399 2650 σκη-

131 2657 282 2741 νώματος
309 2667 367 2745 τῆς
398 2656 494 2744 δόξης
523 2682 593 2734 σου,
623 2656 872 2743 κατακόσμτχσον
901 2654 1001 2723 αέτόν
1029 2663 1100 2736 τοῖς
1126 2658 1241 2738 θείοις
1270 2685 1331 2728 σου
1352 2665 1400 2729 καί

131 2757 368 2843 ὑπερκοσμίοις
399 2758 593 2841 χαρίσματι,
627 2756 832 2846 κατάστησον
864 2757 963 2824 αὐτὸν
997 2761 1114 2842 λιμένα
1145 2764 1399 2847 χειμαζομένων,

132 2859 275 2944 ἰατρεῖον
298 2867 430 2936 παθῶν,
460 2857 663 2946 κατατρέχων
686 2856 847 2938 ἀσθενῶν,
878 2859 1044 2944 δαιμόνων
1067 2862 1346 2951 φυγαδευτήριον,
1372 2866 1399 2931 ἕν

129 2965 175 3047 τῷ
204 2955 289 3027 εἶναι
317 2957 517 3048 όφθαλμοίς
539 2984 599 3025 σου
623 2957 845 3047 ἀνεῳγμένοις
868 2959 920 3027 ἐπ’
945 2960 1044 3027 αίιὸν
1069 2960 1191 3050 ἡμέρας
1214 2967 1273 3032 καί
1297 2970 1399 3045 νυκτὸς

128 3061 248 3129 καὶτὰ
272 3056 340 3128 ὦτά
374 3087 433 3128 σου
456 3063 658 3146 προςέχοντιι
681 3062 729 3141 είς
750 3063 808 3150 τήν
831 3064 942 3151 δέησιν
964 3061 1055 3147 ήμῶν
1077 3071 1140 3129 τιῖιν
1164 3066 1199 3130 έν
1223 3068 1326 3156 φόβῳ
1347 3094 1396 3136 σοι·

127 3165 184 3231 καὶ
207 3161 362 3253 είλαχθείρ
386 3165 419 3230 έν
443 3162 530 3251 αι’·τῷ
555 3162 719 3242 εἰςιόντων
741 3164 796 3230 καί
819 3165 1087 3249 ἐπικαλουμένων
1108 3167 1147 3232 τὸ
1166 3167 1339 3255 πάντιμον
1352 3171 1396 3237 καί

129 3265 349 3351 προςκινητὸν
372 3260 476 3348 όνομά
500 3289 576 3330 σου·
600 3264 662 3331 ὅσα
686 3264 879 3352 τιῖτήσονταί
901 3292 937 3332 σε
959 3269 1015 3333 καί
1037 3269 1075 3333 σίι
1098 3267 1278 3361 είςακοίσγγ
1306 3274 1340 3340 έν
1361 3277 1396 3358 τῷ

129 3363 256 3452 οὐρανῷ
280 3362 347 3431 ἀνω
369 3368 424 3432 καί
447 3365 600 3453 ποιήσεις
623 3365 714 3444 έλεος
735 3368 792 3433 καί
813 3370 910 3446 ἵλεως
933 3367 1000 3458 έση.
1042 3371 1195 3450 Φίλαξον
1219 3372 1323 3440 αι’·τὸν
1345 3375 1397 3451 ἕως

126 3473 184 3554 τῆς
212 3465 398 3546 συντελείας
427 3475 485 3533 ’τοῦ
509 3467 627 3546 αἰῶνος
650 3465 830 3534 ἀσάλευτον
852 3471 906 3535 καί
929 3472 966 3535 τὸ
990 3470 1024 3536 έν
1047 3469 1135 3558 αι’·-τῷ
1158 3474 1397 3563 θυσιαστήριον

127 3567 221 3654 ἁχιον
244 3566 345 3655 ἁγίων
367 3568 538 3649 ἀνάδειξον
560 3578 599 3658 τῇ
622 3568 758 3653 δυνάμει
780 3571 835 3637 καί
857 3570 1002 3660 ἐνεργείᾳ
1023 3580 1083 3637 τοτ’Ι
1105 3572 1201 3658 ἁγίου
1225 3600 1290 3640 σου
1307 3576 1397 3643 πνεί-

125 3697 240 3754 ματσς.
283 3671 436 3751 λόξαοον
466 3669 564 3737 αίτὸν
592 3669 676 3756 ίττέρ
706 3672 743 3737 τὸ
771 3673 856 3738 κατὰ
884 3672 984 3756 νόμον
1004 3671 1207 3762 ἱλαστήριον,
1240 3676 1324 3755 ὥςτε
1345 3679 1398 3757 τὰς

126 3773 161 3838 έν
190 3771 278 3860 αὐτῷ
307 3773 504 3856 τελουμένας
531 3770 715 3859 ἱερουργίας
743 3772 791 3851 εἰς
818 3774 856 3839 τὸ
886 3774 980 3860 ἅγιον
1002 3776 1058 3840 καί
1083 3773 1328 3864 ὑπερουράνιον
1349 3780 1398 3846 καί

124 3872 238 3960 νοερόν
261 3900 320 3939 σου
344 3873 584 3959 θυσιαστήριον
606 3884 768 3963 καταντζιν
789 3876 844 3941 καὶ
867 3878 925 3963 τήν
946 3874 1040 3962 χάριν
1062 3874 1140 3963 ἡμῖν
1162 3886 1221 3965 τῆς
1239 3878 1396 3967 ἀχράντοι·

123 3973 354 4058 κατακομίζειν
376 3975 612 4054 ένιίσκιάσεως·
636 3982 826 4063 θαρροῦμεν
848 3979 907 4064 γὰρ
932 3975 988 4044 οέκ
1011 3977 1059 4056 εἰς
1076 3979 1134 4066 τήν
1149 3987 1215 4045 τιῦν
1231 3979 1396 4069 ἡμετέρων

121 4082 239 4160 χειριῦν
261 4074 453 4163 ὑπουργίαν,
478 4074 548 4143 ἀλλ’
572 4076 620 4155 εἰς
641 4078 699 4164 τήν
722 4079 781 4166 σήν
804 4073 934 4166 ἀφατον
957 4077 1162 4170 ἀγαθότητα.

207 4171 291 4242 Εἶτα
303 4175 320 4242 ό
333 4178 493 4259 διάκονος.
514 4178 720 4264 Ἀντιλαβοῦ,
743 4186 859 4258 σῶσον,
884 4181 1027 4270 ε’λέήσον,
1052 4180 1238 4272 ἀνάστησον
1253 4188 1310 4254 καί
1328 4191 1396 4255 δια-

123 4273 271 4361 φόλαξον
298 4276 393 4367 ἡμᾶς,
421 4278 472 4346 Ἐν
495 4279 604 4372 εἰρήνη
626 4289 685 4348 τοῦ
708 4280 834 4367 Κυρίου
859 4285 1029 4372 δειγθιῦμεν
1051 4287 1117 4351 κτλ.
1139 4293 1200 4373 τῆς
1222 4295 1277 4354 M.
1302 4314 1395 4355 συνα-

121 4383 218 4462 πτής.
259 4378 296 4446 Ὁ
325 4377 491 4468 ἀρχιερεῖς
519 4384 577 4471 τήν
605 4381 798 4472 έκιχώνησιν,
829 4382 947 4451 ἔπειτα
977 4383 1152 4472 ἐρχόμενος
1180 4385 1199 4455 ὁ
1230 4387 1397 4478 ἀρχιερείτς

118 4473 316 4564 ε”μπροοθεν
337 4490 395 4570 τῆς
417 4481 513 4570 ἁγίας
532 4486 698 4575 τραπέζης
718 4486 774 4555 καί
796 4488 907 4575 λαβὼν
921 4489 963 4555 τὰ
978 4487 1071 4576 νίτρα
1086 4486 1120 4577 (ἢ
1133 4490 1396 4574 μοσχοσάπωναλ
