3044 4912
716 240 789 315 343

638 418 676 489 Ὁ
698 416 863 503 διάκονος.

191 524 269 597 Ἔτι
293 524 357 598 καὶ
381 526 434 599 ἔτι
460 526 501 600 ἰν
526 523 650 623 εἰρήνη
676 534 743 601 τοῦ
764 524 909 624 Κυρίου
934 524 1133 624 ὃεηθῶμεν
1155 536 1233 604 κτλ.

190 628 431 723 Ἀντιλαβοῦ,
458 634 594 716 σῶσον,
621 628 781 723 ἐλέησον,
807 630 871 702 καὶ
895 626 1129 726 ιίιοιφύλαξον
1151 628 1250 727 ἡμᾶς
1273 636 1351 705 κτλ.

205 734 279 825 Τῆς
302 728 498 830 παναγίας,
526 726 727 827 ἀχράντου,
753 728 1101 831 ὑπερευλογημένης.

574 892 613 962 Ὁ
636 892 742 985 ἱερεὺς
763 893 930 987 ἰκφῶνως.

190 998 276 1075 Ὅτι
310 996 457 1099 ἀγαθὸς
488 998 552 1073 καὶ
584 996 855 1098 φιλάνθρωπος
883 999 971 1084 Θεὸς
1002 997 1200 1099 ὑπάρχεις,
1232 1002 1297 1077 καὶ
1329 999 1389 1077 σοὶ

116 1100 186 1197 τὴν
222 1097 338 1184 δόξαν
373 1100 650 1196 ἀναπιξιιτιομεν,
686 1110 740 1199 τῷ
772 1099 897 1201 πατρί,
931 1101 995 1176 καί
1025 1111 1079 1202 τῷ
1115 1104 1200 1201 υἱῷ,
1234 1102 1299 1178 καί
1332 1110 1388 1201 τῷ

118 1202 215 1305 ἆγίῳ
241 1199 435 1297 πνεύματι,
461 1210 534 1279 νῦν
549 1202 612 1277 καὶ
629 1202 698 1293 ἀεὶ,
724 1202 788 1278 καὶ
805 1210 855 1287 εἰς
870 1203 959 1289 τοὺς
973 1209 1114 1289 αἰῶνας
1129 1213 1208 1281 τῶν
1225 1202 1388 1282 αἰαίνων.

264 1364 351 1455 Είγὴ
373 1374 433 1435 τοῦ
453 1366 493 1455 γ’.
515 1366 714 1457 άντιφῶνου,
736 1362 777 1459 ἣν
798 1369 886 1458 λέγει
908 1368 927 1440 ὁ
950 1368 1056 1458 ίερείς
1075 1378 1250 1456 μυστικῶς.

190 1472 235 1549 ‘0
265 1472 332 1555 τὰς
363 1472 491 1557 κοινὰς
521 1469 658 1557 ταύτας
684 1472 747 1547 καί
773 1470 1001 1572 συμφώνους
1024 1474 1117 1570 ἡμῖν
1137 1471 1390 1573 χαρισάμενος

117 1573 331 1671 προςευχάς,
365 1573 385 1647 ὃ
410 1574 472 1647 καὶ
497 1572 586 1649 ιίυσὶ
609 1574 672 1649 καὶ
697 1574 809 1669 τρισὶ,
842 1585 1114 1675 συμφωνοῦσιν
1138 1576 1198 1651 ἰπὶ
1222 1584 1277 1673 τῷ
1302 1574 1389 1652 ὀνό-

117 1675 210 1771 ματί
242 1702 323 1764 σου,
360 1675 426 1759 τὰς
451 1672 609 1771 αἰτήσεις
634 1676 806 1774 παρέχειν
830 1674 1153 1780 ἐπαγγειλάμενος·
1189 1677 1301 1763 αὐτὸς
1325 1676 1390 1753 καὶ

116 1787 190 1853 νῦν
224 1786 301 1851 τῶν
334 1774 480 1852 δούλων
514 1804 583 1851 σου
607 1778 654 1850 τὰ
682 1776 870 1904 αἰτήματα
892 1780 983 1877 πρὸς
1007 1778 1051 1854 τὸ
1078 1782 1272 1880 συμφέρον
1297 1776 1390 1877 πλή-

117 1906 256 1979 ρωσον,
286 1886 460 1980 χορηγῶν
490 1877 581 1976 ἡμῖν
613 1882 655 1952 ἐν
686 1886 740 1977 τῷ
773 1909 931 1975 παρυντι
956 1886 1065 1955 αἰῶνι
1091 1882 1160 1977 τὴν
1185 1880 1387 1983 ἐπίγνωσιν

116 1990 182 2173 γῆς
215 1989 281 2077 σῆς
315 1980 504 2075 ἀληθείας,
538 1980 602 2055 καὶ
626 1984 667 2055 ἐν
691 1989 745 2078 τῷ
770 1982 939 2077 μέλλοντι
976 1981 1075 2079 ζωὴν
1101 1978 1256 2058 αἰῶνιον
1278 2010 1388 2083 χαρι-

141 2112 283 2179 ομενος.

196 2286 304 2360 XVII·
350 2298 565 2384 Ψαλλομίνου
594 2299 632 2367 δὲ
657 2304 719 2367 τοῦ
743 2293 856 2389 τρίτου
884 2294 1073 2389 άντιφοίνου
1094 2298 1189 2386 παρὰ
1209 2303 1275 2366 τῶν
1295 2300 1389 2389 ψαλ-

114 2408 193 2483 τῶν,
222 2398 244 2489 ἢ
270 2407 335 2467 τῶν
360 2406 585 2488 μοκαρισμῶν,
613 2396 672 2467 ἐάν
699 2400 771 2467 ε’στι
797 2397 951 2489 κυριακή·
980 2398 1060 2468 ὅταν
1088 2396 1234 2469 ἔλθωσιν
1261 2396 1310 2479 εἰς
1330 2400 1390 2467 τὸ·

114 2486 228 2573 δόξα·
262 2500 281 2571 ὁ
304 2500 418 2589 ἱερεὺς,
445 2502 502 2571 καί
524 2500 542 2569 ὁ
565 2498 719 2582 διάκονος
740 2498 875 2581 στάντες
897 2498 1090 2589 ἔμπροσθεν
1110 2508 1170 2591 τῆς
1191 2498 1288 2589 ἁγίοις
1308 2526 1389 2587 τρα-

116 2604 232 2695 πέζης,
260 2610 398 2672 ποιοῦσι
420 2602 674 2692 προςκινήματα
694 2600 780 2691 τρία.
824 2598 910 2672 Εἶτα
931 2604 1043 2689 λοβῶν
1064 2601 1083 2671 ὁ
1106 2602 1213 2691 ἱερεὺς
1233 2604 1272 2672 τὸ
1295 2601 1389 2691 ι’ίγιον

117 2703 326 2793 εὗαγγέλιον,
361 2704 479 2773 δίδωσι
514 2711 561 2794 τῷ
596 2704 750 2795 διακόνῳ.
792 2706 863 2773 Καὶ
891 2702 998 2785 οίίτως
1024 2703 1219 2786 ege-tertie&
1246 2704 1305 2773 διὰ
1328 2710 1390 2773 τοῦ

115 2806 253 2896 βορείου
273 2808 404 2895 μέρους,
426 2808 728 2893 προπορευομένιον
749 2802 858 2875 αὐτῶν
879 2804 1076 2893 λαμπάδων,
1098 2814 1239 2875 ποιοῦσι
1258 2805 1318 2894 τὴν
1331 2832 1390 2891 μι-

116 2910 199 2996 κρὰν
220 2906 358 2988 εἷ’ςοιίον.
400 2908 471 2975 Καὶ
491 2906 625 2988 στάντες
646 2908 682 2977 ἰν
702 2916 749 2996 τῷ
770 2907 911 2997 συνήθει
931 2908 1037 2997 τόπφ,
1059 2906 1225 2977 κλίνουσιν
1240 2903 1390 2997 ἀμφότε-

116 3036 172 3101 ροι
193 3009 254 3090 τὰς
274 3006 431 3100 κεφαλάς.

120 3230 264 3293 διάκονος·
282 3232 321 3286 ἔτι
338 3232 386 3283 καὶ
402 3231 448 3285 ἔτι.
478 3228 509 3285 ‘0
521 3226 621 3303 χορός·
646 3228 732 3299 Ιίιίριε
749 3227 872 3297 ἰλίησον.
903 3224 935 3282 ‘0
951 3222 1094 3288 ιίιιίκονος·
1112 3226 1268 3295 tristarer.
1296 3224 1327 3281 Ι0
1339 3246 1390 3297 χο-

117 3312 179 3385 ρός·
205 3314 301 3385 Κύριε,
317 3314 440 3382 ίλέησον.
472 3312 501 3367 Ὁ
518 3310 657 3374 διάκονος·
684 3314 731 3379 τῆς
746 3317 894 3382 παναγίιις.
925 3310 955 3366 Ὁ
967 3311 1067 3383 χορός·
1094 3312 1141 3366 σολ
1157 3309 1252 3385 Κύριε.
1282 3306 1390 3383 Ἐκφά-

118 3418 173 3462 νως
189 3396 205 3455 ὅ
222 3394 325 3471 ἱερεύς·
344 3398 382 3453 δτι
401 3398 452 3453 σὸν
468 3397 499 3453 τὸ
515 3392 623 3468 κράτος.
654 3394 684 3451 ‘0
696 3394 793 3465 χορός·
811 3392 895 3468 ἄμην.
918 3398 1001 3450 Meni
1018 3394 1051 3450 τὰ
1073 3396 1196 3469 εἰρηνικὰ
1219 3394 1253 3451 τά
1274 3392 1391 3469 ιίειίτερα

119 3486 221 3554 φιίλλει
246 3482 261 3538 t
280 3482 370 3555 χορὸς
392 3480 422 3538 τὸ
440 3482 569 3554 ιίειίτερον
586 3482 745 3553 ἀντίφωνον
761 3476 778 3547 ἢ
795 3476 829 3535 τοί
846 3478 946 3535 τυπικίι
963 3480 995 3535 τὰ
1012 3477 1127 3551 δεύτερα
1149 3484 1175 3535 εἰ
1191 3482 1246 3534 ἔστι
1264 3478 1390 3551 κυριακὴ,

119 3568 163 3625 eir*
190 3570 235 3639 οὐ,
258 3573 305 3637 τῆς
327 3566 440 3639 ἡμέρας.
475 3566 549 3636 rigi
566 3562 726 3637 ιἰντιφοίνου
743 3568 834 3638 τρίτου
850 3568 1001 3627 μυστικῶς·
1024 3562 1054 3620 ‘0
1070 3562 1118 3625 τάς
1134 3560 1228 3624 κοινάς
1244 3568 1300 3617 κτλ.
1333 3568 1390 3630 Ση.

119 3659 236 3727 μείωσαι
259 3656 307 3705 καί
329 3653 451 3707 ἐνταῦθα
475 3650 512 3711 ῶς
533 3652 581 3705 κιιί
597 3652 629 3705 ἒν
643 3654 675 3724 τῇ
691 3649 757 3723 εὐχῇ
774 3652 805 3723 τῇ
821 3648 915 3721 πρώτη
931 3652 979 3703 καί
996 3650 1111 3719 ιίιυτίρμ
1132 3650 1158 3701 εἰ
1180 3650 1239 3703 ἔστι
1262 3642 1391 3709 διάκονος

120 3735 210 3803 ἢούκ
234 3738 317 3791 ἔστιν.
348 3734 379 3791 'O
396 3730 538 3796 detinerer·
564 3735 601 3789 ἔτι
626 3738 674 3789 καὶ
691 3736 738 3787 ἔτι.
769 3730 800 3787 Ὁ
814 3730 912 3805 χορός·
938 3728 1024 3803 Κύριε
1041 3733 1163 3800 ἐλέησον.
1195 3728 1225 3785 ‘0
1247 3728 1390 3792 detinerer·

119 3820 277 3890 ιίντιλοιβοῦ.
308 3818 339 3875 'O
351 3816 449 3889 χορός·
464 3814 549 3890 Κύριε
566 3820 688 3886 ἰλίησον.
718 3815 748 3873 Ὁ
764 3814 905 3879 διάκονος·
933 3822 978 3885 τῆς
994 3820 1142 3889 ποναγίας.
1174 3816 1205 3869 '0
1217 3813 1316 3889 χορός·
1334 3816 1390 3886 σοί,

119 3902 213 3981 Κύριε.
243 3899 392 3975 Ἐκφῶνιος
415 3902 430 3957 ὁ
454 3898 555 3977 ίερετίς·
582 3902 621 3958 ὅτι
645 3900 752 3973 ιἰγαθός
768 3904 815 3957 καί
833 3899 1034 3975 φιλάνθρωπος
1049 3904 1105 3957 κτλ.
1136 3898 1167 3954 ‘0
1177 3896 1279 3975 χορός·
1304 3896 1389 3971 ἀμήν.

121 3994 159 4047 lin.
176 3996 240 4047 inter
256 3996 379 4045 orationes
396 3994 489 4059 primae
507 4000 530 4043 et
546 3994 667 4045 secuntiae
689 3991 837 4058 Antiphonre
856 3994 977 4043 interserit
994 3992 1148 4055 Dorologiem
1167 3990 1295 4052 minorem,
1318 3988 1390 4039 Psal-

122 4092 184 4131 tttttm
202 4088 227 4129 et
244 4080 371 4143 hymnum:
390 4068 405 4127 ὁ
422 4068 585 4144 μονογενής.

203 4164 263 4227 cap.
280 4163 348 4214 xvii.
382 4162 409 4213 Β.
432 4162 495 4213 irrue
511 4162 612 4227 praebet
628 4163 761 4213 orationem
784 4159 829 4223 τῆς
845 4153 967 4218 είςὸιίου·
994 4155 1134 4226 refertur
1151 4156 1198 4207 καί
1215 4154 1262 4221 τῆς
1276 4156 1390 4211 κτίσεως

122 4240 210 4310 πάσης
226 4242 388 4313 δημιουργὲ,
413 4235 559 4314 πρόςιίεξαι
575 4248 742 4317 προςιοῦσιιν
764 4242 812 4309 τὴν
829 4243 976 4309 ἐκκλησίαν
993 4244 1040 4297 καί
1057 4234 1174 4295 ἑκάστου
1192 4237 1222 4293 τὸ
1239 4236 1389 4311 σύμφορον

123 4322 276 4397 ἰκληριοσον
299 4328 347 4379 καί
369 4324 459 4398 ίίγαγε
482 4322 590 4387 πάντας
609 4328 650 4387 εἰς
665 4322 817 4393 τελειότητα
834 4328 881 4379 καί
898 4324 992 4389 ἀξίους
1008 4324 1082 4399 ἡμᾶς
1098 4324 1256 4394 ἇντίργασαι
1273 4325 1319 4389 τῆς
1333 4328 1390 4391 βα-

124 4412 220 4472 σιλείας
236 4426 288 4465 σου
305 4418 336 4467 ci.
353 4417 399 4467 Lit.
418 4418 465 4467 iac.
483 4432 503 4467 e.
515 4416 539 4465 t.
557 4442 591 4453 -
608 4416 764 4483 Reliquorum
782 4416 900 4467 librorum
918 4430 967 4469 οσο
984 4415 1119 4467 adnotanda
1139 4422 1176 4463 est
1193 4413 1308 4463 irrietrs:
1331 4426 1389 4465 nrm

126 4498 236 4566 rubricae,
254 4502 290 4553 rei
307 4500 385 4553 fusius
403 4502 524 4569 expetitae
542 4502 577 4551 rei
595 4502 620 4553 in
638 4502 754 4555 rretieree
773 4504 833 4553 tines
850 4502 969 4566 redretre,
987 4516 1033 4555 nes
1051 4500 1110 4552 nihii
1128 4510 1262 4549 moramur.

1130 4579 1187 4635 2³*
