3044 4912
629 276 632 281 ’
711 267 782 342 145

654 444 732 516 ‘0
722 473 752 516 οε

191 549 230 627 0
258 547 387 677 κύριος
405 546 634 678 εὺίογήση,
647 550 710 626 erui
698 445 1030 679 ίιίίύχύση,
968 551 1032 626 καὶ
1067 553 1252 649 ἀκροατὰς
1284 554 1383 653 ημᾶς

130 648 247 779 ποιήση
262 660 331 726 τοῦ
349 649 459 752 ἁγίου
477 652 593 727 αὐτου
574 651 872 755 εύαγγελίου,“
855 682 875 727 o
893 651 948 728 o'ir
965 654 1160 783 εὐλογητὸς
1173 654 1275 748 θεός,
1295 665 1388 748 νῦν,

127 751 180 826 καὶ
194 752 261 842 ἀεὶ,
281 782 345 827 και
332 753 413 836 εἰς
437 752 525 838 τοὺς
549 757 689 838 αἰῶνας
711 762 791 831 τῶν
817 750 976 831 αἰώνων.
1022 753 1168 853 Ἀμήν]

634 881 673 954 Ὁ
695 884 855 968 διάκονος.

191 985 381 1084 Στοίθητε,
407 984 628 1085 ἀκούσωμεν
651 998 720 1065 τοῦ
745 989 856 1093 ἁγίου
881 989 1104 1095 εὐαγγελίου.

659 1117 698 1190 ‘0
720 1119 835 1213 ἱερεύς.

671 1303 709 1374 ‘0
736 1303 827 1387 λαός.

191 1391 266 1465 Καὶ
291 1400 345 1489 τῷ
371 1388 555 1487 πνεύματί
580 1416 660 1467 σου.

191 1202 331 1304 Εἰρήνη
356 1214 480 1282 πᾶσιν.

197 1528 286 1601 ΠΗ.
319 1541 390 1610 Καὶ
410 1541 498 1630 λέγει
518 1539 557 1610 τὸ
579 1536 769 1632 εὐαγγέλιον
791 1538 810 1609 ὁ
832 1539 994 1624 διάκονος,
1016 1515 1075 1630 τήν
1096 1518 1273 1634 ουνύπτην,
1296 1540 1315 1612 ὁ
1338 1541 1385 1612 ie·
1472 1574 1476 1585 ·

125 1641 190 1729 ρεὺς
210 1639 396 1726 ἐπεύχεται.

195 1761 290 1844 Τοὺς
321 1771 527 1846 νοσοῦντας
552 1759 667 1860 κύριε,
700 1771 768 1838 τοῦ
801 1772 893 1839 λαοῦ
928 1789 997 1839 σου
1030 1762 1320 1860 ἐπισκεψάμενος
1345 1767 1386 1841 ἐν

125 1863 201 1937 ἐλέει
226 1862 289 1938 καὶ
316 1869 528 1962 οἰκτιρμοῖς,
554 1867 668 1938 ἴασαι.
700 1863 793 1948 Τοὺς
819 1863 1133 1993 ἀποδημήσαντας
1151 1865 1258 1960 ἡμῶν
1277 1864 1386 1941 ἀδελ-

127 1962 223 2060 φούς,
248 1964 273 2061 ἢ
297 1967 498 2061 μέλλοντας
523 1964 787 2095 ἀποδημεῖν,
768 1996 809 2040 εν
833 1996 886 2063 τῳ
905 1965 1007 2064 τόπῳ
1025 1963 1325 2043 saccellum?
1302 1968 1386 2041 ἓ-κα
1428 2016 1432 2025 ·

127 2088 206 2195 σορν
230 2071 282 2149 εἰς
305 2066 372 2142 τὸν
397 2064 538 2164 καιρόν.
587 2067 681 2151 Τοὺς
706 2067 925 2193 ἀγαθοὺς(
904 2069 1032 2150 υετοὺς
1056 2064 1302 2193 κατάπεμψον
1327 2068 1386 2142 ἐπὶ

127 2166 203 2252 τοὺς
222 2165 441 2265 χρήζοντας,
466 2168 530 2243 ecci
554 2166 879 2263 ἐπιὺεομένους’
836 2198 981 2253 τοπους.
1013 2168 1066 2242 Τὰ
1083 2165 1248 2262 ποτάμια
1263 2168 1386 2245 ὕδατα
1428 2232 1430 2237 .

129 2265 332 2397 ἂνοίγαγεέ
333 2269 375 2343 πὶ
399 2269 442 2345 τὸ
466 2271 603 2368 μέτρον
630 2271 769 2360 αὐτῶν,
805 2269 900 2344 κατὰ
926 2270 994 2367 τήν
1021 2269 1090 2367 σὴν
1111 2266 1236 2368 χοίρον.
1293 2268 1387 2354 Τοὺς

127 2371 281 2469 καρποὺς
306 2379 369 2467 τῆς
386 2379 460 2497 γῆς
484 2370 647 2497 αύξησον
672 2376 722 2455 εἰς
748 2372 905 2468 σπέρμα,
931 2372 994 2446 καὶ
1019 2377 1069 2456 εἰς
1084 2368 1280 2499 θερισμόν.
1311 2371 1388 2468 Τὴν

130 2471 311 2565 βασιλείαν
336 2481 404 2548 τοῦ
429 2468 567 2548 ὺούλου
594 2498 675 2562 σου,
702 2473 746 2548 ὃν
772 2471 990 2557 ἐὺικαίωσας
1014 2469 1264 2570 βασιλεύεινέ
1267 2472 1308 2548 πὶ
1324 2503 1388 2570 της

131 2600 195 2671 γης,
221 2578 262 2649 ἐν
288 2572 427 2670 εἰρήνη,
459 2604 523 2648 και
510 2573 698 2703 ἇνὺρίρ,
730 2575 790 2650 καὶ
817 2574 1047 2672 δικαιοσύνη,
1079 2575 1143 2650 καὶ
1167 2573 1387 2706 γαληνότητι

132 2672 359 2803 δοριρύλαξον.
416 2676 492 2773 Τήν
526 2677 714 2805 ταπεινήν,
751 2676 813 2750 καὶ
846 2675 1015 2772 ἐλεεινήν,
1051 2677 1114 2751 καὶ
1148 2674 1387 2775 φολόχριστον

133 2772 224 2852 πόλιν
257 2775 413 2876 ταύτην,
446 2783 555 2874 ῥῦσαι
582 2775 712 2876 αὐτήν,
746 2777 947 2867 ὃθεός,’
927 2780 995 2878 αφ’
1024 2778 1174 2878 ημερῶν
1200 2787 1387 2877 πονηρῶν,

138 2927 421 2941 -----

135 2995 205 3049 lacob:
222 3002 311 3049 sumite
322 2999 443 3053 Psalmum
462 3010 486 3051 et
503 3001 558 3051 date
576 3008 722 3066 tympanum,
740 3001 881 3065 psalterium
900 3002 1029 3052 iucundum
1049 3017 1101 3052 cum
1114 3002 1212 3053 cithara.
1232 3002 1288 3051 Post
1303 3001 1388 3051 lectio·

134 3095 177 3132 tem
197 3085 233 3134 Er.
272 3082 380 3149 Populus
408 3084 484 3135 dicet:
512 3085 642 3137 Cherubim
670 3094 694 3136 et
716 3087 843 3150 Seraphim
870 3101 966 3135 sursum
995 3087 1090 3135 mittunt
1114 3086 1136 3135 ei
1165 3084 1275 3147 gloriam.
1320 3085 1388 3135 'lonc

134 3164 212 3218 dicent:
229 3170 342 3228 Sanctus,
360 3169 385 3218 S.
404 3171 428 3219 S.
447 3171 615 3234 omnipotens:
634 3170 699 3234 pleoi
717 3179 773 3220 suut
791 3171 851 3220 coeli
871 3181 894 3220 et
912 3171 1117 3229 terrasauctitute
1135 3167 1226 3231 gloriae
1244 3170 1304 3221 eius.

205 3253 262 3317 Cep.
280 3253 340 3302 vltt.
376 3254 421 3304 luc
440 3253 512 3304 οἰί.
542 3254 822 3307 lleoaldotiusl.c.
841 3254 1008 3318 permutor
1027 3252 1387 3319 estproprioloqueodoCol·

134 3332 192 3398 lecta,
213 3352 262 3401 quo
285 3353 358 3387 seusu
378 3337 417 3388 ille
436 3353 477 3388 vox
496 3339 519 3388 io
538 3339 627 3389 Latinis
646 3338 783 3388 llissulibrrs
802 3349 939 3405 usurpatur,
962 3339 1005 3389 sed
1024 3339 1100 3389 oratio
1119 3352 1179 3402 quae
1198 3338 1293 3388 lectioni
1311 3338 1387 3388 Evau-

134 3420 177 3480 retii
194 3422 276 3489 stetim
292 3421 451 3482 subiungitur.
487 3423 599 3474 Continet
615 3432 694 3473 autem
713 3439 798 3487 preces
816 3439 860 3486 pro
878 3425 989 3473 omnibus
1007 3423 1128 3487 personis,
1146 3431 1171 3471 et
1187 3423 1289 3485 publicis
1304 3438 1388 3471 ueces-

132 3505 238 3565 υλεοοοε,
267 3520 311 3569 pro
339 3507 424 3568 quibus
451 3514 533 3557 orator
560 3515 614 3557 aute
643 3508 761 3570 inceptam
786 3508 936 3570 luapboram
961 3514 1058 3570 etpost
1076 3506 1289 3556 consecrationem.
1324 3506 1389 3555 luter

132 3588 181 3638 alias
198 3589 409 3639 animadvertenda
426 3599 463 3641 est
480 3591 556 3640 oratio
575 3605 619 3655 pro
638 3592 706 3654 aquis
725 3591 839 3650 fluminis,
857 3590 903 3639 llili
921 3590 1022 3650 seilicet,
1040 3591 1070 3639 de
1081 3589 1237 3657 quibussolis
1249 3588 1387 3638 brecrerba

131 3672 220 3735 intelligi
239 3680 344 3737 possunt
361 3665 485 3738 ἀνάγαγε
504 3673 544 3730 εἰς
559 3689 589 3724 eo
607 3674 721 3742 μέτρονι
740 3654 809 3724 diora
829 3689 870 3723 eus
888 3674 917 3723 ed
936 3675 1021 3722 iustam
1041 3656 1194 3735 moniacam
1213 3673 1276 3737 quod
1294 3679 1386 3722 certum

129 3758 234 3809 iudicium
254 3766 291 3807 est
309 3758 454 3822 pertinuisse
472 3759 538 3809 illam
556 3759 685 3821 liturgiam
704 3759 733 3809 ad
752 3758 872 3808 Ecclesiae
889 3758 1056 3821 Aegyptiacas3
1075 3772 1123 3806 nou
1141 3757 1219 3806 miuus
1237 3771 1309 3821 quoru
1323 3757 1388 3820 Cop-

127 3843 181 3892 tiess
204 3843 228 3892 io
247 3841 335 3906 quibus
353 3842 416 3892 idern
435 3842 528 3906 legitur.
564 3844 646 3893 Oratio
670 3859 765 3908 quoque
789 3845 815 3892 llt
838 3842 1013 3906 mulieribus,
1037 3856 1098 3907 quos
1123 3842 1179 3891 dum
1201 3840 1261 3889 baec
1284 3840 1388 3903 liturgia

126 3928 210 3991 scripte
229 3935 276 3986 est,
294 3926 443 3978 Christianus
461 3929 537 3979 luisse
555 3928 683 3978 verisimile
702 3938 753 3978 est:
772 3942 826 3976 narn
845 3926 981 3976 iullrlelibus
999 3927 1070 3975 rerba
1088 3941 1136 3975 noo
1155 3926 1329 3974 convenissent.

205 4010 260 4060 bas.
280 4010 364 4062 Oratio
383 4012 597 4076 postllrropelium
615 4020 708 4062 secreto
727 4012 826 4061 dicendo
844 4012 950 4061 continet
964 4009 1059 4059 solitam
1078 4009 1279 4073 deprecationem.
1299 4010 1390 4070 „Tem-

123 4110 183 4158 pore
198 4095 248 4145 ltili
266 4096 435 4167 exundationis
452 4104 476 4146 et
492 4096 586 4161 pluviae
603 4095 710 4146 dicetur:
739 4096 856 4146 Memento
875 4096 976 4145 bomine
994 4107 1109 4158 uquarum
1127 4093 1232 4143 llumlbis
1250 4101 1274 4144 et
1289 4095 1390 4144 benedic

123 4178 181 4241 illis,
210 4194 301 4242 copem
325 4181 380 4231 illas
402 4182 464 4231 iuxta
484 4193 621 4232 mensuram
638 4194 716 4230 suam.
751 4180 871 4244 Tempore
888 4179 1003 4229 sementis
1021 4178 1126 4228 dicetur:
1152 4178 1272 4229 blemeoto
1289 4178 1390 4229 Domine

123 4265 243 4315 seminum
268 4265 452 4330 plantarumque
470 4274 496 4329 ut
512 4272 621 4316 croccant
638 4273 662 4315 et
679 4264 875 4329 multiplicentur.
893 4290 924 4300 -
944 4289 974 4300 -
994 4263 1052 4313 Post
1068 4262 1197 4314 lectionem
1215 4260 1334 4326 Evangebi
1353 4265 1390 4314 al·

122 4350 185 4401 teret
207 4349 270 4401 illud
288 4350 407 4401 Diaconos
431 4349 462 4401 ad
483 4350 633 4400 sacerdotem
652 4351 692 4414 qui
711 4349 770 4399 illud
788 4348 936 4399 osculabitur
953 4356 979 4398 ut
996 4348 1067 4398 etiem
1086 4348 1170 4399 Clerus
1188 4356 1212 4399 et
1229 4347 1342 4413 populus,
1367 4355 1391 4399 et

123 4422 346 4487 iuteres'recitrbit
363 4435 483 4486 Sacerdos
501 4435 634 4486 orationem
651 4434 688 4484 rel
706 4434 779 4495 (beas
798 4433 838 4499 qui
857 4442 896 4484 tuo
915 4447 971 4497 erge
988 4433 1111 4484 homiuum
1130 4432 1185 4495 etc.)
1202 4442 1269 4484 etrus
1286 4433 1317 4485 ud
1328 4432 1392 4483 latus

122 4520 169 4584 rel,
186 4520 269 4586 capite
283 4517 409 4570 inclinato.

157 4603 198 4656 tt.
1171 4604 1204 4658 lb
