3044 4912
639 248 713 323 239

41 426 115 508 τοῖς
146 426 183 495 tr
210 425 338 496 σ’κότει·
372 424 552 518 εὐφραίνου
579 430 636 498 καί
661 431 704 499 σύ
724 425 904 519 Πρεσβότα
930 429 1048 514 δίκαιε,
1080 428 1257 518 δεξάμενος
1278 433 1316 502 ἒν

48 524 207 616 άγκάλαις,
237 530 296 597 τὸν
317 529 544 620 ἐλευθερωτήν
566 538 632 599 ταῖν
652 539 769 620 ψυχαῖν
788 528 891 620 ήμῶν,
922 531 1137 619 χαριζόμενον
1156 532 1236 624 ήμῖν
1255 539 1313 609 καί

50 630 98 713 τήν
115 626 323 700 Ἀνάστασιν.
355 629 556 700 Κοντάκιονε
577 630 615 699 Ὁ
636 632 763 725 μήτραν
778 635 993 722 ’παρθενικήν
1008 633 1150 723 ἁγιάσας
1164 642 1212 724 τῷ
1225 633 1313 725 τόκφ

53 754 110 812 σου,
136 731 194 800 καὶ
214 738 328 821 χεῖρας
348 739 408 800 τοῦ
428 733 564 818 Σεμεὼν
586 730 767 824 εὐλογήσας
788 732 834 815 αῖς
855 736 992 822 ἔπρεπε,
1023 735 1236 827 προφθάσας
1249 735 1313 807 ’καί

55 840 98 899 νῖν
127 835 255 914 ἐ’σωσας
284 830 373 960 ήμιῖς
393 835 521 920 Χριστὲ
548 831 566 902 6
591 832 693 916 Θεός·
726 833 797 903 ἀλλ’
821 834 1009 925 είρήνευσον
1031 837 1066 905 ὲν
1088 839 1251 924 πολέμοις
1271 836 1313 907 τό

56 931 234 1020 πολίτευμα,
256 962 314 1003 και
305 932 541 1024 κραταίωσον
555 937 724 1020 Βασιλεῖς,
747 931 805 1018 οὓς
825 934 1011 1029 ήγάπησας,
1034 935 1177 1024 δμόνας
1190 936 1313 1030 φιλάν-

57 1041 188 1122 θρυπος.

122 1148 151 1206 4
189 1142 445 1205 Αοουοῑῖεῐίυ
468 1138 677 1220 Virginis‘
660 1165 679 1207 ο
700 1137 948 1229 Εὖαγγελισμδς
968 1146 1028 1230 τής
1047 1124 1343 1315 δπεραγίαςιήερῖ

58 1237 210 1329 οπαίνης(
189 1246 285 1329 ημαῖν
298 1237 463 1308 θεοτόκου
485 1247 525 1308 25
541 1246 627 1307 Mart.
650 1240 841 1327 Προεόρτια
863 1246 1158 1321 24Μεε1.11ε1νε.2,
1176 1250 1258 1311 11-

59 1343 153 1418 tunt
170 1348 254 1409 24-
259 1348 309 1410 38
357 1338 621 1466 Τροπάριον.·
595 1338 754 1469 §.666666t
765 1349 824 1432 τῆς
845 1340 1010 1434 σωτηρίας
1031 1339 1180 1431 ήμῶν
1144 1366 1185 1410 το
1204 1340 1313 1434 κεφά-

10 1452 12 1457 “
58 1440 132 1508 λαιον
151 1442 211 1510 καῖ
232 1449 293 1510 τοῦ
309 1438 367 1510 ἀπ’
390 1441 512 1523 αίαῖνος
531 1443 713 1533 μυστηρίου
734 1441 754 1532 6
777 1444 976 1534 φανέρωσις,
999 1440 1114 1522 ὁνίδς
1132 1449 1193 1511 τοῦ
1213 1450 1310 1527 θεοῦ,

10 1548 13 1591 ἰ
60 1537 112 1620 υίὸς
129 1548 188 1632 τής
208 1545 385 1668 παρθένου
407 1542 533 1632 γίνεται
552 1570 609 1612 και
600 1544 831 1635 Γαβριὴλ
795 1571 854 1636 την
865 1543 969 1635 χάριν
991 1541 1233 1633 εὐαγγελίζεται
1255 1545 1310 1614 διὸ

58 1642 99 1709 καί
114 1641 209 1732 ἡμεῖς
230 1645 290 1712 σὺν
312 1641 402 1734 αὐτῷ
423 1652 463 1735 τῇ
486 1643 641 1734 Θεοτόκφ
661 1645 850 1737 βοήσωμεν·
872 1653 982 1736 Χαῖρε
1002 1647 1268 1771 Κεχαριτωμένη,
1291 1643 1311 1715 6

59 1741 162 1832 Κίριος
181 1746 268 1832 μετὰ
289 1753 359 1815 σοῦ.
389 1745 591 1815 Κοντάκιονε
618 1746 705 1837 Τῇι
687 1747 867 1837 υπερμάχφ
889 1755 1059 1871 στρατηγῷ
1073 1748 1116 1815 τὰ
1130 1747 1310 1838 νικητήρια,

10 1876 15 1949 6
10 1840 92 1923 νίς
107 1848 314 1936 λυτρωθεῖσα
334 1856 399 1916 ταῖν
422 1851 537 1916 δεινοῖν
559 1846 801 1973 εὐχαριστήρια,
823 1846 1005 1939 άναγράφω
1021 1874 1077 1917 σοι
1090 1876 1110 1939 η
1100 1847 1235 1930 Πόλις
1249 1874 1311 1918 σου

62 1947 198 2017 Θευτόκε·
232 1946 351 2017 ἀλλ’(
326 1976 372 2030 ως
393 1951 512 2033 ίχουσα
532 1950 571 2018 τὸ
593 1948 713 2037 κράτος
734 1947 997 2074 άπροςμάχητφν,
1021 1951 1056 2018 ἐκ
1078 1949 1247 2018 παντοίων
1267 1975 1311 2037 με

59 2048 191 2118 κινδίνων
214 2050 453 2140 ἐλευθέρωσον,
475 2053 531 2119 tva
550 2050 659 2139 κράζω
682 2072 753 2119 σοι·
776 2055 885 2139 Χαῖρε
906 2048 1077 2143 Νάμφη’
1057 2049 1255 2142 ανάμφευτε.

123 2163 151 2221 5.
174 2157 374 2220 Dominica
395 2157 604 2219 Palmarum
629 2176 658 2237 p.
675 2160 749 2221 223.

123 2260 150 2323 6.
172 2259 359 2320 Ascensio
383 2259 530 2320 Domini
553 2261 673 2338 6230.

19 2380 22 2385 ·
123 2363 151 2422 t.
173 2361 406 2422 Pentecoste
428 2362 549 2440 6230.
669 2390 675 2399 ·

124 2462 153 2525 8.
175 2461 493 2540 Transfiguratie
515 2460 665 2523 Domini
687 2452 707 2545 6
731 2450 810 2544 άγία
829 2451 1091 2544 μεταμόρφωσις
1111 2451 1311 2545 τοῦΚυρίυη

62 2547 131 2638 ήμιῖν
148 2554 181 2625 Ἰ.
203 2564 248 2625 Χ.
270 2556 461 2647 Προεόρτια
484 2565 593 2641 54ης.
619 2554 804 2639 Ἀπόδοσις
832 2564 870 2625 13
887 2563 960 2639 λιες.
987 2561 1103 2624 2Ρεῑε.
1129 2563 1309 2635 1,10-19.

61 2655 138 2724 iiatth.
156 2668 205 2737 17,
224 2668 315 2729 1—9.
362 2656 572 2749 Τροπάριον.·
604 2656 889 2750 Μετεμορφώθής
920 2655 1028 2746 ἐντῷ
1050 2649 1121 2742 όρει
1142 2653 1310 2745 Χριστὲό

62 2758 134 2841 θεὸς,
167 2758 279 2842 δείξας
309 2765 381 2840 τοῖς
410 2766 582 2849 μαθηταῖς
609 2784 670 2828 σου
692 2761 752 2884 τήν
773 2758 874 2842 δόξαν
895 2783 966 2840 σου,
997 2758 1112 2837 καθὼς
1137 2754 1311 2848 ήδόναντο,
1400 2772 1403 2779 ’

61 2857 175 2952 λόμψον
197 2863 254 2929 καὶ
275 2859 353 2952 ήμῖν
374 2868 446 2942 τοῖς
468 2859 735 2947 ἁμαρτωλοῖς
700 2887 738 2930 το
754 2869 827 2950 φῶς
841 2885 902 2928 σου
916 2885 956 2927 το
944 2855 1092 2940 άῖδιον,
1116 2859 1312 2945 πρεσβείαις

10 2960 16 3037 λ
59 2965 99 3046 τῆς
126 2961 301 3044 θεοτόκου,
333 2961 529 3132 φωτοδόταέ
542 2961 622 3086 δόξα
655 2987 720 3031 σοι.
763 2961 966 3030 Κοντάκιονε
998 2956 1075 3027 Ἐπί
1106 2966 1166 3026 τοῦ
1187 2955 1313 3046 ’Όρους

10 3040 17 3183 6
57 3065 314 3155 μετεμορφώθης,
346 3062 404 3132 καὶ
435 3089 481 3143 ως
513 3061 656 3151 ἐχώρουν
689 3060 722 3132 06
744 3058 924 3152 Μαθηταί
946 3085 1006 3128 σου
1035 3087 1094 3184 την
1117 3058 1217 3140 δόξαν
1239 3083 1310 3140 σου,

58 3163 195 3249 Χριστὲὸ
213 3166 309 3248 Θεὸς,
332 3162 534 3233 ἐθεάσαντο
557 3163 653 3232 666⁰
634 3190 714 3233 οταν
735 3188 773 3231 σε
794 3160 894 3232 ἰδωσι
916 3159 1167 3286 σταυροάμενον,
1190 3161 1228 3229 τὸ
1250 3161 1311 3247 μεν

57 3264 160 3346 Πόθος
181 3266 345 3356 νοήσωσιν
368 3263 528 3347 ἑκούσιον,
550 3272 598 3354 τῷ
620 3267 658 3333 66
678 3263 807 3354 Κόσμφ
828 3262 1024 3354 κηρύξωσιν·
1058 3262 1113 3331 ὅτι
1133 3262 1219 3330 Σύ
1202 3261 1312 3352 υπάρ-

56 3387 106 3445 ittt
125 3365 264 3459 άληθῶς
283 3374 344 3437 τοιῖ
363 3367 501 3456 Πατρός
521 3368 560 3435 τὸ
584 3364 799 3453 άπαόγασμα.

121 3478 152 3539 9.
174 3475 362 3536 Dormitio
377 3476 514 3537 Beatae
530 3473 702 3552 Virginis
724 3465 744 3556 6
767 3465 920 3553 κοίμησις
940 3473 999 3557 τῆς
1020 3462 1204 3553 ὗπεραγίας
1219 3462 1313 3533 ἐνδό-

57 3565 98 3643 ξου
128 3570 307 3662 δεσποίνης
337 3568 429 3661 ήμῶν
461 3568 625 3639 θεοτόκου
657 3568 714 3638 καί
746 3566 975 3656 άειπαρθίνου
1007 3565 1147 3652 Μαρίας
1182 3575 1220 3633 15
1236 3574 1311 3648 Aug.

56 3668 191 3739 Praecedit
214 3678 361 3741 Ieiunium
384 3679 433 3741 XV
456 3678 582 3740 dierum.
619 3668 809 3761 Προεόρτεα
834 3679 872 3739 14
887 3675 961 3753 Aug.
981 3666 1164 3746 Ἀπόδοσες
1185 3674 1310 3749 231υς.

57 3769 169 3860 Philipp.
186 3782 217 3852 2,
233 3784 350 3844 5-11.
372 3778 444 3841 Luc.
463 3783 511 3854 10,
528 3781 665 3843 38-42.
711 3768 921 3862 Τροπάριον.·
949 3767 1001 3837 Ἐν
1023 3777 1062 3860 τῇ
1084 3765 1232 3856 γεννήσει
1252 3767 1312 3856 τήν

55 3874 227 3960 παρθενίαν
249 3874 427 3966 ῖφόλαξας,
451 3876 486 3946 ἐν
506 3883 546 3967 τῇ
565 3873 720 3964 κοιμήοει
740 3875 799 3942 τὸν
819 3871 942 3957 κόσμον
964 3867 1003 3939 ου’
1029 3872 1207 3949 κατέλιπες
1227 3876 1312 3938 θεα-

10 4002 14 4027 ¹
54 3971 127 4043 τότε·
147 3978 309 4067 μετέστης
329 3978 417 4066 πρὸς
437 3978 496 4066 τήν
519 3978 604 4066 ζωὴν
623 3974 730 4067 μήτηρ
753 3972 950 4062 ὑπάρχουσα
970 3979 1028 4061 τῆς
1044 3973 1145 4060 ζωῆς·
1167 3971 1224 4039 καί
1236 3975 1312 4050 ταῖς

10 4068 13 4125 i
52 4078 232 4164 πρεσβείαις
252 4086 327 4159 ταῖς
348 4084 425 4159 σαῖς
446 4079 646 4168 λυτρουμένη
668 4078 704 4146 ἐκ
725 4075 876 4146 θανάτου
898 4076 958 4154 τὰς
968 4074 1077 4163 ψυχὰς
1091 4071 1203 4163 ήμαῖν.
1222 4079 1333 4141 Καν-·

52 4177 165 4250 atuor:
205 4182 273 4270 Τήν
305 4179 341 4248 ἐν
372 4179 568 4268 πρεσβείαις
598 4176 776 4268 άκοίμητον
808 4175 970 4246 θεοτόκου
998 4175 1055 4243 καὶ
1088 4171 1312 4261 προστασίαις

47 4272 256 4362 όμετάθετον.
298 4279 449 4363 Ἐλπίδα,
471 4279 581 4371 τάφος
601 4281 658 4349 καὶ
679 4281 836 4368 νίκρωσις
857 4275 916 4346 οὐκ
938 4274 1148 4367 εὐκράτησεν·
1182 4273 1228 4355 αῖς
1248 4274 1311 4363 γάρ
1383 4285 1387 4292 “

48 4377 121 4471 ζωῆς
147 4385 277 4476 μητέρα
303 4383 390 4473 πρὸς
415 4384 475 4474 τήν
497 4384 581 4472 ζωήν
601 4383 798 4474 μετέστησεν
819 4378 837 4449 6
859 4377 986 4469 μήτραν
1009 4376 1145 4468 οἰκήσας
1166 4374 1312 4465 άετπάρ-

43 4487 148 4554 θινον.
905 4540 911 4549 .
1164 4526 1176 4541 ,
