3044 4912
689 274 774 348 3352

102 456 306 589 ττρίου,τη
262 464 326 555 τῆς
358 458 400 533 ίν
423 461 579 557 Χριστῷ
611 454 824 542 διακονίας
829 478 899 533 και
885 455 1062 544 παντὸς
1085 458 1272 560 ἱερατικοῦ
1296 457 1360 536 τά-

102 557 245 667 γμάτος,
270 567 341 635 τοῦ
365 558 487 644 δεῖνος
510 560 802 662 καθηγούμενον
825 567 905 637 τῶν
931 558 1108 659 ἅδελφών
1133 561 1197 638 καὶ
1222 569 1366 639 συλλει-

102 670 265 766 λονργών
295 659 424 759 ἡμῶν,
465 662 748 791 πρεσβυτέρων,
780 656 971 739 διακάνων
1001 660 1066 737 καλ
1097 661 1252 741 πάντων
1283 671 1365 740 τῶν

102 754 320 890 λδελφών
298 771 408 860 ημῶν
440 761 505 848 οὓς
529 764 779 862 προςεκαλέσω
805 768 856 848 είς
879 762 949 861 τὴν
974 761 1046 862 σὴν
1069 764 1272 843 κοινωνίαν
1298 764 1365 842 διά

103 874 157 964 τῆς
180 874 247 963 σῆς
270 864 555 968 εὐσπλαγχνίας,
580 863 783 968 πανάγαθε
808 864 980 942 δέσποτα.

174 996 246 1067 Καὶ
272 993 377 1088 α’ίρων
402 992 524 1087 μερίδα
550 994 686 1088 τίθησιν
714 993 815 1089 αὐτὴν
845 994 1004 1067 δποκάτω
1030 1003 1090 1069 τοῦ
1122 995 1218 1088 άγίοο
1249 992 1362 1085 άρτου.

103 1090 176 1171 λύτο
201 1095 400 1190 μνημονεύει
424 1098 483 1169 καὶ
508 1089 554 1167 ών
581 1096 649 1184 ἔχει
677 1095 806 1182 ζώντων
831 1095 902 1170 κατ’
923 1093 1030 1188 άνομα
1055 1099 1113 1171 καλ
1134 1098 1240 1182 οὕτως
1261 1096 1364 1191 α’ίρων

103 1201 152 1283 τάς
170 1198 310 1293 μερίδας
329 1197 466 1292 τίθησιν
486 1196 589 1283 αύτὰς
609 1197 778 1273 ύποκάτω.

168 1409 208 1483 X·
239 1415 382 1490 Ἔπειτα
402 1420 516 1509 λαβών
537 1417 654 1511 ἑτέραν
674 1418 846 1511 σφραγέδα
866 1416 971 1509 λέγει

169 1523 274 1626 Ὑπερ
299 1521 458 1653 μνήμης
471 1525 536 1600 καὶ
562 1525 740 1654 ἀφέσεως
750 1532 831 1600 τῶν
855 1523 1053 1626 ἁμαρτιῶν
1070 1534 1150 1605 τῶν
1165 1526 1364 1630 μακαρίων

104 1624 281 1728 πητάρων
304 1635 369 1725 τῆς
394 1625 503 1730 άγίας
527 1635 644 1724 μονῆς
668 1622 815 1724 ταύτης.

177 1753 264 1828 Εἶτα
287 1756 485 1851 μνημονεύει
505 1766 566 1829 τοῦ
583 1756 876 1850 χειροτονήσαντος
896 1755 997 1828 αύτὸν
1018 1755 1195 1850 ἀρχιερέως
1213 1788 1270 1832 και
1261 1758 1366 1847 &5-

106 1885 158 1949 ριιν
178 1852 223 1930 ών
242 1860 343 1931 θέλει
355 1861 598 1954 κεκοιμημένων
612 1858 683 1931 κατ’
698 1855 805 1948 άνομα
818 1861 876 1930 καὶ
888 1863 1078 1931 τελευταῖον
1092 1861 1241 1952 ἐπιλέγει
1256 1860 1361 1933 ούτω·

173 1981 249 2056 Ka»
279 1979 434 2061 πάντων
465 1986 601 2060 τώνέ
584 1981 831 2061 ένέλπίδι’
810 1980 1049 2069 αναστάσεως
1080 1984 1175 2082 ζωῆς
1206 1983 1363 2061 αλωνύου

108 2083 157 2157 καὶ
185 2092 230 2181 τῇ
265 2093 312 2182 σῇ
344 2082 529 2214 κοινωνίη
547 2085 823 2215 κεκοιμημένων
858 2083 1079 2185 ύρθοδόξων
1103 2085 1274 2186 πατέρων
1299 2085 1364 2163 καὶ

109 2181 312 2287 λδελφών
290 2193 412 2283 ημῶν,
439 2182 685 2286 φιλάνθρωπε
710 2183 835 2286 Κύριε.

174 2317 246 2387 Καὶ
267 2344 356 2406 αιρει
375 2316 507 2409 μερίδα.
547 2316 584 2386 ‘O
608 2319 646 2389 δε
668 2315 838 2401 διάκονος,
860 2318 971 2407 λαβών
991 2318 1048 2388 καὶ
1069 2315 1170 2401 αὐτὸς
1191 2316 1362 2410 σφραγίδα

110 2418 153 2487 καὶ
169 2421 226 2510 τὴν
247 2416 344 2509 ἆγίαν
365 2418 492 2512 λόγχην,
512 2400 710 2512 μνημονεύει
730 2411 776 2488 ών
796 2417 955 2506 βούλεται
974 2417 1167 2492 τεθνεώτων
1179 2421 1361 2491 καὶτελευ-

111 2525 186 2590 τοῖον
203 2520 295 2610 λέγει
315 2518 420 2590 ούτω·

175 2640 395 2740 Μνήσθητι,
421 2639 548 2742 Κύριε,
574 2641 638 2718 καὶ
662 2651 727 2740 τῆς
751 2644 842 2772 ἐμῆς
865 2639 1102 2741 ἀναξιύτητος
1126 2643 1190 2719 καὶ
1216 2640 1363 2749 συγχώ-

113 2741 207 2838 ρησόν
232 2773 298 2841 μοι
323 2752 401 2820 πᾶν
425 2745 715 2843 πλημμέλημα(
697 2740 868 2822 εκούσιόν
891 2774 931 2821 τε
955 2745 1019 2821 καὶ
1044 2742 1232 2823 ἀκούσιον.

110 3037 162 3121 ύιώρ
177 3068 225 3104 τον
213 3043 426 3104 υ(έπισκύποο
413 3051 508 3147 ημών·
526 3043 596 3118 ὑπὲρ
614 3046 663 3101 τοῦ
679 3044 784 3118 πατρὸς
799 3043 879 3119 ἡμῶν
895 3047 944 3099 καλ
960 3043 1051 3114 πάσης
1062 3066 1107 3115 της
1116 3045 1148 3100 lv
1156 3048 1269 3117 Χριστρλ
1278 3045 1364 3102 άδελ-

109 3127 214 3199 φύτητος.
240 3133 299 3185 Καὶ
315 3130 385 3200 ὑπὲρ
402 3127 494 3199 πάσης
509 3135 601 3201 ψυχῆς
617 3132 804 3202 Χριστιανῶν.
835 3123 904 3184 Εῑεα
921 3125 1091 3202 μνημονεύει
1107 3118 1194 3183 καλ
1172 3146 1212 3183 ιον
1227 3126 1362 3198 βούλεται.

110 3212 259 3271 Τελευταῑον
282 3216 314 3270 δέ
337 3219 424 3287 λέγει
448 3211 587 3288 μνήσθητι
603 3212 689 3283 Κύριε
712 3212 827 3269 πάντων
843 3232 898 3269 των
915 3209 1144 3271 έντειλαιιένων
1130 3219 1199 3285 ημῖν
1216 3220 1273 3276 τοῖς
1288 3213 1362 3271 λνα-

106 3295 160 3361 ίίσις
177 3298 250 3372 ύπέρ
274 3299 366 3355 αιίτοιν
387 3293 520 3370 εὔχεσθαι
536 3333 570 3342 -
586 3293 726 3370 μνήσθητι
748 3303 797 3355 καλ
817 3302 864 3368 τῆς
886 3299 954 3370 ίμῆς
969 3294 1152 3366 ιὀαξιάτητος,
1176 3295 1362 3373 σνγχώρησάν

106 3397 143 3447 μοι
163 3388 222 3439 πᾶν
244 3388 434 3458 πλημμέλημα
457 3381 584 3440 ἑκούσιόν
607 3401 635 3439 τε
657 3386 705 3437 καλ
728 3380 870 3439 ἀκούσιον.
905 3389 1014 3439 Ρτοτίωε
1036 3389 1145 3454 nequitur
1169 3389 1310 3441 incensatio.
1327 3416 1362 3430 -

106 3467 127 3523 Ι
142 3475 165 3526 C.
188 3477 246 3525 λετ
264 3474 313 3526 68Ἰ
336 3465 431 3538 λαβών
453 3467 550 3541 ἑτέραν
572 3465 735 3567 προειροράν
757 3472 845 3540 λέγει·
869 3465 939 3543 ύπλρ
963 3471 1011 3522 τοῦ
1035 3464 1256 3540 άρχιεπισκύπου
1272 3467 1361 3567 ημών,

107 3556 141 3607 ιοῦ
160 3558 253 3626 τιμίου
277 3549 485 3626 προτάγματος·
509 3551 579 3623 ὑπὲρ
601 3572 714 3624 μνημης
735 3555 784 3606 καλ
806 3551 932 3624 άφέσεως
955 3556 1009 3607 τών
1034 3549 1206 3624 άειμνήστων
1223 3547 1363 3623 κτητάροιν

107 3637 139 3703 λης
152 3635 234 3708 άγίας
249 3642 339 3710 μονῆς
355 3632 460 3706 ταύτης.
483 3634 619 3692 Ἐνταῦθα
637 3640 684 3692 καλ
702 3637 810 3702 ζώντων
827 3640 875 3691 καλ
892 3633 1059 3704 τεθνεώτων,
1077 3625 1118 3690 ών
1134 3632 1253 3692 ἐθέλει
1241 3656 1256 3691 ο
1273 3634 1363 3709 ἱερεύς

107 3721 261 3794 μνημονεύει
284 3720 432 3795 ὀνομαστί·
456 3723 504 3777 καλ
525 3716 639 3776 πάντων
662 3723 717 3775 τών
740 3722 781 3776 en·
800 3719 926 3776 έλπίδι’
911 3717 1089 3782 αναστάσεως
1105 3723 1152 3775 καλ
1170 3723 1362 3787 ζωῆςαλοινίου

107 3807 126 3878 ιη
140 3811 172 3881 σῇ
188 3811 320 3904 κοινωνίη
337 3810 544 3893 κεκοιμημένων
562 3804 720 3878 λρθοδάξων
737 3805 920 3878 πατέρωνκαλ
931 3803 1160 3909 ιἰδελφωνὴμῶν,
1177 3801 1362 3878 φιλάνθρωπε

107 3884 188 3964 Κύριε,
214 3884 404 3966 συγχώρησον.
438 3891 546 3944 Kal*
513 3911 598 3953 ουτως
615 3895 703 3965 αίριον
719 3889 768 3958 τὴν
784 3890 886 3964 μερίδα
904 3895 1012 3958 τίθησιν
1030 3887 1114 3958 αύτην
1129 3885 1259 3945 ὑποκάτω
1277 3890 1309 3943 έν
1326 3892 1365 3959 τηλ

107 3965 227 4049 ἷριστερῷ
258 3980 346 4049 μέρει.
381 3983 421 4033 λε.
450 3991 622 4034 commemorat
647 3984 672 4034 in
699 3983 745 4032 hoe
772 3982 850 4046 ειρίιε
875 3989 983 4031 sancum
1013 3980 1151 4046 synodum,
1186 3979 1361 4045 Imperatorem

107 4079 153 4116 ιττι
171 4081 256 4130 uxore,
274 4066 340 4128 filiis,
359 4067 482 4129 fratribus,
501 4068 599 4118 omnino
617 4068 730 4118 omnibus
748 4068 828 4129 τεςίτε
845 4065 931 4116 domm
949 4065 1070 4117 amnibus.

175 4203 234 4268 Cup
255 4203 282 4253 Χ.
316 4202 432 4269 Antiquae
449 4203 572 4255 Ελιιιοιιεε
581 4204 683 4256 Venetae
701 4203 840 4254 adscribunt
858 4203 973 4266 margini.
991 4198 1083 4251 ίστέον
1099 4194 1142 4251 ὅτι
1158 4195 1190 4251 έν
1206 4215 1237 4269 τη
1226 4189 1361 4267 μεγάλη

108 4282 222 4350 ιιιιλησίᾳ
246 4279 356 4352 ούχμ
324 4302 394 4337 ουτω
417 4287 531 4354 γίνεται,
555 4279 643 4336 οἰλλΗ
631 4302 646 4337 ο
666 4278 800 4385 7διάκονος
815 4281 913 4336 δίδωσι
931 4284 968 4349 τῷ
984 4283 1055 4353 ἱερεῖ
1068 4298 1119 4347 την
1134 4279 1297 4381 προςφοράν
1313 4280 1362 4332 καλ

108 4366 319 4438 ινημονεύοντος
336 4363 467 4422 διακόνου
484 4368 554 4421 κατά
572 4367 640 4422 νοῦν
657 4355 697 4421 ών
715 4368 769 4436 ἔχει
788 4365 897 4429 ζώντων
913 4368 961 4421 καλ
977 4360 1137 4421 τεθνεώτων
1154 4362 1168 4420 ὁ
1185 4362 1274 4438 ἱερεύς
1291 4354 1363 4434 α’ίρει

108 4446 140 4511 άς
152 4452 280 4523 μερίδας.
314 4458 397 4524 Neque
414 4459 521 4509 Ruthena
540 4458 641 4509 ecclesia
660 4458 704 4508 λετ
718 4457 816 4509 ὓὶεοοτιί
834 4471 920 4523 preces
938 4459 1027 4512 intrare
1045 4471 1118 4522 μεεετ
1136 4464 1186 4509 est:
1203 4455 1275 4508 τιτλε
1291 4443 1362 4520 μκή·

108 4540 171 4605 ’θητι
188 4535 275 4614 Κύριε
294 4540 340 4607 τῆς
356 4534 532 4608 τἰνσξιάτητος
547 4540 605 4593 κτλ.
640 4543 764 4596 Sacerdoti
782 4542 890 4606 inmugit.
