3044 4912
721 265 795 339 679

207 441 247 512 ‘0
268 441 383 530 ίερείς.
418 442 496 512 ’Ότι
518 441 665 533 ἐλεήμων
685 444 744 513 καί
765 440 1011 537 φιλάνθρωπος
1033 444 1120 525 Θεὸς
1140 440 1310 534 ίπάρχεις.

209 545 279 614 Καί
299 544 438 615 δίδωσιν
459 542 549 636 αι’·τῷ
570 546 628 615 τόν
649 546 801 635 σταυρὸν,
823 544 941 634 λόγων·
1111 580 1116 591 ’

210 641 317 716 Εἶπεν
338 643 357 718 6
378 644 515 736 Κόριος,
541 642 577 715 εί
599 672 651 727 τις
670 647 769 719 θίλει
790 644 901 718 όπίσω
921 671 988 733 μου
1010 643 1219 729 ἀκολουθεῖν,
1246 640 1401 735 ἀπαρνη-

111 746 248 843 σάσθω
269 744 388 818 ἑαυτὸν
406 749 465 818 καί
484 743 596 837 ἀράτω
617 748 676 817 τὸν
696 748 838 835 σταυρὸν
858 744 962 817 αι’·τοιῖ
983 748 1039 816 καί
1061 745 1289 818 ἀκολουθείτω
1303 772 1377 835 μοι.

211 850 281 918 Καὶ
300 849 340 918 τό
360 848 473 939 κηρίον
494 847 684 936 ἀπτόμενον
703 851 760 920 καί
780 850 886 939 λέγει·

209 943 316 1019 Εἶπεν
337 947 356 1018 ό
378 948 514 1038 Κόριος,
543 949 632 1019 οότω
658 948 828 1042 λαμψάτω
848 949 887 1020 τὸ
910 956 982 1041 φῶς
1003 946 1095 1037 ἀμῶν
1116 936 1310 1039 ἔμπροσθεν
1330 955 1400 1018 ταῖν

122 1047 326 1139 ἀνθρώπων,
347 1049 443 1132 ὅπως
463 1047 580 1120 ἴδωσιν
599 1049 692 1138 όμιῖν
712 1052 755 1122 τά
775 1052 860 1122 καλά
880 1049 962 1143 ἔργα
981 1052 1039 1122 καί
1060 1049 1228 1134 δοξάσωσι
1248 1052 1308 1119 τόν
1327 1075 1400 1120 πα-

121 1153 207 1238 τέρα
227 1150 317 1238 ὑμῶν
337 1152 395 1220 τὸν
416 1152 451 1222 ἐν
471 1158 544 1233 τοῖς
564 1149 728 1240 οόρανοῖς.

212 1254 282 1322 Καί
308 1251 412 1333 εάθίις
438 1250 626 1337 ἀσπάζεται
652 1252 671 1324 ό
699 1253 882 1342 ἀπσκαρείς
907 1254 965 1323 τόν
991 1255 1142 1346 σταυρὸν,
1173 1250 1205 1324 οί
1234 1253 1272 1323 δὲ
1299 1254 1400 1323 ἀδελ-

123 1355 191 1445 φοί
210 1353 378 1442 ψάλλουσι
398 1354 438 1424 τδ
460 1352 638 1442 ῖδιόμελον.
657 1349 758 1440 Ἠχος
777 1364 921 1445 πρῶτος.

209 1451 420 1544 Ἐπιχνῶμεν,
442 1453 595 1546 ἀδελφοί,
616 1465 676 1525 τοῦ
696 1456 878 1550 μυστηρίου
891 1458 951 1546 τὴν
966 1455 1121 1545 δύναμιν·
1142 1457 1200 1525 τὸν
1213 1457 1274 1546 χάρ
1289 1457 1402 1548 ἀκτῆς

123 1553 292 1645 ἀμαρτίας
312 1560 398 1646 πρὸς
417 1558 477 1649 τὴν
498 1561 661 1649 πατρικὴν
683 1558 795 1629 ἑστίαν
817 1556 1049 1646 ἀναδραμόντα
1064 1554 1193 1628 άσωτον
1206 1557 1280 1627 υίδν
1294 1555 1313 1628 6
1328 1584 1401 1629 πα-

122 1656 278 1746 νάγαθος
297 1659 409 1749 πατὴρ
429 1659 693 1751 προόπαντήσας
713 1657 900 1744 ἀσπάζεται
921 1662 977 1730 καί
998 1659 1103 1735 πόλιν
1124 1667 1182 1751 τῆς
1197 1658 1286 1742 ίδίας
1301 1659 1402 1752 δόξης
1498 1672 1500 1677 ’

122 1756 296 1847 χαρίζεται
325 1762 369 1830 τά
388 1760 609 1849 γνωρίσματα.
652 1762 724 1832 Καὶ
743 1763 995 1852 μυστικὴντοῖς
1016 1758 1085 1830 ἀνω
1107 1762 1256 1831 ἐπιτελεῖ
1276 1759 1403 1853 εάφρο-

125 1858 237 1951 σόνην,
263 1859 358 1930 θόων
385 1863 443 1931 τόν
470 1861 594 1950 μόσχον
613 1862 672 1931 τόν
693 1861 853 1944 σιτευτόν,
875 1865 931 1932 ἵνα
951 1861 1047 1953 ἡμεῖς
1068 1860 1169 1944 ἀξίως
1192 1861 1402 1933 πολιτευσιί-

123 1968 222 2048 μεθα
248 1968 295 2051 τῷ
321 1988 358 2031 τε
385 1963 526 2033 δείσαντι
554 1964 789 2056 φιλανθρώπῳ
816 1965 921 2055 πατρί
947 1965 1005 2033 καί
1032 1969 1079 2052 τῷ
1106 1962 1229 2054 ἐνδόξῳ
1250 1963 1401 2063 θόματι·

114 2068 175 2151 ’τῷ
196 2072 321 2154 σωτῆρι
340 2072 407 2133 τῶν
428 2073 543 2157 ψυχῶν
563 2063 665 2155 ἡμῶν.
1285 2060 1290 2071 ’

114 2182 120 2189 “
213 2166 284 2236 Καὶ
306 2164 410 2248 εάθίις
429 2165 554 2256 γίνεται
575 2164 594 2237 6
617 2165 796 2256 ἀσπασμός
815 2166 872 2235 καί
894 2162 1067 2249 ἀπόλυσις.

322 2443 362 2516 Ε.
415 2441 536 2538 Εόχὴ
571 2445 637 2526 είς
671 2440 721 2516 τό
756 2438 1203 2540 ἀποκουκουλίσαι.’)

212 2624 382 2694 Πολυίλεε
403 2623 517 2716 Κύριε,
540 2621 559 2693 6
582 2622 814 2717 δωρησάμενος
833 2629 881 2714 τῷ
903 2621 1012 2714 δοόλῳ
1033 2648 1094 2694 σου
1117 2624 1181 2701 διὰ,
1195 2630 1255 2714 τῆς
1276 2622 1403 2716 ἀναλή-

128 2738 224 2810 ψεως
244 2732 304 2794 τοῦ
326 2722 497 2815 ἀχγελικοῦ
517 2725 683 2817 σχήματος
703 2728 742 2795 τό
763 2724 966 2809 κσυκοόλιον,
991 2724 1040 2807 εἷς
1059 2724 1325 2818 περικεφαλαίαν
1345 2729 1404 2799 &a-

119 2825 233 2909 -πίδος
260 2827 434 2918 σωτηρίου,
461 2825 685 2919 ἀναφαίρετον
712 2827 748 2900 ἐκ
775 2835 835 2917 τῆς
861 2823 965 2896 αὐτοῦ
990 2831 1139 2919 κεφαλῆς
1164 2829 1223 2918 τὴν
1244 2826 1405 2922 τοιαότην

124 2925 225 3014 χάριν
245 2952 305 2997 σου
327 2927 542 3018 διατήρησον·
567 2931 708 3015 συνίχων
728 2929 786 2998 καί
807 2927 1012 2998 συνθάλπων
1032 2929 1071 2997 τό
1092 2936 1152 3017 τῆς
1173 2928 1326 3014 διανοίας
1340 2928 1405 3000 αό-

129 3034 192 3097 τοῦ
212 3025 406 3118 ἡγεμονικόν
433 3031 472 3112 ἐξ
497 3028 653 3099 ἐναντίων
677 3032 873 3117 προςβολυῖν
901 3026 1190 3120 ἀπαρασάλευτον,
1219 3029 1315 3111 ὅπως
1339 3033 1401 3121 την

128 3135 192 3211 τοῦ
211 3129 441 3221 πονηροτάτου
463 3126 585 3221 ἀφεως,
605 3137 666 3198 τοῦ
686 3137 795 3218 τηρεῖν
817 3127 920 3199 αὐτοῦ
940 3130 1000 3221 τὴν
1013 3130 1158 3216 πτίρναν
1172 3133 1405 3223 συγχωρηθέν-

129 3256 199 3313 τος,
219 3239 420 3300 καταπατεῖν
441 3229 553 3315 κόραν,
576 3231 663 3317 πρὸς
683 3233 721 3300 σί
742 3232 801 3322 τὴν
821 3232 972 3323 φοβεράν
987 3230 1044 3301 καί
1057 3230 1160 3322 μόνην
1173 3234 1322 3324 κεφαλὴν
1335 3240 1404 3303 τοῖν

130 3331 297 3416 ἁπάντων,
320 3333 399 3413 τοὺς
419 3334 555 3423 νοητοὺς
576 3330 679 3401 αὑτοῦ
699 3328 902 3423 όφθαλμοάς
924 3328 1011 3426 αῖρη.
1039 3331 1118 3402 ’Ότι
1138 3333 1179 3402 σὺ
1201 3328 1232 3403 εί
1252 3330 1271 3403 6
1294 3359 1403 3427 φωτι-

117 3434 216 3521 ’σμός
242 3435 299 3503 καί
328 3432 490 3523 ἁγιασμὸς
509 3440 575 3502 ταῖν
596 3441 711 3524 ψυχῶν
731 3431 902 3524 ἡμῶνκαὶ
922 3435 978 3504 σοί
999 3434 1058 3524 τὴν
1080 3432 1181 3517 δόξαν
1201 3433 1405 3525 ἀναπέμπο-

126 3562 202 3624 μεν,
222 3542 268 3626 τῷ
291 3536 540 3624 πατρίκαίτῷ
561 3534 623 3625 υίῳῖ
644 3538 767 3626 καὶτῷ
790 3532 874 3626 ἀχίῳ
895 3535 1070 3623 πνεύματι,
1098 3543 1161 3604 νῦν·
1174 3536 1231 3604 καί
1253 3533 1317 3620 ἀεί,
1345 3540 1405 3609 καί

129 3636 182 3720 εἷς
201 3638 280 3718 τοὺς
300 3635 423 3719 αίαῖνας
443 3644 509 3705 τῶν
530 3635 668 3706 αίιόνων.
708 3633 823 3726 Ἀμην.

216 3755 338 3846 Εἰρήνη
361 3764 457 3826 πᾶσι.
504 3757 574 3837 Τὰς
593 3756 742 3847 κεφαλὰς
762 3752 853 3843 ἀμῶν
873 3758 920 3846 τῷ
942 3752 1058 3845 Κυρίῳ
1078 3752 1219 3826 κλίνατε.

222 3876 289 3943 Τόν
315 3882 355 3965 τῇ
381 3866 502 3967 πυρίνη
529 3877 658 3971 κεφαλῇ
683 3875 742 3967 τὴν
770 3872 859 3944 ῖδίαν
879 3873 1027 3965 κεφαλὴν
1047 3872 1103 3943 σοί
1122 3878 1169 3963 τῷ
1192 3870 1325 3967 ἀοράτῳ
1344 3878 1404 3947 καί

128 3975 225 4066 μόνῳ
252 3981 348 4066 σοφῷ
378 3981 453 4067 Θεῷ
479 3975 700 4046 ἀποκλίναντα
706 4028 716 4059 ,
742 3977 922 4057 Δέσποτα,
956 3972 1147 4066 τάλόχησον·
1181 3976 1404 4064 καθαχίασον,

131 4077 410 4169 όπερφροόρηοον
452 4075 488 4148 ἔκ
524 4086 635 4169 πασῆς
672 4077 879 4171 ἐπιβλαβοῖς
920 4076 1079 4168 ἐπηρείας
1110 4074 1233 4167 ὁρατῆς
1268 4105 1305 4147 τε
1343 4082 1404 4153 καί

132 4205 292 4267 αορατου.

223 4442 246 4500 1)
265 4440 394 4490 λλοοιολιυι
411 4454 497 4490 recens
514 4449 669 4493 conuentus
688 4448 770 4493 οειιτσ
787 4440 826 4491 δῖε
844 4446 908 4505 poni,
926 4439 1039 4490 sollemni
1056 4439 1167 4490 οιιιῖοιιτ
1183 4438 1406 4506 ριτεωῖιετδτρε·

125 4525 171 4576 αλλ
188 4519 218 4575 τό
234 4516 402 4576 κουκοάλιον.
1196 4588 1200 4595 1

1141 4602 1198 4657 w
