3044 4912
584 288 658 363 511

105 500 160 556 τοις
191 479 270 546 τῶν
302 468 516 568 αλσθήσεων
547 467 796 570 καθιδρύσας,
829 499 881 568 μη
914 470 1261 570 παρεμποδιζοόσας

105 602 173 657 αις.
230 579 318 657 Ταῖς
349 573 390 649 δὲ
423 573 528 673 θριξὶ
559 573 629 670 τὴν
660 572 824 674 κεφαλὴν
855 572 1067 674 ἀροφιόσας,
1100 576 1192 672 πρὸς
1215 579 1259 652 τὸ

105 672 311 749 λάπτεσθαι
342 682 424 761 ταῖς
455 677 678 772 μεταβολαῖς
701 684 780 753 τῶν
805 675 939 772 ἀέρων,
974 677 1039 752 καὶ
1063 675 1186 755 πάντα
1211 679 1260 754 τά

113 778 218 875 αὐτῷ
247 776 440 874 χρησίμως
471 774 719 877 ἐμφατεύσας,
749 781 815 854 ἵνα
839 776 904 853 διὰ
930 775 1086 854 πάντων
1110 779 1259 879 εὐχαρι-

105 878 146 953 rol
169 885 231 976 τῷ
250 879 500 976 ἀριστοτέχνῃ.
526 879 649 963 Αὐτὸς
674 879 848 970 δέσποτα,
875 879 896 956 ὁ
921 878 986 956 διὰ
1011 888 1080 956 τοῦ
1105 879 1259 968 σκεύους

105 990 233 1082 κλογῆς
270 1007 337 1055 σου
365 980 523 1057 Παύλου
549 988 618 1056 τοῦ
643 978 851 1057 ἀποστόλου
878 979 1131 1078 ἐντειλάμενος
1155 983 1258 1082 ἡμῖν,

105 1111 114 1154 ι
148 1088 198 1166 ελς
230 1080 345 1167 δόξαν
378 1082 448 1180 σὴν
480 1089 611 1173 ποιεῖν,
645 1083 713 1159 τὸν
745 1079 1000 1183 προςελθόντα
1025 1081 1164 1162 δοῦλόν
1190 1111 1260 1162 σου

105 1190 124 1283 ι)
159 1184 330 1281 ἀπαρχὴν
361 1181 605 1281 ποιήσασθαι,
641 1185 841 1286 κείρασθαι
871 1184 941 1282 τὴν
965 1183 1086 1283 κόμην
1111 1194 1176 1283 τῆς
1199 1216 1260 1261 κε-

105 1285 267 1375 ιαύτοῦ,
301 1282 502 1388 εὐλόγησαν
528 1287 609 1383 ἅμα
632 1294 686 1384 τῷ
713 1287 830 1365 αὐτοῦ
856 1284 1043 1386 ἀναδόχῳ.
1095 1287 1170 1363 Καὶ
1195 1286 1261 1387 δὸς

105 1417 117 1471 ς
147 1385 270 1462 πάντα
302 1396 458 1487 μελετᾷν
490 1391 531 1464 έν
563 1394 617 1487 τῷ
648 1384 756 1488 νόμῳ
790 1413 871 1478 σου,
904 1387 968 1464 καῖ
998 1389 1047 1464 τὰ
1077 1385 1259 1490 εὐόρεστά

105 1485 259 1584 ράττειν.

105 1599 146 1664 λιι
179 1590 341 1687 ἐλεήμων
372 1590 434 1666 καὶ
468 1588 738 1691 φιλάνθρωπος
766 1589 853 1676 Θεὸς
889 1587 1077 1691 ὑπάρχεις,
1111 1589 1175 1666 καὶ
1200 1591 1260 1667 σοὶ

105 1689 209 1778 δόξαν
245 1694 522 1789 ἀναπέμπομεν,
556 1701 610 1792 τῷ
644 1692 757 1789 πατρὶ
763 1750 776 1784 ,
809 1692 873 1768 καὶ
904 1701 958 1790 τῷ
985 1694 1078 1792 υἱῷ,
1109 1692 1173 1769 καὶ
1205 1701 1259 1791 τῷ

111 1792 305 1886 πνεύματι,
334 1803 407 1872 νῦν
435 1795 497 1870 καὶ
525 1793 594 1884 ἀεὶ,
621 1797 761 1903 καῖὸελς
787 1792 875 1878 τούς
901 1774 1044 1897 αλῶἀάζ
1064 1802 1143 1871 τῶν
1169 1792 1260 1871 αἰώ-

121 1892 248 1991 Ἀμήν·
662 1908 669 1919 ‘
930 1906 944 1935 ⁰
977 1972 983 1989 ,

105 1994 211 2095 λρήνη
236 2003 338 2071 πᾶσι.
395 1996 469 2082 Τὰς
493 1994 656 2096 κεφαλὰς
679 1994 789 2090 ὐμῶν
814 2003 869 2093 τῷ
895 1993 1024 2095 Κυρίῳ
1048 1996 1207 2072 κλίνατε.

105 2098 190 2195 Γύριε
224 2099 243 2173 ὃ
273 2098 360 2182 Θεὸς
391 2098 513 2196 ἡμῶν,
546 2098 567 2174 ὃ
600 2102 640 2173 ἐκ
670 2105 739 2171 τοῦ
764 2093 1009 2195 πληρώματος
1031 2105 1095 2196 τῆς
1119 2106 1259 2193 κολυμ-

105 2230 143 2286 ας
174 2199 238 2276 διὰ
271 2208 335 2296 τῆς
367 2208 432 2298 σῆς
467 2196 702 2303 ἀγαθότητος
734 2196 894 2301 ἁγιάσας
924 2199 1011 2284 τούς
1044 2204 1094 2284 εἲς
1127 2198 1166 2275 σε’
1200 2228 1261 2274 πι-

105 2331 201 2391 ντας,
227 2301 428 2403 εὐλόγησον
453 2302 495 2377 τὸ
520 2301 642 2398 παρὸν
667 2296 813 2397 νήπιον,
839 2298 902 2376 καὶ
923 2298 983 2375 ἐπὶ
1004 2299 1072 2399 τὴν
1093 2300 1259 2398 κεφαλὴν

105 2403 157 2501 ἑή
184 2403 332 2505 εὐλογία
358 2431 427 2478 σου
452 2403 663 2500 καταβήτω.
702 2402 777 2476 Καὶ
801 2401 852 2487 ὥς
876 2400 1079 2504 εὐλογήσας
1103 2401 1167 2478 διὰ
1192 2411 1261 2478 τοῦ

105 2503 184 2600 ήτου
211 2505 393 2602 Σαμουὴλ
419 2504 547 2601 Δαβὶδ
578 2504 646 2580 τὸν
676 2504 844 2600 βασιλέα,
878 2502 1080 2606 εὐλογήσον
1104 2504 1168 2579 καὶ
1192 2503 1261 2600 τὴν

105 2607 157 2705 ,ὴν
180 2616 248 2682 τοῦ
274 2605 412 2683 δούλου
439 2633 508 2682 σου
534 2605 665 2705 (τοῦδε)
693 2604 757 2681 διὰ
780 2605 902 2705 χειρὸς
926 2609 1018 2697 ἐμοῦ
1043 2613 1111 2681 τοῦ
1138 2606 1261 2704 ἀμαρ-

105 2720 126 2797 λ,
162 2712 365 2808 ἐπιφοιτῶν
391 2709 494 2808 αὐτῷ
520 2717 573 2806 τῷ
600 2705 784 2802 πνεύματί
810 2733 879 2783 σου
904 2715 958 2805 τῷ
985 2706 1091 2811 ἀγέῳ.
1133 2707 1261 2792 Ὅπως

105 2808 213 2886 ἷπτων
239 2816 279 2886 ἐν
304 2812 425 2909 ἡλικίᾳ
449 2810 513 2886 καὶ
537 2818 646 2909 πολιᾷ
674 2807 809 2912 γήρως,
835 2807 951 2895 δόξαν
970 2835 1028 2886 σοι
1045 2809 1260 2908 ἀναπέμψῃ,

105 2911 142 3008 λῃ
167 2913 213 2988 τὰ
241 2913 372 3015 ἀγαθὰ
394 2911 642 3009 Ἰερουσαλὴμ,
678 2910 800 2995 πάσας
825 2910 892 2995 τὰς
916 2910 1053 3009 ἡμέρας
1077 2919 1142 3008 τῆς
1168 2910 1262 3007 ζωῆς

105 3045 109 3073 δ

105 3138 150 3207 λιι
182 3131 306 3230 πρέπει
341 3157 399 3206 σοι
432 3139 534 3205 πᾶσα
567 3129 672 3219 δόξα,
705 3128 792 3226 τιμή
824 3127 888 3202 καὶ
926 3129 1179 3227 προςκύνησις,
1205 3135 1259 3228 τῷ

105 3292 117 3324 ,
149 3234 212 3310 καὶ
245 3243 298 3331 τῷ
331 3234 416 3331 υἱῷ,
449 3230 512 3307 καὶ
543 3240 598 3329 τῷ
631 3230 727 3333 ἁγίῳ
760 3226 958 3326 πνεύματι,
991 3239 1063 3307 νῦν
1093 3230 1157 3307 καὶ
1189 3232 1260 3322 ἀεὶ,

105 3342 133 3420 λς
156 3336 243 3420 τούς
269 3341 408 3418 αἰῶνας
432 3342 510 3410 τῶν
537 3330 698 3410 αἰώνων.
750 3329 879 3430 Ἀμήν.

105 3469 147 3537 ἰαὶ
167 3465 315 3558 κοορεύει
337 3463 437 3536 αὐτὸν
457 3469 688 3556 οταυροειδῶς,
711 3463 854 3555 λέγων’)

105 3572 242 3672 Τείρεται
279 3571 298 3648 ὃ
325 3570 457 3655 δοῦλος
482 3578 550 3644 τοῦ
579 3575 672 3647 Θεοῦ
699 3568 731 3666 (ὃ
757 3569 875 3666 δεῖνα)
902 3575 952 3653 εἰς
976 3568 1019 3644 τὸ
1046 3569 1167 3662 ὄνομα
1191 3575 1259 3644 τοῦ

105 3696 143 3763 ις,
179 3674 242 3747 καὶ
277 3681 344 3748 τοῦ
379 3675 477 3761 υἱοῦ,
512 3671 575 3746 καὶ
609 3681 678 3748 τοῦ
704 3670 814 3773 ἁγίου
840 3667 1060 3767 πνεύματος,
1096 3679 1169 3746 νῦν
1193 3667 1258 3745 καὶ

105 3777 152 3849 ταὶ
178 3781 228 3859 εὶς
252 3776 338 3858 τούς
363 3780 503 3858 αἰῶνας
526 3782 605 3850 τῶν
631 3771 791 3849 αῖιόνων.
837 3769 964 3868 Ἀμήν.

130 4050 245 4099 ΜοτοΙι
262 4051 286 4099 in
303 4048 422 4098 Lexidio:.
443 4047 513 4098 Bloss
540 4047 617 4111 ιίοἱρε
641 4048 737 4098 λοοΙιεο
759 4047 856 4098 werden
873 4045 966 4096 εοιιοῑιΙ
983 4045 1023 4096 bei
1042 4045 1085 4096 ιλιι
1103 4044 1261 4106 ΕἰοΙιΙείδιιορ

106 4134 165 4182 nehe
191 4135 240 4183 und
267 4134 316 4183 bei
343 4135 398 4184 der
424 4140 534 4182 ersten
563 4133 765 4195 ρελειΙίοΙιεα
783 4131 889 4181 Weiho
914 4130 964 4180 be!
983 4130 1156 4180 δεεΤεολε
1175 4131 1198 4181 in
1216 4130 1260 4178 der

105 4219 158 4268 :hen
176 4219 262 4268 Kirche
286 4218 473 4280 abgeschniuen‚
498 4217 563 4266 nicht
588 4218 646 4266 aber
669 4218 707 4267 ein
724 4214 904 4275 Scheilelkreis,
929 4215 973 4263 πίε
997 4215 1035 4264 1ιεί
1060 4215 1106 4265 den
1124 4214 1259 4264 Ιπιείειεεο.

107 4309 131 4365 gt
149 4304 250 4352 German
271 4303 346 4352 noch:
366 4302 431 4361 „Dan
449 4303 569 4352 Scheeren
585 4303 628 4352 des
647 4302 752 4366 Ητοριεε
771 4301 813 4350 des
832 4301 948 4350 Ριίεειειε
966 4301 1014 4350 und
1033 4300 1075 4350 das
1094 4299 1261 4361 Ιιεείελοιιοίρε

105 4387 159 4437 iden
184 4388 227 4436 der
244 4387 307 4436 Mine
325 4387 405 4435 seiner
422 4387 499 4436 unare
518 4388 550 4436 ist
567 4388 605 4436 [οε
623 4386 660 4436 die
679 4387 852 4436 λλοεοιολεοοε
948 4385 996 4434 Der
1014 4400 1053 4435 nm
1072 4385 1118 4434 den
1137 4385 1201 4448 Κορλ
1216 4385 1259 4434 διε

105 4488 111 4521 ι
135 4472 328 4535 herumgehende
346 4471 512 4535 ῠορρεΙΙιτεοτ
536 4487 579 4522 aus
604 4473 647 4521 der
663 4471 828 4534 Bezeichnung
846 4471 888 4521 der
906 4470 983 4520 {lure
1002 4469 1067 4521 stem
1085 4470 1124 4520 dio
1141 4468 1259 4520 kostlicho

105 4573 133 4620 ng
158 4558 200 4608 des
217 4556 328 4623 λροειεΙε
347 4558 431 4606 Petrus
455 4557 506 4617 dar,
534 4555 571 4607 uls
595 4573 622 4608 er
638 4572 684 4608 τοο
702 4556 748 4608 don
766 4555 930 4620 Unglaubigon
948 4555 1083 4620 ςειιλιοιιο
1100 4552 1198 4607 worden
