3044 4912
1470 39 1518 115 ἰη

821 207 867 278 52
1509 189 1516 249 ¹

298 306 307 341 λ

209 392 273 469 καὶ
299 387 512 487 ἆνάστησον
538 386 673 471 αὐτοὺς
699 386 719 461 ό
748 387 848 476 Θεὸς,
875 389 916 463 ἐν
940 394 985 484 τῇ
1013 382 1174 481 δυνάμει
1199 412 1280 461 σου.
1323 384 1480 465 Κλίνατε

210 495 246 569 οἱ
271 490 528 595 ἐνεργούμενοι
552 490 615 565 καὶ
646 488 870 592 εῦλογεῖσθε.
922 503 993 571 Καὶ
1019 499 1037 571 ὁ
1067 500 1254 583 ἐπίσκοπος
1274 500 1480 587 ἐπευχέσδοι,

210 608 323 698 λέγων.
362 594 406 671 Ὁ
437 594 505 669 τὸν
536 590 692 688 ἰσχυρὸν
725 590 862 679 δείσας,
894 591 956 665 καί
990 586 1113 665 πάντα
1146 589 1194 663 τὰ
1227 588 1337 687 σκειίη
1365 592 1480 667 αὐτοῦ

212 692 418 797 διαρπάσας
443 714 693 789 (Μοιιιι.12,29)·
731 692 751 767 ό
778 692 868 777 δοὺς
891 692 983 789 ἡμῖν
1008 689 1180 777 ἐξουσίαν
1205 688 1332 768 ἐπάνω
1359 694 1480 791 ὄφεων

211 798 276 873 καὶ
301 796 488 894 σκορπίων
512 800 643 869 πατεῖν
668 814 893 891 (Luu.10‚19)‚
919 793 982 868 καὶ
1007 794 1066 867 ἐπὶ
1086 802 1214 868 πᾶσαν
1230 794 1300 891 τὴν
1315 791 1479 888 δύναμιν

211 908 280 976 τοῦ
305 903 463 996 ἐχθροῦ·
492 896 511 971 ὁ
536 896 604 971 τὸν
630 894 950 993 σίνθρωποκτόνον
972 896 1061 992 ὄφιν
1078 893 1273 992 δεσμώτην
1289 894 1479 993 παραδοὺς
1516 924 1519 929 ·

210 1000 314 1097 ἡμῖν,
341 999 392 1083 ῶς
417 996 623 1097 στρουθίον
648 996 809 1081 παιδίοις
819 998 859 1095 ¹)·
888 998 933 1072 δν
958 995 1081 1071 πάντα
1108 996 1251 1095 φρίττει
1276 997 1340 1071 καὶ
1361 998 1478 1094 τρέμει

212 1101 285 1176 ἀπὸ
318 1098 513 1199 προςαίπου
540 1096 738 1196 δυνάμεως
763 1123 849 1173 σου·
887 1098 906 1172 ὃ
933 1096 1041 1195 ῥήξας
1067 1097 1185 1173 αὐτὸν
1210 1098 1261 1183 ῶς
1286 1099 1479 1197 ἀστραπὴν

211 1206 250 1288 ἐξ
275 1203 439 1303 οὐρανοῦ
464 1208 514 1285 είς
540 1209 624 1303 γῆν,
651 1201 697 1275 οὐ
722 1208 860 1297 τοπικῷ
886 1198 1058 1302 ῥήγματι,
1085 1199 1178 1273 ἀλλὰ
1204 1200 1278 1274 ἀπὸ
1303 1210 1413 1299 τιμῆς
1434 1206 1479 1283 είς
1517 1282 1521 1289 ,

212 1306 367 1389 ἀτιμίαν
400 1324 624 1402 (Luc.10‚l8),
658 1299 708 1376 δι’
745 1299 915 1377 ἑκούσιον
947 1302 1065 1378 αῦτοῦ
1098 1299 1319 1392 κακόνοιαν,
1362 1297 1408 1377 οὖ
1439 1303 1478 1376 τὸ
1516 1302 1519 1307 ’

211 1406 360 1505 βλέμμα
396 1406 557 1500 ξηραίνει
590 1399 793 1499 ἀβύσσους,
826 1403 890 1476 καὶ
921 1403 944 1499 ἡ
978 1403 1105 1499 ἀπειλὴ
1130 1401 1228 1501 τήκει
1254 1405 1335 1503 ὄρη,
1372 1402 1436 1479 καὶ
1456 1388 1509 1499 ήέ

212 1506 370 1603 ἀλήθεια
403 1506 502 1600 μένει
530 1510 579 1587 είς
603 1503 671 1579 τὸν
696 1510 835 1578 αλῶνα·
871 1504 915 1578 δν
941 1511 1038 1580 αλνεῖ
1061 1506 1107 1578 τὰ
1132 1503 1258 1601 νήπια,
1291 1505 1356 1580 καὶ
1380 1506 1479 1581 εῦλα

212 1614 270 1710 γεῖ
292 1607 340 1681 τὰ
367 1604 597 1704 θηλάζοντα·
626 1606 671 1681 δν
695 1605 857 1700 ὑμνοῦσι
883 1606 946 1680 καὶ
971 1616 1241 1703 προςκυνοῦσιν
1267 1609 1437 1734 ἄγγελοι·
1460 1605 1478 1681 ὃ
1517 1610 1520 1615 ’

212 1708 418 1805 ἐπιβλέπων
444 1706 502 1782 ἐπὶ
527 1706 595 1803 τήν
618 1715 690 1809 γῆν
714 1706 778 1782 καλ
802 1715 922 1782 ποιῶν
948 1708 1066 1805 αὐτήν
1090 1707 1253 1804 τρέμειν·
1282 1705 1478 1807 οάπτόμε-

212 1840 277 1895 νος
309 1818 387 1886 τῶν
420 1808 550 1904 όρέων,
581 1810 645 1884 καί
668 1808 927 1900 καπνίζονται·
962 1810 982 1883 ὃ
1009 1811 1171 1886 ἀπειλῶν
1196 1807 1397 1910 θαλάσσην
1421 1808 1480 1885 καὶ

257 1911 398 2011 ραίνων
415 1910 545 2007 αῦτήν,
566 1911 630 1985 καί
646 1908 788 1995 πάντας
807 1911 894 1995 τοὺς
915 1912 1105 2009 ποταμοὺς
1125 1912 1261 1996 αὐτοὺς
1277 1916 1478 2011 ἐξερημῶν·

213 2044 258 2090 ου
289 2014 438 2113 νεφέλαι
470 2012 659 2111 κονιορτὸς
683 2021 762 2088 τῶν
787 2013 932 2089 ποδῶν·
968 2014 987 2087 ὃ
1014 2022 1226 2113 περιπατῶν
1251 2018 1309 2088 ἐπὶ
1334 2010 1481 2089 θαλάσ-

213 2143 290 2216 σης,
306 2116 357 2201 ὡς
373 2118 429 2191 ἐπ’
448 2114 612 2215 ἐδάφους
622 2134 802 2215 (τεισαο.
817 2135 976 2209 ιεπιαο.
991 2136 1040 2197 us.
1050 2139 1101 2207 υτ,
1111 2140 1140 2199 5.
1155 2136 1196 2197 ιε.
1205 2138 1295 2209 σαι.
1311 2136 1442 2207 uum.
1450 2136 1480 2199 ι.

212 2240 263 2302 Ρε.
277 2241 307 2310 8.
320 2242 349 2304 3.
371 2238 421 2300 Ρε.
434 2239 487 2311 98,
496 2240 525 2303 8.
547 2236 742 2310 Ps.104‚32.
765 2236 960 2309 Na11.1‚4.3.
983 2238 1046 2299 Jus.
1060 2239 1147 2313 9,ss
1174 2218 1378 2321 μονογενὴς
1406 2216 1480 2306 θεέ,

211 2320 375 2424 μεγάλου
402 2320 540 2417 πατρὸς
565 2318 634 2407 vii,
661 2320 876 2417 ἐπιτίμησον
901 2326 977 2403 τοῖς
1003 2326 1175 2416 πονηροῖς
1196 2316 1394 2415 πνεύμασι,
1421 2318 1482 2393 καὶ

213 2430 323 2521 ῥῦσαι
355 2420 401 2494 τὰ
435 2424 627 2521 ἐργατῶν
649 2428 786 2516 χειρῶν
812 2444 880 2494 σου
907 2424 946 2495 ἐκ
970 2429 1035 2517 τῆς
1058 2430 1125 2495 τοῦ
1152 2418 1344 2517 ἀλλοτρίου
1368 2418 1483 2495 πνεύ-

212 2554 330 2622 ματος
354 2522 551 2623 ἐνεργείας·
580 2520 636 2593 ὅτι
662 2547 719 2594 σοι
745 2518 849 2609 δόξα,
875 2521 962 2619 τιμή
987 2522 1049 2597 καὶ
1075 2523 1199 2621 σέβας,
1235 2523 1298 2599 καὶ
1322 2521 1384 2597 διὰ
1412 2528 1483 2597 σοῦ

213 2634 267 2723 τῷ
294 2632 348 2720 σῷ
375 2622 499 2721 πατρὶ,
525 2626 567 2696 ἐν
592 2620 688 2723 ιλγίιμ
714 2620 908 2719 πνεύματι,
934 2630 983 2708 είς
1009 2624 1095 2709 τοὺς
1122 2630 1270 2711 αλῶνας.
1298 2621 1443 2723 ἀμήνά)

419 2789 509 2796 —...—.

301 2864 325 2925 l)
348 2862 399 2913 lob.
417 2862 516 2921 uun:
539 2862 659 2927 Numquid
683 2863 770 2913 illudes
793 2864 814 2914 ei
840 2864 995 2927 (Leviuihuni)
1014 2865 1082 2928 quusi
1100 2865 1135 2914 ττί
1153 2872 1194 2915 uui
1211 2864 1297 2927 iigubis
1315 2880 1370 2915 eum
1388 2865 1481 2914 ancillis

212 2944 283 3001 iuis?
299 2972 335 2983 -
357 2948 451 2999 Grande
475 2964 503 2997 ιο
526 2948 670 3010 intrepidum
695 2939 886 3015 προςηιόνημα
910 2948 974 2998 iliius
992 2949 1092 3011 saeculi,
1115 2950 1178 3014 quod
1197 2949 1255 2999 viles
1273 2949 1378 3000 habebut
1394 2948 1483 3000 diubuli

110 3036 131 3075 ·'·²
213 3034 410 3085 machinationes.

151 3116 155 3123 '
300 3118 325 3175 2)
352 3117 613 3180 chryi0s1.flum.18
638 3118 661 3166 in
680 3116 695 3166 2
711 3116 781 3165 Con:
814 3108 883 3181 ὑπὲρ
911 3117 965 3165 τῶν
992 3113 1023 3166 ἐν
1047 3116 1198 3184 μετανοίᾳ,
1226 3115 1319 3165 κοιναλ
1346 3115 1396 3167 καλ
1424 3130 1483 3167 uu-

215 3194 251 3269 ρό
281 3200 331 3250 τοῦ
356 3198 451 3264 ίέρειος
475 3200 522 3249 καλ
548 3192 612 3266 παρ’
641 3195 732 3248 αὐτῶν
756 3199 879 3264 γίνονται
906 3199 937 3249 αἱ
963 3196 1043 3267 εὐχαὶ
1068 3198 1115 3249 κιιλ
1143 3194 1245 3258 πάντες
1269 3202 1341 3269 μίαν
1370 3200 1483 3267 λέγουσι

212 3278 305 3350 εῦχήν,
321 3276 405 3349 εὐχὴν
423 3280 471 3345 τήν
487 3280 564 3334 ἐλέου
581 3284 732 3352 γέμουσαν.
767 3285 856 3334 Homii.
874 3286 889 3336 3
908 3287 937 3335 δε
956 3288 1073 3350 ίιιιοιιιρτ.
1092 3287 1134 3337 [λιι
1151 3294 1248 3336 nuiuru:
1266 3280 1321 3335 Διίι
1338 3284 1419 3336 τοῦτο
1435 3286 1483 3335 καλ

213 3362 277 3425 τοῦς
292 3364 509 3435 ἐνεργουμένους
525 3366 581 3417 κατ’
601 3365 709 3417 ἐκεῖνον
725 3366 832 3430 ἵστησιν
850 3363 897 3419 τὸν
913 3363 1011 3436 καιρὸν
1028 3363 1042 3419 ὁ
1061 3360 1191 3425 διιίκσνος
1208 3368 1254 3417 καλ
1271 3364 1377 3420 κελεύει
1391 3368 1482 3421 κλῖναι

212 3442 264 3517 τήν
279 3448 404 3519 κεφαλήν
419 3442 510 3518 μόνον
526 3451 573 3501 καλ
591 3452 628 3517 τῷ
644 3444 762 3517 σχήματι
780 3454 919 3503 ποιεῖσθαι
939 3452 984 3505 τοῦ
994 3448 1122 3521 σώματος
1131 3452 1175 3516 τῆς
1184 3452 1331 3521 λκετερίας·
1350 3444 1481 3523 εὔχεσθαι

212 3532 269 3607 γὰρ
292 3530 391 3593 ιιιίτούς
413 3532 482 3600 μετὰ
507 3534 555 3587 τοῦ
572 3536 667 3586 κοινοῦ
684 3532 820 3603 συλλόγου
837 3540 891 3587 τῶν
908 3533 1039 3605 ἀδελφῶν
1056 3532 1088 3588 οῦ
1105 3540 1200 3603 θέμις·
1226 3532 1272 3589 διίι
1288 3540 1369 3589 τοῦτο
1386 3532 1484 3595 τιιίτοῦς

126 3608 135 3647 ·.
148 3662 164 3673 ,,
212 3620 328 3685 ἵστησιν,
344 3619 390 3669 λνα
407 3615 570 3683 κατελεήσας
587 3616 686 3677 αὐτοὺς
701 3620 748 3670 καλ
765 3620 809 3683 τῆς
825 3621 976 3691 συμφορᾶς
990 3622 1046 3675 κτλ.
1065 3624 1192 3674 λλοοιιλίλ
1204 3626 1227 3675 in
1239 3626 1333 3673 Μοτίλος
1352 3616 1368 3687 ἡ
1387 3620 1484 3688 πρῶτη

123 3698 127 3709 “
213 3700 305 3768 δέησις
322 3702 412 3760 ἐλέους
428 3704 515 3769 γέμει,
541 3700 609 3755 δταν
626 3699 696 3773 ῦπέρ
714 3703 768 3754 τῶν
784 3703 823 3757 ἐν.
855 3704 1070 3775 παρακαλῶμεν.
1105 3709 1193 3759 Homii.
1209 3707 1318 3776 4.⁷¹‘Q²
1343 3702 1483 3771 ἐικαταλη-

147 3809 156 3839 ι
213 3804 306 3841 πτων,·
332 3782 427 3845 ίίλυσις
442 3782 549 3855 πονηρά
565 3786 613 3839 καλ
626 3782 734 3853 χαλεπή
751 3788 806 3838 τῶν
823 3784 967 3859 δαιμόνων
983 3788 1059 3843 ἐστλν
1078 3786 1091 3854 ή
1110 3789 1242 3859 ἐνέργεια,
1266 3785 1363 3848 τ’ίλυσις
1379 3784 1486 3849 παντός

214 3864 329 3939 σιδήρου
351 3869 538 3939 δυνατωτέρα·
568 3858 696 3938 καθάπερ
721 3860 772 3922 οὖν
793 3870 923 3925 δικαστοῦ
944 3868 1084 3943 πρόςοδον
1100 3872 1219 3940 ἔχοντος,
1245 3875 1292 3925 καλ
1309 3872 1354 3943 ἐφ’
1374 3870 1485 3943 ι’·ψηλοῦ

214 3954 263 4004 τοῦ
278 3948 400 4022 βήματος
415 3956 577 4015 καθέζεσθαι
594 3957 751 4024 μέλλοντος,
768 3955 794 4007 ολ
811 3952 1022 4025 δεσμοιμίλακες
1038 3954 1099 4016 τούς
1116 3956 1146 4009 τό
1163 3952 1354 4029 δεσμωτήριον
1371 3960 1483 4011 οίκοῦν·

213 4052 262 4095 τας
278 4036 404 4097 ἅπαντας
419 4036 600 4107 ἐξαγαγόντες
617 4041 665 4092 τοῦ
682 4034 829 4108 οἰκήματος
845 4038 899 4109 πρὸ
917 4042 971 4091 τῶν
988 4041 1137 4111 κιγκλίδων
1154 4042 1201 4094 καλ
1217 4044 1272 4094 τῶν
1288 4043 1337 4095 τοῦ
1349 4042 1483 4109 δικαστη-

214 4124 276 4189 ρίου
292 4118 553 4193 παραπετασμάτων
568 4124 728 4185 καθίζουσιν
744 4120 915 4191 αι’·χμῶντας,
933 4120 1014 4195 ῥάκια
1031 4128 1287 4197 περιβεβλημένους,
1303 4124 1376 4183 οὕτω
1388 4124 1423 4194 δή
1435 4128 1483 4179 καλ
1505 4174 1510 4184 ,

214 4204 242 4257 ολ
265 4206 380 4273 πατέρες
402 4205 615 4276 ἐνομοθέτησαν,
639 4207 686 4258 τοῦ
709 4208 832 4277 Χριστοῦ
854 4210 998 4268 μέλλοντος
1014 4210 1103 4281 ῶςπερ
1122 4211 1164 4281 ἐφ’
1186 4206 1296 4277 ὑψηλοῦ
1311 4214 1483 4283 προκαθέζε-

214 4290 282 4339 σθαι
297 4284 427 4357 βήματος,
445 4292 492 4341 καλ
509 4289 548 4341 ἐπ’
570 4288 660 4344 αὐτῶν
677 4294 829 4360 ηοίνεσδαι
845 4294 901 4343 τῶν
916 4299 1084 4363 μυστηρίων,
1101 4292 1164 4355 τοὺς
1179 4294 1373 4364 δαιμονῶντας
1388 4292 1483 4348 καδό-

213 4386 268 4443 περ
285 4367 429 4443 δεσμώτας
445 4371 522 4433 τινός
537 4371 704 4445 είςάγεσδαι,
721 4370 773 4443 οδχ
789 4376 837 4427 λ’νιτ
847 4372 968 4438 εῦδιίνας
976 4374 1119 4451 ὑπόσχωσι
1129 4384 1184 4433 τῶν
1191 4381 1482 4453 πεπλημμελημένων,

212 4450 343 4527 καθάπερ
359 4456 461 4511 ἐκεῖνοι
478 4458 506 4511 ui
522 4456 677 4529 δεδεμένοι,
693 4488 726 4501 ··-
744 4454 799 4511 ἀλλ’
820 4460 867 4514 ίνα
884 4464 932 4516 τοῦ
949 4457 1040 4537 δήμου
1056 4466 1104 4521 κοιλ
1120 4458 1167 4531 τῆς
1182 4459 1290 4525 πόλεως
1304 4460 1419 4533 δπείσης
1432 4464 1483 4519 ἐν·
