3044 4912
665 280 738 357 441

99 467 132 542 οἰ
167 462 388 565 δῶρησαι’
367 471 459 562 ημῖν
492 466 536 543 τὸ
572 464 702 542 λοιπὸν
733 473 798 564 τῆς
829 404 1017 564 παρούσης
1040 466 1178 567 ἡμέρας
1203 472 1338 566 εἰρηνι-

99 569 137 646 ἰν
170 567 233 643 καί
273 566 560 664 ἀναμάρτητον,
599 568 663 643 καί
703 565 828 644 πάντα
867 566 936 644 τὸν
971 567 1126 699 χρόνον
1146 578 1211 666 τῆς
1244 571 1339 668 ζωῆς

99 677 194 800 αῶν·
236 670 447 767 πρεσβείαις
485 678 550 766 τῆς
589 669 700 774 ἀχίοις
734 664 935 760 Θεοτάκου,
978 671 1041 745 καί
1074 666 1229 747 ποίντων
1259 682 1339 750 τῶν

98 772 189 872 χίων
215 799 295 847 σου.

334 920 437 990 Μετὰ
455 919 506 1003 τὸ,
528 905 641 997 Δόξα,
666 907 730 983 καί
754 915 842 997 νῦν,
865 918 884 990 6
907 917 1070 1004 διάκονος.

143 1027 219 1099 Ἔτι
243 1024 307 1100 καί
331 1026 383 1099 ἔτι
409 1027 450 1099 ἐν
475 1023 599 1123 εἰρήνῃ
625 1034 694 1100 τοῦ
719 1006 861 1122 Κυρίου
887 1023 1097 1122 δεηθῶμεν.
1182 1083 1185 1087 -

143 1127 379 1224 Ἀντιλαβοῦ,
406 1134 543 1216 σῶσον,
569 1129 718 1224 ἐλέησον
740 1127 804 1203 καί
829 1125 1107 1226 ἀιαφιίλαξον
1086 1134 1195 1225 ηαάς.

155 1234 227 1325 Τῆς
252 1228 448 1330 παναχίας,
474 1227 677 1328 ἀχράντου,
704 1228 1041 1332 ὑπερευίοχηιιίνης
1063 1228 1140 1306 κτλ.

522 1390 593 1461 “0
583 1394 688 1482 ιερειίς
709 1392 880 1487 ἐκφῶνως·

139 1497 224 1574 Ὅτι
260 1497 407 1598 ἀγαθὸς
440 1497 503 1571 καί
539 1497 808 1596 φιλάνθρωπος
846 1498 989 1584 θεὸς
967 1496 1155 1598 υποίρχεις,
1188 1500 1252 1576 καὶ
1278 1501 1337 1576 σοί

97 1600 136 1727 ἰν
172 1596 343 1684 δόξαν’
323 1600 601 1694 αναπίμπομεν,
636 1608 690 1697 τῷ
726 1601 851 1699 πατρί,
887 1601 951 1677 καί
985 1609 1039 1700 τῷ
1073 1603 1158 1700 υἱῶ,
1194 1603 1257 1677 καί
1281 1633 1328 1701 τα

96 1701 164 1800 χίῳ
205 1698 406 1797 πνεύματι,
447 1708 519 1776 νῦν
560 1700 623 1775 καί
663 1702 739 1791 ἀεὶ,
780 1702 844 1776 καί
875 1707 934 1788 ἐἰς
965 1703 1053 1788 τοὺς
1085 1709 1227 1790 αἰῶνας
1258 1713 1337 1780 τῶν

96 1802 230 1880 ἰαίνων.

228 1949 315 2041 Εάχι)
338 1977 397 2042 της
416 1976 455 2040 χ
478 1949 635 2034 οτάοεως,
658 1945 698 2043 ἦν
718 1949 846 2040 λέγει(
829 1977 847 2020 ο
871 1949 976 2040 ἱερεὺς
995 1958 1171 2040 μυστικῶς.

149 2053 327 2153 Κύριε,
310 2088 329 2131 ο
359 2055 497 2139 Θεὸς“
476 2064 598 2152 ηαῶν,
632 2052 874 2154 μνήσθητι
854 2064 964 2153 ηαῶν
995 2064 1074 2132 τῶν
1100 2056 1337 2155 ἁμαρτωλῶν

95 2157 128 2234 εἰ
155 2159 315 2254 ἀχρείων
340 2154 487 2232 δούλων
513 2183 595 2247 σου,
622 2162 662 2233 ἐν
687 2166 742 2257 τῶ
769 2157 1069 2233 ἐπικαλεῖσθαι“
1047 2167 1146 2256 ημᾶς
1166 2159 1208 2234 τὸ
1227 2158 1335 2287 ίίχιον

95 2258 129 2335 ιί
154 2258 404 2357 προςκυνητὸν
430 2257 550 2334 ὅνοιιοί
577 2284 658 2349 σου,
691 2257 754 2334 καί
790 2261 840 2386 66
866 2259 1115 2357 καταισχύνῃς
1139 2259 1236 2357 ἡμᾶς
1262 2260 1335 2335 ἀπὸ

95 2393 130 2460 ς
154 2361 373 2462 προςιίονιας
397 2369 465 2435 τοῦ
491 2360 611 2446 ἑλεόυς
637 2386 722 2436 σου·
751 2362 844 2435 ἀλλὰ
868 2358 1021 2459 χοίρισαι
1045 2362 1150 2459 ἡμῖν,
1185 2361 1205 2436 6
1235 2361 1334 2450 θεὸς,

95 2463 189 2541 οίντα
215 2464 261 2537 τὰ
287 2465 378 2560 πρὸς
405 2490 590 2559 σωτηριαν
618 2460 815 2559 αἰεὴιιατα,
841 2464 904 2539 καὶ
931 2465 1092 2549 ἀξίωσον
1116 2463 1215 2590 ἡμᾶς
1241 2465 1336 2565 ἀχα-

95 2574 156 2665 ᾇν,
181 2595 243 2641 και
236 2564 477 2661 ’φοβεῖσθαί
504 2591 541 2637 σε
570 2568 608 2649 ἐξ
633 2564 717 2662 ὅλης
734 2574 799 2661 169
815 2565 1008 2663 καρδίας
988 2573 1109 2663 ηιιῶν,
1136 2564 1198 2641 καί
1217 2571 1335 2641 ποιεῖν

95 2699 107 2726 ¹
134 2677 222 2741 πᾶσι
250 2667 292 2740 τὸ
319 2666 464 2762 θὲἰηιισί
493 2693 572 2741 σου

331 2833 431 2900 Μετὰ
452 2834 501 2915 τὸ,
525 2820 637 2911 Δόξα,
664 2818 726 2896 καί
752 2827 837 2908 1¹66,
865 2829 883 2902 6
907 2829 1074 2912 διάκονος·

141 2936 215 3010 ”Eu
242 2938 304 3011 καὶ
331 2938 382 3009 ἔτι
409 2941 449 3011 ἐν
475 2936 599 3034 εἰρήνῃ
627 2947 693 3012 τοῦ
718 2935 862 3034 Κυρίου
888 2934 1097 3031 δεηθῶμεν.

140 3037 374 3134 Ἀνοιλαβοῦ,
403 3047 538 3128 σῶσον,
566 3046 712 3136 ε’ἰεήοον
738 3038 801 3113 καί
827 3036 1059 3135 ἀιαφύίαξον
1083 3035 1190 3133 ἡμᾶς.

154 3146 224 3236 Τῆς
249 3141 445 3242 παναχιάς,
475 3139 676 3236 ἀχράντου,
703 3137 1040 3240 ὑπερευλοχημίνης
1064 3145 1140 3212 κτλ.

524 3288 561 3360 ‘0
584 3288 690 3377 ἱερεὺς
711 3286 877 3380 ἐκφῶνως.

138 3392 220 3471 Ὅτι
258 3394 304 3520 06
339 3393 371 3469 εἰ
404 3394 423 3469 ὁ
453 3395 540 3479 Θεὸς
576 3394 694 3491 ἡυῶν,
734 3393 822 3478 Θεὸς
854 3401 922 3469 τοῦ
956 3396 1067 3468 ε’ἰεεῖν
1098 3392 1162 3468 καί
1188 3387 1333 3480 σώζειν,

93 3493 127 3569 αἰ
164 3496 221 3569 σοί
256 3496 324 3592 τὴν
358 3495 526 3581 ἀόξαν’
507 3499 784 3593 αναπίμτιομεν,
822 3503 876 3621 τῶ
912 3496 1036 3593 πατρί,
1072 3495 1136 3570 καί
1168 3501 1222 3589 τῶ
1249 3492 1334 3588 via),

92 3599 127 3671 αἰ
158 3605 212 3694 τῷ
229 3597 341 3723 ἀχίω
375 3597 569 3693 πνεύματι,
604 3607 675 3674 νῦν
708 3598 771 3674 καί
805 3597 874 3684 ἀεί,
910 3596 974 3672 καὶ
1007 3602 1057 3680 εἰς
1081 3595 1169 3679 τοὺς
1194 3564 1335 3678 ἀίῶνας

92 3707 141 3774 ῶν
168 3697 327 3774 αἰώνων.

146 3827 348 3922 Ἀρξαμὲνρς
377 3833 415 3900 66
441 3840 501 3922 τῆς
526 3831 735 3920 στιχοίογίας
764 3828 945 3920 ἀπέρχεται
967 3829 985 3901 6
1009 3829 1114 3920 ἱερεὺς
1136 3826 1171 3899 ἐν
1193 3834 1232 3920 τῇ
1255 3824 1335 3919 ἀνίᾳ

92 3926 231 4019 ροθέοέι
257 3934 314 4000 καί
341 3933 451 4017 λαβὼν
478 3934 534 4002 τὸν
562 3934 829 4024 προηχιαομένον
856 3930 956 4020 ἀρτον
984 3931 1020 4002 ἐκ
1046 3938 1106 4000 τοῦ
1129 3927 1334 4021 ἀρτοφορίου

91 4034 200 4127 ἴθηοιν
229 4032 330 4103 αὐτὸν
355 4033 425 4121 μετ’
449 4033 622 4122 εὐλαβείας
644 4038 772 4126 πολλῆς
793 4034 828 4104 ἰν
849 4043 895 4125 τῷ
918 4032 1000 4125 ἁγίῳ
1023 4031 1135 4124 δίσκῳ,
1162 4032 1274 4117 βαλὼν
1296 4033 1334 4100 66

91 4142 112 4214 ’ς
137 4137 177 4204 τὸ
206 4133 300 4223 ἅγιον
328 4135 490 4227 ποτήριον
523 4133 612 4206 οἰνον
644 4138 700 4206 καὶ
723 4136 827 4226 ὕδωρ,
849 4134 1003 4227 συνήθως
1016 4141 1036 4218 ¹)
1059 4141 1207 4217 σιωπῶν,
1229 4135 1333 4224 μηδὲν

149 4381 171 4435 Ῑί
190 4380 287 4429 Νειίε
307 4381 322 4429 Ι.
335 4398 353 4430 c.
375 4396 397 4443 ρ.
412 4381 475 4430 718τ
495 4383 551 4430 This
571 4384 630 4431 wine
650 4383 669 4430 is
688 4390 729 4432 σοι
747 4381 911 4440 consecrated,
930 4381 972 4430 but
990 4379 1079 4442 merdy
1098 4378 1156 4428 used
1175 4386 1199 4427 ιο
1218 4377 1332 4427 facilitate

91 4479 104 4514 ε
127 4465 319 4515 ιάοιιοίειιιιίοα
344 4466 371 4514 οἰ
395 4467 433 4514 the
452 4466 586 4516 Εαεοιιίιι.
622 4467 672 4516 The
697 4467 761 4517 lumb
785 4465 852 4515 ilsels
874 4465 917 4515 ban
942 4465 1012 4521 been,
1038 4477 1066 4512 so
1084 4471 1108 4512 ιο
1127 4464 1210 4528 spe-ak,
1235 4463 1331 4512 imbued

90 4549 119 4598 inb
137 4550 178 4600 the
197 4551 352 4602 εοοεεειιῑεά
371 4550 440 4634 πίοι,
460 4550 482 4599 in
501 4551 541 4600 lh·
557 4550 654 4615 Uitru
671 4553 699 4602 οἰ
714 4553 754 4602 {ho
771 4551 901 4616 preceding
918 4549 1026 4615 Sundny:
1050 4563 1079 4599 το
1097 4549 1147 4599 that
1164 4549 1204 4599 the
1221 4560 1332 4601 eommu-
