3044 4912
656 258 731 340 ⁰73

89 460 140 505 :ov
166 432 318 527 βήματος
342 444 404 507 τοῦ
423 444 585 526 Χριστοῦ,
612 436 682 530 όσφ
702 435 860 519 πλείονος
877 436 1014 528 χάριτος
1035 435 1220 519 ἀπολαύεις
1240 430 1327 527 ῦρτι.

89 536 131 607 ἀἱ
154 534 256 607 καλόν
281 562 339 615 σοι
362 532 404 629 ήν
428 534 476 621 ῶς
495 538 534 608 τὸ
555 536 678 627 λόγιον,
699 541 745 631 μή
768 534 944 623 εὐξασθαι,
975 536 1187 630 ῆεύξασθαι
1205 539 1262 609 καί
1281 539 1329 630 μῆ

89 638 260 708 τοδοῦναι.
302 639 405 731 Μηδδ
430 637 534 709 πάλιν
562 638 708 766 νομίσῃς,
735 638 783 723 ῶς
803 640 861 717 διὸ
880 648 942 709 τοῦ
962 639 1193 727 προλαβόντος
1209 636 1330 729 χρόνου

89 744 117 829 ῆς
136 736 287 810 δνταῦθά
308 765 369 810 σου
392 738 614 831 62m60669,‘
603 750 723 826 ικανῶς
743 740 894 834 ήγωνίσω
914 741 1001 831 πρὸς
1020 742 1082 823 τὰς
1103 738 1251 829 άσράτας
1271 742 1331 810 δυ-

89 836 175 925 ίμεις
194 848 254 909 τοῦ
274 840 415 931 όχθροῦ
438 839 579 912 άλλὸ
544 867 692 931 γινωσκε,
713 842 767 914 ὸτι
786 840 956 969 μάλλσν’
936 842 1006 913 απὸ
1027 868 1087 911 του
1071 844 1200 935 ’δεῦρο
1214 840 1331 913 δισδά

89 939 174 1009 ινταί
199 965 239 1011 σε
263 941 459 1031 μείζονες’
438 950 561 1032 αγῶνες
580 952 641 1035 τῆς
660 946 748 1033 πρὸς
768 942 868 1015 αὐτὸν
888 942 1008 1035 πάλης.
1048 940 1165 1029 Ἰσχύει
1185 942 1224 1013 δδ
1244 938 1332 1013 κατά

89 1048 120 1111 ιῦ
148 1038 314 1132 οὐδαμῶς,
327 1046 577 1172 πεφραγμένον
602 1072 641 1115 σε
667 1044 824 1173 εῆρίοκων
844 1052 885 1137 τῆ
904 1071 942 1114 τε
961 1047 1049 1133 πρὸς
1069 1046 1127 1114 τὸν
1147 1040 1332 1135 ὸδηγοῦντά

89 1168 96 1211 ι
120 1152 267 1236 κραταιᾷ
292 1144 407 1216 πίστει
431 1148 489 1217 καὶ
509 1145 623 1240 άγάπη
644 1149 702 1217 καὶ
720 1154 761 1239 τῆ
781 1146 869 1238 πρὸς
887 1154 1002 1217 πᾶσαν
1021 1144 1173 1237 ὸπακσῆν
1193 1144 1251 1215 καί
1269 1170 1336 1217 τα-.

89 1242 220 1315 τίνωσιν
245 1242 414 1337 εὐθῦτητι.
455 1250 527 1319 Διὸ
552 1256 650 1318 τοῦτο
679 1246 816 1321 άπίστω
843 1246 913 1318 άπὸ
941 1256 1003 1317 σοῦ
1023 1245 1171 1340 άνηκοία,
1198 1242 1337 1317 άντιλο-,

89 1344 124 1427 ἀ,
152 1344 376 1439 ὸπερηφανία,
404 1347 484 1436 ἔρις,
513 1351 619 1439 ζῆλος,
641 1349 783 1442 φθόνος,
811 1350 932 1436 θυμὸς,
958 1350 1093 1440 κραυγή,
1119 1346 1328 1441 βλασφημία,

89 1448 293 1537 ιθροφαγία,
320 1451 506 1543 παρρησία,
532 1452 647 1541 μερικῆ
677 1448 793 1542 φιλία,
819 1448 998 1541 περπερία,
1026 1446 1224 1543 φιλονεικία,
1251 1474 1336 1539 γεγε

89 1548 193 1635 ισμὸς,
215 1552 437 1641 ψιθυρισμὸς,
458 1552 631 1645 ἐπίκτησις
651 1550 827 1636 ἰδιάζουσαι
847 1551 981 1640 οἰκτροῦ
1001 1551 1197 1641 πράγματος
1216 1550 1273 1621 καὸ
1285 1548 1331 1619 τὸι

89 1652 145 1721 [λα
173 1649 286 1721 πάντα
310 1660 371 1743 τῆς
395 1652 511 1736 κακίας
538 1652 621 1745 ε’ίδη,
650 1650 697 1723 δι’
720 1646 744 1722 6
770 1652 901 1742 ἔρχεται
926 1652 946 1744 6
976 1650 1055 1744 ὸργῆ
1077 1661 1138 1723 τοῦ
1160 1658 1249 1725 Θεοῦ
1268 1650 1331 1723 άπὸ

89 1754 137 1835 ιὸς
162 1752 206 1823 τὸ
232 1762 374 1823 τοιαῦτα
398 1755 612 1841 πράσσοντας
642 1755 700 1825 καὶ
725 1755 836 1845 ριζσῦν
864 1750 1000 1844 δι’ρχεται
1025 1755 1061 1823 ἐν
1089 1752 1204 1835 αὐτοῖς
1223 1750 1243 1825 6
1263 1758 1331 1823 τῶν

89 1860 177 1937 ογῶν
196 1854 356 1943 φθορεάς.
378 1859 520 1925 Μᾶλλον
543 1857 581 1925 δὲ
602 1853 670 1925 ἀντ’
687 1853 805 1938 αὐτῶν,
826 1862 946 1947 κτῆσαι
961 1856 1005 1925 τὰ
1018 1855 1194 1945 πρέποντα
1209 1852 1328 1941 άγίοις,

89 1952 296 2045 ιλαδελφίαν,
317 1954 465 2047 ήσυχίαν,
486 1955 680 2039 ἐπιείκειαν,
701 1954 886 2044 εὐλάβειαν,
906 1956 1046 2046 μελετῆν
1065 1962 1132 2025 τῶν
1150 1955 1257 2027 θείων
1270 1958 1331 2025 λο·

89 2058 149 2139 ων,
177 2052 370 2144 ἀνάγνωσιν,
398 2057 533 2150 τήρησιν
559 2058 698 2150 καρδίας
724 2058 760 2129 ἐκ
786 2065 943 2149 ῥυπαρῶν
969 2058 1147 2146 λογισμῶν,
1173 2055 1329 2148 ἐργασίαν

89 2164 118 2245 ῆν
136 2158 222 2227 κατὰ
244 2156 392 2246 δύναμιν,
414 2157 615 2251 ίγκράτειαυ,
637 2157 874 2249 ῦπομονῆνέ
830 2187 855 2247 μ
872 2185 928 2248 χρι
857 2156 1110 2241 έ,θανάτου
1134 2156 1187 2249 ἐφ’
1211 2150 1330 2249 666-

89 2258 171 2327 τί
132 2284 194 2340 τας
214 2259 382 2349 συνθήκας
402 2284 463 2330 σου
486 2261 612 2446 δ’δφκας
633 2268 767 2349 πρῶτον
785 2287 842 2329 και
832 2262 1044 2330 τελευταῖον
1058 2260 1250 2349 δξαγγέλιαν
1262 2266 1330 2329 τῶν

89 2460 293 2549 βαπτίζοντα
314 2460 387 2551 γάρ,
411 2487 522 2555 φησιν,
545 2461 842 2587 ἐξομολογούμενοι
862 2463 923 2544 τὰς
943 2460 1108 2553 ἁμαρτίας
1125 2460 1245 2535 αὐτῶν.

139 2558 327 2655 Ἐρώτησις.
372 2571 488 2634 Ταῦτα
514 2563 625 2635 πάντα
655 2563 743 2633 σὸτω
769 2565 1023 2652 καθομολογεῖς,
1052 2561 1107 2633 ἐπ’
1129 2562 1246 2635 ἐλπίδι
1269 2568 1330 2655 τῆς

89 2660 231 2751 ινάμεως
256 2672 318 2734 τοῦ
340 2670 428 2735 Θεοῦ
434 2696 446 2751 ,·
471 2667 528 2734 καί
554 2666 590 2735 ἐν
616 2664 755 2745 τούτοις
781 2670 857 2747 ταῖς
881 2662 1082 2751 ῦποσχέσεσι
1103 2668 1330 2757 διακαρτερεῖν

89 2762 222 2857 ιντάσσῃ
242 2768 340 2854 μέχρι
359 2767 476 2850 τέλους
497 2768 591 2859 ζωῆς,
611 2765 724 2856 χάριτι
743 2773 894 2857 Χριστοῦ
900 2797 912 2853 ,·

140 2863 344 2957 Ἀπόκρισις.
387 2870 467 2949 Ναὶ,
489 2877 551 2938 τοῦ
573 2875 661 2939 Θεοῦ
683 2875 924 2959 συνεργοῦντος,
948 2868 1039 2956 τίμια
1058 2867 1177 2959 πάτερ.

334 2964 419 3037 Είτα
439 2971 529 3057 λέγει
550 2968 568 3039 6
592 2970 698 3058 ίερεύς
717 2970 777 3059 τῆν
798 2967 895 3055 εὐχήν
915 2968 1047 3058 ταύτην.

141 3064 180 3138 Ὁ
199 3071 445 3159 πανοικτίρμων
467 3066 525 3140 οὐν
541 3074 627 3152 Θεὸς
646 3073 703 3141 καί
723 3072 915 3152 πολυέλεσς,
937 3067 956 3138 6
978 3070 1021 3138 τὸ
1042 3062 1186 3157 άχραντα
1200 3066 1330 3157 σπλάγ-

89 3196 119 3239 ια
138 3177 198 3261 τῆς
219 3168 321 3240 αὐτοῦ
342 3168 587 3254 άνεξιχνιάστσυ
608 3170 819 3262 άγαθάτητος
840 3168 1028 3259 ὐπανοίγων
1045 3168 1149 3237 παντί
1162 3176 1210 3259 τῷ
1223 3193 1329 3261 προς-

89 3271 224 3361 νχομένηι
247 3270 345 3362 αὐτῷ,
374 3270 479 3362 πόθῳ
500 3274 555 3341 καί
578 3270 691 3365 άγάπη
712 3279 841 3365 θερμῇ·
870 3269 889 3341 ὸ
911 3269 1027 3354 είπυὸν,
1054 3268 1109 3339 ὅτι
1129 3268 1329 3363 ἐπιλήσεται

89 3374 137 3463 ινῆ
158 3374 202 3442 τὸ
223 3370 339 3462 ἔκγονα
361 3370 471 3463 αὐτῆς,
493 3371 516 3463 ῆ
538 3374 602 3462 ίγῶ
628 3371 834 3465 ἐπιλήσομαί
854 3398 927 3444 σου.
966 3370 1005 3441 ‘0
1025 3372 1082 3442 καί
1102 3373 1161 3441 τὸν
1181 3374 1242 3443 σὸν
1260 3370 1329 3443 πό-

89 3498 127 3543 ον
152 3472 251 3555 είδῶς
275 3475 333 3544 καὶ
357 3483 397 3565 τῇ
418 3475 585 3564 προθέσει
605 3499 667 3543 σου
688 3474 860 3562 ἐπιβολῶν
879 3475 940 3566 τῆν
960 3472 1040 3565 παρ’
1064 3470 1166 3543 αὐτοῦ
1188 3472 1329 3560 δῦναμιν

89 3575 145 3663 ρὸς
166 3575 373 3666 ἐκπλήρωσιν
392 3584 459 3644 τῶν
480 3572 582 3645 αὐτοῦ
601 3576 752 3659 ἐντολῶν,
773 3576 972 3664 ἐπιλάβοιτο
993 3575 1048 3644 καί
1066 3572 1328 3663 ίπαγκαλίσαιτο

89 3678 115 3746 ιὶ
133 3673 340 3764 ὸπερασπιεῖ
359 3677 416 3747 καὶ
435 3675 564 3767 γένοιτό
585 3701 641 3748 σοι
660 3685 769 3764 τεῖχος
781 3676 899 3768 άχυρὸν
913 3676 984 3748 άπὸ
997 3674 1179 3764 πρσςῶπσυ
1193 3676 1328 3765 ἐχθροῦ,

89 3776 169 3868 ίτρα
188 3774 370 3869 ῦπομοιῆς,
391 3776 631 3870 παρακλήσεως
651 3776 798 3871 άφορμῆ,
820 3777 970 3861 ιὸτουίας
988 3778 1137 3870 χορηγὸς,
1166 3774 1330 3871 εὐψυχίας

89 3879 237 3966 ορισμὸς,
259 3878 396 3967 άνδρίας
409 3881 661 3970 συναγωνιστῆς,
681 3879 984 3970 συγκοιταζόμενος,
1005 3878 1186 3971 γλυκαίνων
1200 3880 1258 3948 καί
1272 3875 1329 3947 εὐ-

89 3978 211 4070 ραίνων
237 4006 298 4050 σου
323 3981 385 4070 τῆν
409 3979 547 4072 καρδίαν
568 3988 608 4072 τῇ
629 3981 837 4073 παρακλήσει
857 3990 917 4053 τοῦ
937 3979 1033 4072 άγίου
1055 3978 1157 4050 αὐτοῦ
1177 3976 1329 4067 πνεῦμα·

89 4108 127 4165 ις,
161 4078 263 4165 άξιῶν
283 4107 321 4151 σε
341 4082 398 4151 καί
417 4090 477 4173 τῆς
495 4080 632 4170 μερίδος
651 4090 717 4151 τῶν
739 4082 840 4173 ἁγίων
859 4084 917 4154 καί
937 4082 1038 4153 ὁσίων
1059 4082 1214 4170 πατέρων
1235 4079 1329 4171 ήμῶν

89 4181 245 4267 ῗντωνίου,
265 4179 452 4270 Εὐθυμίσυ,
472 4184 591 4271 Σάββα
611 4186 668 4254 καί
688 4193 755 4255 τῶν
775 4187 834 4256 σὸν
855 4182 979 4266 αὐτοῖς,
1005 4180 1084 4272 μεθ’
1108 4175 1153 4251 ὧν
1174 4183 1230 4252 καί
1250 4185 1329 4274 κλη-

89 4284 255 4375 ινομήσεις
273 4285 333 4375 τήν
352 4284 526 4370 βασιλείαν
545 4293 611 4355 τῶν
633 4283 791 4375 οὐρανῶν,
813 4286 848 4356 ἐν
868 4292 1006 4376 Χριστῷ
1024 4283 1130 4377 Ἰησοῦ
1150 4289 1198 4374 τῷ
1211 4283 1329 4375 Κυρίῳ

89 4394 162 4470 ιῶν,
191 4379 220 4477 6
242 4385 262 4478 6
286 4385 368 4470 δόξα
394 4388 452 4455 καί
477 4388 517 4455 τὸ
543 4385 663 4474 κράτος
683 4389 740 4457 καὶ
759 4386 780 4478 6
802 4387 958 4475 βασιλεία
978 4388 1035 4458 καί
1055 4384 1075 4478 6
1099 4384 1247 4475 δίναμις,
1269 4386 1329 4457 σῦν

89 4492 105 4578 ῆ
125 4488 233 4578 πατρί
253 4489 311 4558 καί
329 4495 377 4579 τῷ
398 4484 483 4579 άγίφ
502 4487 678 4578 πνεύματι.
