3044 4912
716 230 789 305 tta

200 416 274 497 Cap,
303 416 391 478 XXX.
447 415 649 478 lnvocatio
684 417 857 496 Spiritus
888 410 1023 479 Sancti
1055 426 1091 479 ct
1124 417 1389 481 consecratio.

105 517 265 581 observat
286 517 410 587 (icarus,
440 516 571 578 Graecos
594 517 773 579 Sacerdotes
797 528 1026 581 consecraturos
1048 520 1204 599 proposita
1227 520 1306 583 dona
1327 539 1389 583 non

106 621 272 698 attingere,
297 619 350 681 sed
372 636 463 679 manu
485 629 599 680 tantum
621 618 734 680 elevata
745 629 815 699 post
829 619 1070 682 benedictionem
1082 620 1252 685 ostendere.
1280 621 1314 683 ln
1330 631 1389 685 ter·

107 720 154 783 tia
186 721 307 782 demum
334 718 497 790 oblatione,
527 719 675 782 Diaconos
703 718 823 782 flabello
853 721 998 802 seposito,
1028 722 1207 784 transversis
1236 722 1267 784 in
1289 722 1388 787 crucis

107 824 240 901 liguram
268 821 407 883 manibus
435 820 527 882 altera
551 821 647 882 elerat
674 821 799 893 discum,
831 822 922 885 altera
952 823 1075 887 calicem
1104 824 1319 902 pronuntians:
1347 818 1390 889 τὰ
1478 850 1483 860 ·

106 918 158 986 σὰ
180 918 219 987 ἐτι
237 923 305 984 τῶν
326 924 393 985 σῶν
414 916 657 1007 προςφέρομεν.

202 1074 517 1154 Cap.XXXl.XXXll.
540 1074 724 1136 Memento
747 1094 812 1155 pro
830 1074 932 1137 l'iris
956 1075 1220 1139 etlleiuuctis.
1244 1077 1386 1149 ¹Oratio

110 1176 324 1240 llomirrica.
368 1176 433 1237 Non
464 1186 509 1236 est
538 1177 616 1254 qnod
647 1176 742 1237 insius
770 1176 972 1255 explanemus,
1007 1177 1164 1240 ecclesiam
1188 1179 1331 1241 Graecam
1354 1180 1384 1242 in

110 1276 164 1340 liis
185 1266 338 1358 precibus,
362 1294 461 1338 coram
485 1275 574 1337 donis
596 1277 781 1338 consecratis
794 1279 909 1348 eiiusis,
932 1278 1022 1340 nrulta
1039 1291 1186 1358 repetere,
1204 1299 1279 1359 quas
1295 1281 1386 1361 prisci
1442 1290 1447 1299 ’

113 1388 150 1442 et⁴
168 1378 279 1457 integri
301 1378 394 1439 moris
417 1388 495 1438 sunt.
539 1377 612 1439 llico
635 1379 767 1441 virorum
791 1389 1035 1459 mortuorumque
1058 1383 1179 1443 nomina
1203 1402 1219 1444 e
1238 1364 1388 1464 diptychis

114 1482 305 1561 praelecta‚¹)
334 1498 439 1559 preces
468 1498 521 1558 pro
550 1480 726 1541 Sanctorum
754 1480 857 1560 requie
886 1499 921 1542 ac
948 1479 1133 1543 beatitudine
1168 1484 1386 1561 pronuntiatas,

115 1584 285 1645 orationem
308 1581 499 1653 dominicam,
529 1598 588 1640 non
613 1598 628 1640 a
652 1581 818 1657 sacerdote,
841 1581 893 1643 sed
917 1600 934 1643 a
957 1581 1050 1644 cboro
1073 1583 1118 1645 ael
1141 1584 1253 1663 populo
1276 1585 1387 1647 decan-

114 1694 218 1746 tatam.
263 1682 429 1745 Cabasilas:
458 1716 501 1726 —
521 1683 626 1744 ταῦτα
653 1677 695 1744 τὰ
717 1674 847 1765 ῥήματά
870 1676 959 1746 ἔστιν
982 1678 1016 1747 ἐν
1038 1670 1090 1760 οἷς
1110 1676 1250 1765 οὐδεμία
1272 1680 1388 1770 περιί-

112 1806 209 1865 χεται
237 1778 305 1868 πρὸ
326 1783 391 1844 τῶν
413 1774 514 1865 ἁγίων
535 1777 622 1863 πρὸς
642 1779 700 1846 τὸν
723 1779 809 1847 Θεὸν
830 1776 947 1861 ἲκεσία,
977 1776 1056 1849 οὐδὲ
1078 1775 1209 1864 εὔχεται
1232 1778 1347 1864 αὐτοῖς
1367 1779 1387 1852 tl

116 1880 226 1968 ἱερεὺς
245 1887 310 1948 τῶν
332 1876 505 1948 εἰωθότων
526 1875 638 1949 οὐδέν·
661 1877 746 1948 ἀλλὰ
766 1885 832 1946 τῶν
852 1879 914 1965 μὲν
935 1873 1044 1949 ἄλλων
1064 1882 1306 1974 κεκοιμημένων
1327 1908 1389 1970 με-

115 1982 280 2075 μνημένος
302 1977 405 2061 εὐθὺς
425 1981 628 2071 προςτίθνγσι
649 1979 708 2069 τὴν
729 1977 814 2068 ὑπὲρ
836 1979 962 2049 τούτων
983 1978 1093 2071 εὐχήν·
1115 1985 1172 2052 καὶ
1193 1982 1389 2054 ἀνάπαυσον

117 2080 234 2164 αὐτοῖς
255 2107 356 2173 φησιν
378 2074 417 2150 οὗ
440 2083 620 2151 ἐπισκοπεῖ
640 2083 678 2152 τὸ
701 2089 774 2172 φῶς
794 2089 855 2151 τοῦ
876 2080 1058 2171 προςώιτου
1079 2108 1150 2153 σου.
1172 2081 1248 2154 Ἐπὶ
1270 2086 1308 2155 δὲ
1322 2092 1388 2154 τῶν

117 2182 220 2275 ἁγίων
240 2179 431 2252 τοίναντιον
454 2183 554 2264 ἅπαν,
578 2180 616 2253 οὖ
638 2184 699 2271 γὰρ
721 2180 897 2268 πρεςβείαν
919 2181 1003 2273 ὑπὲρ
1028 2182 1135 2254 αὐτῶν
1149 2192 1300 2256 ποιεῖται
1314 2183 1386 2257 ἀλλ’

117 2282 239 2368 αὐτοὺς
258 2288 384 2371 μᾶλλον
415 2284 643 2373 προβάλλεται
675 2285 846 2373 πρέςβεις·
881 2283 987 2354 εἰπών
1018 2285 1079 2376 γὰρ
1107 2288 1163 2356 καὶ
1194 2285 1388 2378 ἀριθμήσας

116 2388 194 2469 τοὺς
222 2385 337 2475 ἁγίους
364 2386 492 2475 ἐπάγει,
522 2379 566 2454 ὧν
592 2393 667 2467 ταῖς
695 2384 886 2472 πρεςβείαις
913 2388 1097 2481 &monadibus
1125 2386 1213 2478 ἡμᾶς
1241 2385 1261 2459 ὁ
1291 2391 1386 2471 Θεός.

117 2494 162 2557 ut.
184 2513 217 2575 p.
237 2498 287 2559 71.

204 2594 342 2657 Omnium
368 2596 397 2657 in
420 2595 560 2676 precibus
583 2595 646 2656 suis
669 2596 844 2657 recordatur
865 2597 1027 2660 Sacerdos:
1052 2609 1153 2660 monet
1174 2598 1288 2661 idcirco
1318 2600 1385 2662 bia-

115 2715 211 2759 conus
233 2697 385 2777 populum,
410 2707 441 2758 ut
463 2697 490 2757 ei
514 2716 567 2758 sua
591 2697 748 2758 devotione
771 2697 965 2773 obsecundet,
994 2699 1147 2780 Deumque
1171 2719 1225 2781 pro
1248 2699 1388 2763 omnibus

116 2814 227 2877 rogans
250 2789 383 2859 πάντων
405 2791 460 2860 καί
482 2800 600 2861 πασῶν
622 2798 803 2862 meminerit.
834 2800 870 2861 Et
885 2802 1049 2881 respondet
1062 2803 1208 2882 populus:
1230 2796 1287 2866 καί
1301 2794 1388 2865 ncia-

115 2918 182 2961 των
203 2892 260 2961 καὶ
282 2901 399 2961 πασῶν
421 2917 463 2960 sc.
485 2892 653 2984 μνήσθητι
673 2894 788 2981 Κύριε.

203 3051 277 3130 Cap.
305 3050 438 3112 XXXlll.
489 3052 628 3112 Sancta
662 3051 830 3113 Sanctis.
882 3052 991 3112 Pacem
1023 3052 1206 3131 imprecatur
1238 3052 1387 3114 Sacerdos

115 3151 267 3225 fidelibus,
290 3163 356 3213 orat
376 3170 431 3231 pro
454 3152 542 3228 digna
566 3153 736 3232 sumptione
759 3153 938 3214 sacramenti
961 3171 995 3214 ac
1018 3153 1091 3214 velis
1114 3153 1221 3213 iterum
1238 3152 1386 3224 obductis,

116 3253 213 3316 elevat
246 3271 353 3333 panem
382 3264 529 3315 sanctum.
573 3253 639 3315 Non
668 3272 772 3315 omnes
799 3272 869 3315 vero
893 3253 1054 3332 particulas
1077 3254 1108 3315 in
1132 3254 1309 3316 Sanctorum
1332 3255 1387 3318 bo·

116 3374 191 3418 nore
221 3353 347 3426 oblatas,
377 3356 428 3417 sed
459 3355 602 3415 maiorem
626 3363 738 3415 tantum
762 3354 889 3416 bostiam
912 3355 991 3417 tollit
1013 3388 1051 3401 -
1075 3348 1153 3418 ἐπεί
1173 3349 1263 3419 ἐστιν
1284 3348 1302 3420 ὁ
1324 3358 1390 3436 βα-

113 3452 229 3532 σιλεῦς
250 3450 397 3535 Χριστὸς
417 3451 473 3518 καὶ
495 3448 595 3531 αὐτός
616 3449 687 3518 ίστι
707 3452 834 3541 κεφαλὴ
857 3451 942 3519 κατὰ
962 3452 1020 3520 τὸν
1041 3448 1241 3520 ἀπόστολον.
1279 3452 1331 3521 Τὰ
1351 3452 1389 3521 δὲ

114 3551 212 3638 τίμια
241 3544 328 3620 dtta
355 3553 447 3639 δῶρα
473 3553 556 3643 μέλιγ
578 3559 728 3637 Χριστοῦ
754 3552 810 3621 καὶ
838 3560 935 3638 σῶμα
955 3560 1116 3638 Χριστοῦ.
1158 3558 1196 3619 Et
1221 3558 1300 3620 inter
1328 3558 1388 3621 ele·

114 3661 247 3722 randum
275 3659 450 3739 pronuntiat
476 3678 578 3720 vocem
607 3659 687 3720 illam
714 3660 900 3722 venerandae
922 3660 1125 3739 antiquitatis:
1153 3653 1196 3721 τὰ
1218 3651 1297 3740 ἅγια
1318 3660 1390 3735 τοῖς

116 3752 228 3843 ἁγίοις
250 3779 281 3840 p.
297 3763 347 3827 ts.
390 3761 469 3822 Nic.
491 3760 642 3838 bulgari
665 3780 695 3841 p.
713 3764 788 3826 170:
815 3753 984 3844 ΤὰἍγια,
1007 3754 1105 3841 λέγει,
1122 3752 1273 3823 δίδονται
1285 3754 1388 3841 μόνον

204 3981 230 4041 l)
254 3981 360 4031 Tabulae
382 3982 519 4045 bipartitae,
544 3981 673 4046 aliquando
698 3996 724 4031 er
749 3996 808 4031 auro
832 3980 867 4032 rel
887 3991 994 4045 argento,
1012 3982 1110 4045 saepius
1127 3980 1157 4030 de
1176 3981 1250 4030 ebore
1267 3981 1302 4030 rel
1322 3981 1387 4044 lipao

115 4067 228 4131 pretioso
247 4067 332 4126 iactae,
351 4081 377 4116 er
396 4067 482 4130 quibos
500 4067 662 4117 recitabantur·
680 4068 843 4117 nominatam
861 4066 1028 4117 detunctorum
1047 4080 1119 4131 quam
1137 4066 1252 4125 rivorum,
1270 4080 1388 4130 qnospu·

114 4151 180 4201 blice
198 4151 334 4200 honorabat
351 4151 466 4202 ecclesia:
485 4151 643 4215 patriarchae,
663 4150 850 4216 metropolitani,
868 4153 992 4216 episcopi;
1010 4153 1200 4215 paratu-abarum
1219 4150 1389 4203 oecumenico·

114 4250 182 4296 rum,
199 4235 247 4285 nisi
265 4250 319 4284 com
337 4236 467 4285 haereseos
487 4237 576 4285 crimen
596 4237 618 4285 ln
638 4236 741 4299 aliquem
761 4234 927 4294 obiciebatur,
953 4235 982 4285 de
1001 4250 1048 4300 quo
1067 4243 1114 4283 tam
1133 4248 1206 4300 saepe
1224 4243 1387 4285 concertatum

116 4329 170 4381 est:
195 4319 365 4383 episcoporum
384 4322 496 4385 propriae
515 4323 544 4370 ab
563 4320 629 4370 initio
649 4302 1004 4385 ecclcsitc;presbyterorum,
1027 4322 1047 4369 ai
1067 4320 1105 4383 qui
1125 4318 1271 4368 illustriores
1290 4320 1388 4370 exstite-

113 4412 187 4466 rant;
205 4403 402 4465 benefactorum
421 4405 522 4469 denique
542 4403 703 4455 conciliorum
721 4405 828 4465 bienni,
848 4403 1115 4470 constantinopolitani,
1139 4403 1262 4468 preaini,
1287 4404 1388 4461 Clralce·

112 4486 243 4539 dunensis.
279 4488 358 4554 cip.
376 4488 417 4541 ab.
