3044 4912
645 192 720 269 395

105 380 258 453 rationem,
282 396 340 459 qna
361 377 511 459 postulata
533 377 693 458 impetrare
716 362 917 442 confidamus:
939 372 994 444 ὅτι
1015 375 1055 444 σὺ
1074 369 1105 445 ei
1119 373 1138 447 ὁ
1154 373 1318 464 ἁγιασμὸς

105 482 141 543 ia
168 498 235 542 cum
263 478 461 542 sanctimonia
489 480 616 558 petitur-3
647 472 702 543 ὅτι
729 474 770 543 σὺ
797 469 874 565 oid
908 471 1097 559 ἀνάπαυσις
1117 485 1183 545 τῶν
1202 487 1318 571 ψυχῶν

105 582 140 643 ὃν
168 598 235 675 enm
263 580 414 643 defunctis
437 582 573 660 requies3
605 574 659 644 ὅτι
679 574 804 663 πρέπει
826 598 883 643 σοι
901 579 970 646 κτλ
992 602 1058 645 cnm
1081 584 1134 647 Dei
1156 586 1251 664 gioria
1272 586 1317 648 in·

105 684 165 745 sins
188 681 349 763 quaeritur.
393 680 473 745 Haeo
495 681 609 744 Gnarus
632 683 663 744 in
685 682 917 745 Commentario.
926 683 946 760 ¹)

133 818 206 898 Cap.
228 817 318 879 xvtt.
360 817 482 879 Minor
510 815 714 895 ingressus
736 808 756 902 ἡ
777 811 902 903 μικρὰ
925 810 1088 895 οἶςοόός
1109 839 1135 883 s.
1158 821 1318 884 soliem-

105 940 109 979 ι
129 917 329 998 Evangelii
352 918 394 981 ad
417 918 537 981 altare
559 919 789 1000 deportatio.
834 920 894 982 lem
917 920 1087 1000 penduntur
1107 923 1318 1000 sacraeiores,

105 1030 228 1102 equente
250 1031 375 1099 augusto
397 1019 456 1081 ritn
488 1021 548 1104 τῆς
566 1022 687 1102 μικρᾶς
707 1012 847 1096 εἶςόοοο.
891 1020 995 1085 Tradit
1015 1023 1162 1086 Sacerdos
1185 1023 1318 1088 Diacono

105 1141 157 1184 nno
180 1120 424 1201 Evangeliorum:
454 1121 606 1200 egreditur
627 1121 787 1195 Diaconos,
816 1123 961 1187 elevatum
987 1123 1095 1185 librum
1118 1133 1187 1188 ante
1209 1125 1318 1188 faeiem

105 1222 252 1302 ingelium,
275 1241 309 1284 ex
332 1230 418 1303 porta
433 1222 615 1284 Protheseos
637 1241 664 1283 v.
687 1223 811 1295 boreali,
835 1232 1001 1305 sequuntur
1014 1225 1164 1288 Sacerdos
1187 1245 1223 1289 ac
1243 1225 1317 1290 lam·

109 1343 158 1387 nm
188 1343 380 1387 cereorumve
408 1331 586 1404 portatores.
630 1323 745 1387 Tenent
772 1325 848 1387 viam
870 1325 1022 1388 sinuosam
1045 1345 1101 1407 per
1121 1336 1237 1408 partem
1257 1326 1318 1390 coi

105 1426 131 1487 ni
152 1424 427 1505 septentrionalem,
450 1423 578 1487 redeunt
598 1425 635 1486 ad
658 1442 759 1489 sacras
781 1428 862 1488 tores
885 1436 1014 1507 apertas.
1050 1426 1162 1491 Omnes
1184 1430 1318 1508 Evange-

109 1545 166 1607 per
187 1526 345 1588 ecclesiam
369 1526 467 1589 delato
488 1543 633 1588 summam
657 1526 796 1589 exhibent
819 1529 1030 1591 reverentiam:
1060 1541 1106 1615 est
1129 1529 1208 1593 enim
1232 1529 1318 1592 Chri-

105 1647 111 1688 ι
135 1627 200 1709 ipse
224 1627 274 1708 qni
298 1628 456 1689 ecclesiam
479 1626 595 1689 circuit.
624 1628 698 1692 Nic.
720 1629 880 1710 Buigara
901 1649 931 1712 p.
947 1632 988 1695 93
1011 1664 1050 1675 -
1073 1625 1130 1694 noi
1145 1623 1319 1717 ἀκολοοθᾷ

105 1720 239 1805 ῗῖςοδος,
268 1718 357 1791 dreni
384 1721 509 1811 γίνεται
535 1722 620 1809 μετὰ
650 1731 711 1794 τοῦ
735 1721 838 1811 Ἱεροῦ
857 1723 1069 1816 Εὖαγγιλίοο.
1108 1723 1208 1795 Ὡσὰν
1229 1724 1320 1797 dreni

108 1822 275 1915 ακτηρίζιι
295 1824 352 1892 τὸν
373 1825 512 1913 ἕρχομόν
532 1832 592 1894 τοῦ
610 1822 692 1895 rios
712 1833 772 1894 τοῦ
788 1831 885 1908 Θεοῦ,
908 1828 965 1896 καὶ
986 1828 1044 1918 τὴν
1067 1825 1163 1915 ἁγίαν
1177 1835 1237 1895 τοῦ
1252 1825 1319 1909 εἴς-

105 1952 128 1994 Ιν
147 1923 196 2006 εἷς
217 1931 334 1993 τοῦτον
355 1927 412 1995 τὸν
433 1924 579 2012 Κόσμον.
606 1929 676 1996 Διὰ
697 1927 735 1996 τὸ
757 1924 879 1997 ὁποῖον
899 1925 1003 2009 εὐθὺς
1024 1925 1213 2017 εἶςφέριται
1232 1930 1318 2015 μετὰ

105 2051 184 2109 σος,
212 2026 270 2094 καὶ
295 2023 462 2117 ineptiae
490 2025 624 2119 ἁπάσης
651 2025 857 2118 (ἐξάρχοντος
881 2035 942 2098 τοῦ
969 2027 1133 2099 ἐσινικίοο
1161 2036 1316 2112 παιᾶνος,

129 2134 189 2217 τῆς
216 2124 381 2218 εὐφημίας
407 2136 466 2196 τοῦ
492 2126 696 2218 Ἀρχιερέισς)
724 2130 778 2211 τὸ,
808 2135 913 2199 Δεῦτε
942 2127 1232 2221 προςκονήσιομιν,
1260 2130 1318 2199 καὶ

105 2229 289 2315 ιςιιέσωμιν
310 2236 463 2319 Χριστῷ·
484 2235 599 2298 Σῶσον
620 2228 708 2321 ἡμᾶς
733 2228 792 2300 Υἱὲ
815 2236 898 2302 Ocri·
926 2231 1012 2299 κατὰ
1032 2231 1070 2299 τὸ
1093 2230 1189 2319 ῥητὸν
1211 2230 1316 2299 ἐκεῖνο

105 2338 107 2373 ³
127 2328 266 2412 σκεύους
286 2336 344 2420 τῆς
363 2328 515 2420 Ἐκλογῆς
535 2332 621 2417 πρὸς
639 2329 726 2419 ‘Ede
749 2330 791 2402 α’.
805 2331 910 2400 Ὅταν
932 2333 970 2402 dd
984 2329 1138 2423 eicoyoiyp
1152 2330 1210 2399 τὸν
1223 2356 1318 2420 πραι-

105 2456 184 2501 ¹oscor
205 2430 254 2512 εἷς
274 2432 332 2520 τὴν
351 2430 561 2523 Οἰκονμένην,
583 2432 682 2521 λέγει.
704 2434 775 2502 Καὶ
795 2430 1114 2525 προςκονησάτωσον
1128 2428 1218 2522 αὐτῷ
1232 2431 1318 2501 σάν-

120 2527 278 2621 ’Ἀγγελοι
308 2537 405 2601 Θεοῦ.
448 2534 517 2600 Καὶ
550 2536 658 2621 Ψαλμ.
688 2532 743 2617 ξι’.
779 2541 884 2604 Πᾶσα
918 2532 938 2625 ἡ
970 2542 1011 2625 γῆ
1044 2531 1319 2625 προςκονησιὶτσι-

105 2666 110 2688 ι
137 2660 210 2716 σοι,
241 2634 299 2702 καὶ
330 2632 550 2724 ψαλλέτωσάν
583 2660 647 2705 σοι.
695 2638 918 2706 Temenidae
947 2636 986 2727 tr)
1015 2642 1065 2726 api
1090 2632 1231 2723 ὀνόματί
1257 2661 1318 2705 con

105 2761 195 2806 νιστε.

131 2841 319 2906 Pontificaiis
341 2843 450 2904 Missae
479 2843 615 2905 ordinem
637 2845 760 2926 exponit
781 2846 913 2919 Simeon,
943 2844 1176 2907 Thessalonicae
1199 2844 1318 2925 episco-

107 2991 116 3007 .
159 2944 306 3006 Pontifice
335 2944 487 3006 orationes
517 2946 600 3017 ioris,
629 2946 659 3007 in
689 2947 755 3009 loco
785 2947 835 3009 ubi
858 2947 987 3027 primum
1010 2946 1105 3008 sacris
1127 2945 1261 3007 vestibus
1284 2965 1318 3008 se

105 3046 174 3118 avit,
197 3044 380 3125 perficiente,
404 3044 524 3107 adstant
546 3046 573 3108 ei
596 3047 730 3109 Diaconi.
760 3048 939 3109 Sacerdotes
961 3064 1042 3118 vero,
1066 3045 1115 3126 qui
1139 3046 1216 3107 intra
1238 3045 1318 3107 sacri

105 3147 210 3211 nnalis
231 3145 341 3207 limites
364 3146 493 3208 existunt
516 3147 605 3208 etiam
628 3156 658 3209 et
680 3148 739 3229 ipsi
761 3147 914 3209 orationes
937 3148 1014 3223 (τῶν
1036 3137 1242 3231 ἀντιφώνων)
1258 3126 1317 3208 ter-

105 3259 173 3310 rant.
208 3249 283 3308 Tum
306 3247 461 3309 sollemnis
484 3247 648 3309 instituitur
664 3249 873 3320 diaconorum,
895 3248 1091 3310 sacerdotum
1107 3257 1137 3309 et
1151 3247 1316 3321 Pontificis‚

107 3348 225 3411 daconis
247 3347 407 3411 hincinde
430 3350 541 3412 suffuiti
564 3349 730 3430 processio.
759 3350 946 3414 Praecedunt
966 3349 1055 3421 cerei,
1078 3357 1319 3413 cantant-socer·

105 3471 137 3513 es
160 3443 216 3514 τό·
239 3447 333 3513 δεῦτε
347 3444 619 3535 προςιονήσιομεν
633 3448 711 3527 κτλ.,
734 3451 885 3532 excipiunt
900 3470 1005 3514 omnes
1021 3451 1197 3532 episcopum
1212 3450 1318 3513 ianstis

104 3550 350 3627 lamationibusT
383 3547 505 3624 (πολλὰ
527 3544 595 3638 ἔτη)
617 3552 777 3632 Evangelio
800 3552 837 3614 ab
859 3552 1012 3635 Episcopo
1034 3552 1156 3615 Ioannis
1178 3569 1251 3613 voce
1273 3551 1317 3613 Ιο.

105 3654 138 3717 ts
167 3653 295 3714 salutato
325 3664 355 3714 et
375 3672 430 3733 per
453 3654 609 3716 ecclesiam
633 3654 733 3716 delato
755 3673 860 3717 omnes
883 3653 1013 3716 subeunt
1033 3648 1071 3715 τὸ
1093 3645 1187 3736 ἅγιον
1207 3653 1317 3738 βῆμαε

105 3754 186 3816 rtiiex
216 3773 286 3815 vero
314 3774 401 3816 cereo
428 3755 544 3817 bisulco
574 3747 734 3840 (δικηρίῳ)
756 3756 855 3834 signat
875 3753 1077 3835 Evangeiium
1100 3751 1201 3833 itaquo
1222 3750 1318 3813 mani·

105 3864 141 3917 tat
161 3850 242 3938 ,miv
264 3847 455 3940 φοιταογίαν
479 3851 536 3920 διὰ
557 3858 616 3940 τῆς
638 3848 925 3941 ἕνανθριοπήσεσις
945 3857 1006 3920 τοῦ
1028 3853 1168 3942 διφυοῦς
1179 3845 1320 3938 Ἰησοῦ.“

139 4112 162 4170 l)
192 4111 274 4161 Oratio
293 4111 354 4161 tertii
372 4109 513 4173 Antiphoni:
533 4101 547 4157 ὸ
565 4105 614 4165 τὰς
630 4103 723 4166 κοινὰς
740 4101 838 4166 andrae
854 4108 910 4160 ιιιλ.
928 4119 1023 4176 recepta
1042 4109 1120 4159 estin
1137 4106 1250 4172 precihus
1267 4120 1320 4156 me·

105 4194 135 4245 nis
152 4205 175 4246 et
192 4196 334 4260 vespertinis
351 4195 470 4257 Litnrgiae
488 4194 631 4257 Angiicenae
649 4196 707 4245 Cod.
726 4196 771 4246 Lit.
789 4195 830 4244 lii.
849 4194 942 4260 pdiss.

138 4279 161 4339 2)
180 4281 382 4331 Monrawiett
406 4279 521 4329 Moratt
539 4294 562 4344 p.
574 4279 620 4329 15:
639 4280 706 4341 „ond
725 4295 751 4329 er
769 4287 895 4330 entrrortet
912 4280 959 4331 den
969 4277 1100 4339 stratigon
1119 4277 1162 4326 mit
1179 4273 1318 4325 demseibon

105 4364 179 4426 asche,
203 4365 282 4415 indem
301 4379 327 4414 er
345 4365 388 4414 mit
405 4365 459 4414 dem
478 4364 681 4414 ailerirommsten
699 4364 783 4415 Kaiser
801 4365 906 4428 anitngt,
931 4362 1026 4415 norant
1042 4363 1085 4413 der
1102 4361 1192 4412 iiiacon
1210 4359 1259 4410 ond
1276 4357 1320 4409 der

105 4460 121 4494 tr
135 4449 175 4499 des
193 4449 296 4512 Uabrige
314 4451 375 4501 nach
393 4450 441 4500 ihm
460 4449 509 4500 lant
527 4447 719 4513 anseprechen.“
