3044 4912
703 241 776 316 531

105 429 183 510 τοῖς
204 419 313 522 νόμῳ
338 419 464 525 γάμου
490 424 783 521 συναπτομένοις
806 421 975 520 ἀλλήλοις
998 423 1062 499 καὶ
1087 422 1233 517 μισθὸν
1259 423 1377 523 ὥςπερ

105 526 305 620 Ξπονίμιον
338 525 465 608 αὐτοῖς
498 524 566 599 τὸν
597 533 661 623 τῆς
693 522 951 627 σωφροσύνης,
986 524 1043 600 ὅτι
1069 523 1170 628 ἅγιοι
1194 525 1285 625 πρὸς
1309 526 1377 603 τόν

105 628 178 707 ind
205 635 276 703 σοῦ
301 626 610 722 νομοθετηθέντα
643 623 770 730 γάμον
803 623 1074 726 συνήσθησαν·
1111 627 1224 713 αὐτὸς
1246 627 1312 704 καὶ
1336 631 1378 705 ἐν

105 738 147 828 τῇ
178 726 279 805 λάσει
310 724 614 826 τῶνπαρόντων
640 725 840 827 στεφάνων
862 727 951 812 τοὺς
975 730 1243 828 συναφθελτας
1268 727 1377 828 ἀλλή-
1465 752 1470 759 ·

105 841 182 916 λοις
207 828 408 933 εὐλόγησαν
432 828 496 904 καὶ
519 828 590 926 τὴν
615 829 838 929 συνάφειαν
853 831 983 908 αὐτῶν
1007 827 1268 908 ἀδιάσπαστον
1292 830 1378 907 διά

105 933 279 1032 τήρησον,
311 933 375 1006 ίνα
410 931 657 1029 εὐχαριστῶσι
689 931 893 1017 διαπαντὸς
924 939 979 1029 τῷ
1013 933 1186 1036 παναγίῳ
1219 929 1378 1028 teutpert

105 1058 190 1124 του,
223 1041 292 1109 τοῦ
326 1032 476 1131 πατρὸς,
508 1032 573 1107 καὶ
604 1041 672 1109 τοῦ
705 1035 805 1125 υἱοῦ,
836 1033 993 1110 καὶτοῦ
1018 1032 1129 1137 ἁγίου
1154 1029 1375 1130 πνεύματος,

105 1145 179 1213 νῦν
204 1134 268 1210 καὶ
294 1134 363 1224 ἀεὶ,
388 1133 452 1209 καὶ
477 1138 527 1219 είς
551 1134 638 1220 τοὺς
664 1140 806 1220 arenae
828 1145 908 1212 τῶν
935 1131 1096 1212 aldene.
1141 1131 1268 1233 Ἀμήν.

190 1232 329 1335 Εἰρήνη
355 1244 480 1312 πᾶσιν.
536 1235 611 1321 Τὰς
634 1237 799 1337 κεφαλὰς
822 1236 934 1333 ὑμῶν
958 1244 1012 1335 τῷ
1038 1237 1168 1338 Κυρίῳ
1192 1236 1351 1313 ιιλίνατε.

191 1336 395 1465 Σάμμωνα
420 1335 717 1435 καταντήσαντες
742 1339 778 1415 οἱ
803 1338 932 1415 δοῦλοι
958 1362 1040 1428 σου,
1067 1335 1194 1437 Κύριε,
1220 1336 1284 1413 καὶ
1309 1339 1378 1436 τὴν

105 1441 341 1516 ἄκολουθιαν
366 1439 614 1525 ἐκτελέσαντες
645 1448 713 1516 τοῦ
738 1442 779 1516 ἐν
805 1447 913 1538 Κανᾷ
938 1436 1065 1542 γάμου
1089 1449 1154 1537 τῆς
1178 1440 1379 1526 Γαλιλαίας

105 1541 171 1619 καὶ
205 1540 461 1626 συστέλλοντες
494 1539 541 1615 τὰ
574 1542 658 1616 κατ’
689 1542 806 1617 αὐτὸν
839 1539 1025 1639 σύμβολα,
1056 1538 1175 1628 ’δόξαν
1200 1565 1259 1618 σοι
1284 1542 1378 1618 ἀνα-

105 1643 300 1740 πέμπομεν
326 1651 380 1741 τῷ
406 1642 531 1738 πατρὶ,
555 1643 690 1741 καὶτῷ
706 1645 792 1743 υἱῷ,
817 1645 950 1742 καὶτῷ
968 1641 1064 1744 άγίῳ
1082 1640 1278 1742 πνεύματι,
1304 1653 1378 1720 νῦν

105 1744 170 1822 eat
196 1745 265 1833 ἀεὶ,
291 1741 354 1820 καί
379 1748 430 1828 είς
452 1742 539 1829 τοὺς
564 1748 703 1830 αλῶνας
726 1753 805 1822 τῶν
830 1741 991 1821 eterno.
1000 1746 1023 1842 ¹)

538 1876 609 1946 Καὶ
630 1875 756 1965 γίνεται
777 1872 952 1957 ἀπόλυσις.

115 2156 122 2167 ι
377 2068 417 2140 Ι).
469 2062 714 2164 Κεφάλαια
747 2063 851 2165 περὶ
886 2060 1110 2166 άιγάμυιν.

105 2208 119 2275 ξς
193 2193 390 2286 Κεφάλαιον
423 2195 620 2288 Νικηφόρον
652 2195 858 2288 πατριάρχου
885 2192 1285 2279 Κονσταυτινουπόλεως,
1318 2201 1380 2265 τοῦ

107 2292 325 2389 όμσλυγητοῦ.

192 2396 231 2467 Ὁ
259 2399 399 2488 δίγαμος
424 2396 463 2468 σά
493 2406 731 2491 περαιοῦται,
760 2397 928 2468 ἀλλὰκαὶ
955 2396 1155 2485 ἐπιτιμᾶται
1179 2398 1379 2484 μεταλαβεῖν

106 2506 175 2569 τῶν
197 2497 365 2591 άχράντων
384 2499 571 2592 μυστηρίων
593 2500 649 2593 ἔτη
672 2499 743 2570 δάο.
776 2497 815 2569 ‘0
836 2500 874 2569 δὲ
894 2496 1063 2590 τρίγαμος,
1085 2496 1123 2568 ε’.

190 2597 244 2669 Ἐκ
264 2608 329 2669 τῶν
351 2599 559 2690 ἀποκρίσεων
579 2609 640 2671 τοῦ
659 2599 823 2693 μακαρίου
844 2599 976 2691 Neudros
995 2594 1257 2688 Μετροπολίτου
1276 2594 1380 2689 Ἡρα-

105 2701 230 2784 κλείας,
253 2702 291 2785 ἐξ
310 2695 354 2771 ὧν
374 2699 533 2795 ἠρωτήθη
554 2703 649 2792 παρὰ
668 2710 729 2773 τοῦ
749 2701 1000 2772 Κωνσταντίνου
1023 2699 1222 2772 ἐπισκόπου.

110 2897 158 2947 erie
186 2894 305 2944 ieeinndis
332 2895 440 2945 etteudit.
477 2896 562 2947 Preces
585 2905 656 2946 etrsm
681 2902 800 2946 extremes
818 2895 938 2946 unctionis
956 2903 1050 2960 septem
1067 2896 1153 2945 diebus
1171 2902 1316 2959 propepeus
1333 2893 1380 2944 eii·

108 2980 209 3046 qeeudo
234 2979 317 3039 inisse,
342 2979 515 3031 ebserreednm
540 2981 653 3030 occurrit.
688 2980 740 3030 Noe
766 2982 884 3030 minorem
903 2981 983 3043 iteqne
1001 2994 1059 3044 pree
1077 2978 1233 3028 aeramentis
1251 2977 1306 3027 eiiis
1324 2991 1379 3027 enm
1441 3031 1445 3036 ,

108 3063 291 3115 matrimonium
315 3062 465 3114 devotionem
489 3067 596 3129 exquirat
621 3073 644 3114 et
667 3072 747 3114 cestus
765 3065 853 3115 'iobirs
878 3063 1002 3127 productis
1025 3077 1069 3125 per
1086 3071 1179 3126 septem
1197 3060 1248 3110 dies
1266 3060 1379 3125 precibus

108 3148 217 3213 eeeiepii
241 3149 425 3213 prosperitetem
445 3164 458 3198 e
476 3149 525 3198 iter
544 3150 576 3198 sit
592 3157 726 3199 merertns:
750 3146 850 3212 eeqnsie
869 3146 985 3211 temporis
1003 3146 1107 3210 spetinm
1127 3143 1268 3207 coningibus
1286 3151 1313 3195 nt
1329 3142 1378 3195 dieo

108 3246 209 3301 'eque
235 3238 319 3283 eeeeret
343 3231 471 3295 resipuerit
497 3232 608 3282 ecclesie.
643 3231 754 3292 Coronis,
782 3231 937 3281 erstimeuiee
960 3230 1064 3280 testibus
1087 3229 1236 3280 conservetis
1260 3220 1378 3301 enimin

108 3316 259 3371 oeeieetidns
283 3330 312 3367 se
334 3319 431 3383 penites
455 3323 565 3366 eroeetos
584 3330 631 3365 non
649 3316 725 3365 inisse
743 3316 886 3381 profitentur
903 3322 927 3364 et
944 3313 1058 3379 deinceps
1076 3312 1183 3365 iemiiiee
1201 3327 1273 3364 eures
1289 3310 1379 3363 dieite·

109 3400 184 3453 tenet
207 3414 261 3451 eum
285 3400 398 3466 precibus
422 3408 445 3451 et
468 3399 584 3451 ecelesiee
603 3400 768 3451 benedictione
787 3399 843 3449 iiios
860 3399 982 3464 deponere
1000 3399 1045 3451 eibi
1064 3399 1138 3451 iioere
1155 3396 1294 3463 exoptent.“
1329 3396 1378 3447 lem

108 3484 263 3551 eirenetum
281 3493 319 3535 eet
335 3499 418 3549 supre,
434 3500 497 3536 nune
513 3478 562 3547 τὴν
579 3481 633 3533 τῶν
650 3477 799 3551 στεφάνων
814 3472 895 3533 λύσιν
912 3484 1020 3549 proxime
1037 3483 1152 3549 subsequi
1171 3482 1317 3533 matrimonii
1334 3481 1379 3530 be·

110 3570 279 3623 eedieriousm.

109 3656 113 3667 “
198 3653 223 3713 i)
241 3653 379 3705 Goerus:
403 3654 447 3714 ont
472 3654 555 3719 nuptui
580 3652 652 3703 diiem
677 3653 748 3713 inest,
773 3667 826 3704 eom
851 3666 925 3717 proeo
945 3653 974 3703 de
992 3651 1048 3702 dote
1066 3650 1175 3701 convenit
1192 3657 1217 3701 et
1233 3648 1379 3716 stipuletnr;

110 3738 152 3804 qui
170 3739 227 3803 quie
245 3737 349 3802 spondet
366 3739 521 3802 sponseiibns
539 3753 628 3788 nomen
646 3739 761 3802 imponit:
785 3738 809 3788 iu
827 3737 913 3801 quibus
932 3737 1002 3786 etiern
1021 3736 1114 3799 sponsi,
1138 3741 1163 3784 ut
1180 3749 1247 3797 enee,
1270 3734 1301 3784 ite
1320 3749 1380 3784 con-

111 3823 227 3875 eordibns
245 3823 331 3873 enimis
348 3824 497 3887 conspirent,
514 3815 654 3889 σύμφωνα
671 3819 833 3873 καταντῶσι.
869 3821 996 3872 Contreetn
1015 3827 1094 3870 eutem
1112 3818 1220 3884 quolibet
1238 3820 1381 3870 eoudrmeto

111 3907 149 3958 rei
167 3909 259 3969 integre
277 3907 412 3967 oboriente,
431 3908 485 3971 quie
503 3908 612 3972 pignore,
636 3907 739 3971 ddeiqne
756 3904 864 3970 sprnboie
882 3904 1025 3971 stipulentur
1043 3918 1119 3968 penes
1136 3917 1163 3952 se
1181 3905 1313 3969 recipiunt:
1338 3918 1382 3955 eo·

111 3993 180 4043 ronis
205 4000 334 4056 proptereo
358 3993 496 4057 sponsionis
520 3994 582 4041 iuter
605 3999 693 4054 nuptos
719 3997 785 4040 estse
810 3998 833 4039 et
851 3996 1030 4040 consummetur
1048 3996 1071 4039 et
1088 3989 1203 4053 deinceps
1221 3987 1268 4038 fide
1285 3987 1381 4038 sineere

110 4076 300 4137 consenserere,
325 4078 423 4140 pignore
449 4078 494 4140 ipsi
519 4077 602 4139 spousi
622 4083 703 4125 mutuo
721 4075 766 4125 sihi
785 4073 896 4134 reddunt,
921 4074 977 4124 dnm
995 4073 1036 4123 iile
1055 4088 1068 4123 e
1086 4074 1163 4137 sepite
1181 4072 1227 4122 eibi
1245 4072 1304 4122 seiri
1322 4086 1380 4135 per·

111 4161 226 4223 mittun13
250 4169 353 4226 tuncque
378 4162 441 4225 qnod
461 4161 499 4210 hic
517 4160 602 4210 dieitur
618 4156 795 4208 συστέλλουσι
812 4151 844 4207 τά
862 4151 931 4206 κατά
949 4147 1044 4224 γάμον
1061 4150 1196 4221 σύμβολα.
1231 4156 1265 4205 λά
1284 4155 1380 4205 litorum

112 4259 178 4306 roro,
204 4245 224 4294 si
244 4260 321 4309 poene
340 4260 439 4309 sponso,
458 4260 470 4293 ι
489 4245 578 4309 nuptiis
596 4242 759 4311 resilienti-‚ex
776 4251 858 4293 mutuo
878 4256 996 4292 consensu
1015 4243 1136 4305 impositu,
1160 4241 1247 4305 pignus
1265 4240 1295 4289 eb
1314 4247 1381 4289 utre-

112 4342 160 4394 que
183 4338 254 4393 perte
278 4329 349 4379 fuerit
373 4330 516 4393 depositum,
541 4330 634 4377 iirmrto
659 4320 756 4379 coronis
773 4328 878 4392 eeeeptis
897 4327 1026 4387 connubio,
1045 4339 1126 4375 eernm
1145 4324 1296 4389 edemptione
1314 4325 1381 4375 omni

112 4427 212 4478 quoque
238 4414 389 4479 προςτίμου
412 4415 501 4462 ineture
526 4412 650 4463 solvuntur
673 4412 831 4477 stipulentur:
858 4412 888 4462 de
911 4427 959 4477 qno
986 4410 1086 4476 legende
1104 4410 1179 4461 dieeii
1196 4407 1294 4460 Nereiie
1319 4409 1381 4460 leeris

114 4498 200 4548 Greee.
219 4496 293 4547 tint.
