3044 4912
593 1168 819 1261 CAPUT
861 1170 914 1261 V.

335 1374 715 1442 ΑποΔσιιιιιοΝ
738 1378 771 1439 s,
802 1374 1177 1440 οοιιιιπιοιιισιι.

211 1576 343 1667 Habent
364 1605 468 1666 Graeci
497 1596 705 1668 ἆπόδειπνον
729 1596 826 1686 μέγα,
855 1603 935 1684 quod
964 1601 1108 1664 adhibent
1130 1612 1266 1684 temporo
1287 1603 1372 1667 ieiunii

122 1716 155 1770 et
181 1696 391 1771 ἆπόδειπνον
416 1699 543 1787 μικρόν,
575 1705 714 1767 usitatum
746 1704 813 1766 aliis
842 1704 948 1766 diebus
977 1703 1132 1766 ferialibus
1155 1714 1246 1784 atque
1266 1705 1373 1769 festivis
1420 1772 1423 1793 1

121 1808 202 1871 Infra
225 1808 331 1870 damus
354 1808 586 1888 completorium
608 1806 717 1879 minus,
741 1806 852 1888 quippe
874 1805 954 1886 quod
976 1805 1210 1885 permaximam
1232 1808 1302 1871 οιιιιί
1320 1824 1374 1890 ρει·
1421 1796 1423 1871 ζ

123 1918 183 1972 tem
204 1908 357 1971 recitatur.

206 2009 327 2073 Modum
353 2010 516 2073 inchoandi
545 2010 674 2071 officium
703 2008 905 2071 enarravimus
933 2026 1024 2091 supra
1051 2026 1148 2088 neque
1179 2017 1226 2072 est
1253 2010 1330 2090 quod
1350 2009 1374 2071 in

123 2110 251 2191 singulis
271 2111 356 2175 horis
379 2122 559 2193 repetamus.

208 2212 370 2275 Cantantur
391 2224 462 2295 post
482 2232 589 2294 preces
612 2211 726 2274 exordii
743 2211 851 2272 Ρειιιιι.
867 2212 924 2273 51:
947 2202 1083 2296 ἐλέησόν
1103 2230 1146 2290 με
1167 2201 1289 2288 sesag
1308 2202 1375 2274 ιισιιλ

121 2308 162 2377 τὰ
182 2308 268 2397 μέγα
289 2306 382 2389 ἔλεός
404 2334 475 2378 σου.
518 2315 628 2378 ΡεοΙιιι.
646 2317 700 2378 7οε
729 2304 748 2376 ὁ
774 2307 860 2387 Θεὸς
887 2302 935 2386 εἰς
955 2305 1014 2395 τὴν
1034 2304 1202 2397 βοήθειάν
1221 2332 1287 2395 μου
1306 2302 1376 2395 πρό-

120 2434 206 2493 σχες.
250 2414 360 2477 ΡειΙιιι.
382 2418 459 2480 143:
492 2409 598 2499 Κύριε
626 2406 816 2489 εἶςάκονσον
845 2414 905 2496 τῆς
932 2415 1114 2498 προςεοχῆς
1132 2434 1211 2495 μου.
1254 2414 1376 2497 Sequitur

121 2516 285 2594 Doxologia
317 2508 412 2591 Δόξα
443 2511 478 2578 έν
509 2508 668 2603 ὑψίστοις
697 2515 773 2599 Θεῷ
801 2506 850 2589 εἰς
877 2506 978 2590 δόξαν
1001 2514 1089 2579 Θεοῦ
1116 2509 1257 2600 πατρός.
1290 2506 1376 2598 Ἀμην

122 2634 190 2677 cum
213 2616 370 2677 versiculis
392 2636 408 2677 e
430 2617 558 2678 Psalmis
580 2616 729 2677 delibatis.

208 2715 371 2793 iunguntur
403 2718 499 2779 Credo
532 2718 715 2790 Nicaenum,
748 2715 933 2795 'l‘risagium‚
967 2710 1125 2800 Παναγία
1145 2711 1243 2800 τριάς
1274 2738 1304 2799 p.
1319 2718 1376 2783 286.

123 2815 227 2877 Oratio
246 2818 409 2893 Dominica‚
434 2817 658 2897 Troparium
682 2818 773 2878 feriae
796 2818 842 2878 vel
864 2819 941 2881 festo
966 2819 1147 2880 conveniens
1172 2830 1202 2881 ει
1225 2827 1295 2900 post
1315 2836 1376 2881 ιιοιι-

124 2917 220 2980 nullas
241 2920 429 3000 Antiphonas
459 2921 533 2981 haec
562 2919 658 2981 oratio
687 2919 722 2980 ad
745 2919 865 2980 Beatam
888 2919 1047 2999 Virginem,
1078 2940 1093 2982 a
1122 2920 1217 2982 Paulo
1246 2918 1377 2984 monacho

122 3020 275 3082 confecta:
290 3011 445 3099 ’Ἀσπιλα
470 3013 641 3101 ἀμόλσντε,
666 3008 811 3104 ι’ληιθορε,
834 3010 982 3104 ἶν’χραντε,
1002 3013 1098 3105 Ἁγνὴ
1113 3019 1285 3102 Παρθένε,
1310 3012 1381 3086 Θεό-

122 3140 230 3205 νυμφε
258 3117 442 3186 Δέσποινα.
483 3115 528 3185 Ἡ
554 3118 639 3187 Θεὸν
665 3116 783 3204 Λόγον
810 3123 882 3196 τοῖς
908 3114 1113 3202 ἀνθρώποις,
1143 3126 1183 3208 τῇ
1211 3117 1381 3207 παραδόξῳ

122 3241 183 3284 σου
210 3217 324 3306 νοήσει
351 3217 518 3299 ἑνῶσασα,
545 3220 602 3287 καὶ
629 3218 688 3306 τὴν
709 3215 931 3287 ἀπωσθεῖσαν
952 3218 1053 3307 φύσιν
1073 3226 1134 3286 τοῦ
1155 3220 1272 3306 γένους
1291 3219 1382 3311 ἡμῶν,

122 3323 194 3397 τοῖς
221 3315 388 3407 οὐρανίοις
414 3319 604 3410 συνάψασα.
645 3318 690 3386 Ἡ
714 3326 779 3386 τῶν
805 3316 1066 3408 ἀπηλπισμένων
1091 3317 1175 3410 μόνη
1204 3322 1312 3404 ἐλπὶς,
1338 3320 1385 3389 καὶ

122 3428 188 3487 τῶν
208 3422 467 3506 πολεμουμένων
486 3421 643 3510 βοήθεια.
672 3418 718 3486 Ἡ
736 3418 852 3511 ἑτοίμη
875 3418 1052 3513 ἀντίληψις
1073 3428 1137 3487 τῶν
1160 3420 1210 3501 εἷς
1231 3423 1271 3490 σέ
1292 3447 1387 3513 προς-

121 3518 309 3609 τρεχόντων,
337 3523 394 3590 καὶ
425 3521 560 3590 πάντων
586 3531 651 3590 τῶν
672 3529 884 3611 Χριστιανῶν
912 3522 952 3590 τὸ
973 3520 1187 3611 καταφύγιον.
1231 3525 1296 3613 Μὴ
1318 3527 1388 3610 βδε-

121 3620 201 3715 λύξη
215 3647 259 3708 με
272 3623 330 3690 τὸν
344 3621 550 3713 ἁμαρτωλὸν,
572 3623 629 3692 τὸν
644 3623 753 3713 ἐναγῆ,
769 3624 826 3691 τὸν
843 3622 991 3712 αἰσχροῖς
1006 3625 1187 3710 λογισμοῖς,
1202 3625 1261 3693 καὶ
1275 3624 1390 3715 λόγοις,

120 3723 178 3792 καὶ
203 3722 373 3812 πράξεσιν,
402 3725 481 3793 ὅλον
508 3725 651 3812 ἐμαυτὸν
679 3723 921 3814 ἀχρειώσαντα·
948 3726 1006 3792 καὶ
1033 3732 1073 3814 τῇ
1099 3732 1165 3792 τῶν
1185 3722 1317 3814 ἡδονῶν
1336 3732 1391 3796 τοῦ

120 3823 198 3910 βίον
220 3824 383 3918 ῥᾳθυμίᾳ,
406 3826 516 3918 γνώμη
539 3830 659 3896 δοῦλον
680 3825 861 3914 γενόμενον.
888 3823 976 3896 Ἀλλ’
1000 3824 1046 3907 ῶς
1065 3834 1126 3895 τοῦ
1148 3827 1393 3919 φιλανθρώπου

126 3931 213 3995 Θεοῦ
235 3926 368 4019 Μήτηρ,
393 3927 646 4019 φιλανθρώπως
667 3926 931 4018 σπλαγχνέσθητι
953 3925 1006 3996 ἐπ’
1031 3926 1106 4013 ἐμοὶ
1127 3936 1175 4018 τῶ
1198 3925 1393 4020 ἁμαρτωλῷ,

122 4027 179 4095 καὶ
206 4024 334 4118 ἀσώτῳ,
363 4030 420 4098 καὶ
447 4031 541 4111 δέξαι
567 4056 633 4116 μου
654 4030 713 4120 τὴν
735 4030 771 4099 ἐκ
792 4037 949 4119 ῥυπαρῶν
968 4029 1104 4112 χειλέων
1124 4031 1396 4123 προςφερομένην

122 4152 178 4196 σοι
200 4129 322 4219 δέησιν.
364 4132 436 4198 Καὶ
456 4132 514 4199 τὸν
535 4131 596 4201 σὸν
621 4130 709 4213 Υλὸν,
731 4133 788 4200 καὶ
809 4129 901 4221 ἡμῶν
922 4129 1099 4222 Δεσπότην
1120 4132 1177 4199 καὶ
1197 4130 1337 4220 Κύριον,
1358 4140 1397 4223 τῇ

122 4238 262 4321 μητρικῇ
288 4256 349 4300 σου
375 4231 546 4325 παρρησίη
570 4233 730 4322 χρωμένη,
759 4230 970 4321 δοςώπησον,
997 4234 1053 4300 ἵνα
1081 4232 1196 4323 ἅνσλξη
1224 4230 1330 4325 κᾷμοὶ
1355 4236 1397 4303 τὰ

124 4330 353 4420 φιλάνθρωπα
380 4333 550 4424 σπλάγχνα
576 4342 635 4424 τῆς
663 4330 766 4402 αὐτοῦ
793 4330 1013 4425 ἆγαθότητος.
1060 4333 1128 4401 Καὶ
1155 4333 1312 4422 παριδών
1331 4361 1397 4421 μου

124 4428 167 4498 τὰ
189 4427 401 4526 ἅναρλθμητα
421 4434 627 4523 πταίσματα,
656 4435 845 4527 ἐπιστρέψῃ
866 4462 909 4522 με
929 4437 1016 4529 πρὸς
1035 4434 1225 4523 μετάνοιαν,
1254 4438 1312 4505 καὶ
1333 4444 1399 4504 τῶν
