3044 4912
818 258 892 332 300

216 436 333 511 ἐλπίδι
353 436 564 520 ἀναστάσεως
586 439 671 530 ζωῆς
692 435 828 508 αἰωνίου
849 438 1093 530 κεκοιμημένων
1105 437 1287 529 Πατάρων,1
1299 437 1358 506 καί
1374 433 1468 529 Ἀδάμ

217 548 291 633 φῶν
316 540 418 633 ἡμῶν,
447 540 504 609 καί
524 539 659 607 πάντων
679 546 746 607 τῶν
768 541 803 609 ἐν
825 537 986 631 εὐσεβείᾳ,
1014 539 1071 609 καί
1092 537 1207 608 πίστει
1226 539 1470 608 τελειωθέντων

216 640 274 712 καί
302 641 509 730 συγχώρησον
537 637 652 722 αὐτοῖς
677 647 747 710 πᾶν
768 642 994 733 πλημμέλημα
1016 638 1167 710 ἑκούσιόν
1186 666 1223 709 τε
1243 640 1302 711 καί
1323 635 1469 735 ἀκούσιοι,

217 745 253 813 έν
280 739 378 832 λόγῳ,
404 740 427 832 ἢ
457 740 552 832 ἔργῳ,
580 739 602 835 6
629 742 714 810 κατά
742 742 895 835 διάνοιαν
914 743 1156 833 πλημμεληθὲν
1176 739 1234 810 ὑπ’
1258 737 1377 811 αἰτῶν.
1416 739 1470 811 Καί

215 844 468 933 κατασκήνωσον
498 842 619 924 αὐτοὺς
645 845 680 912 έν
707 840 829 926 τύποις
856 849 1042 935 φωτεινοῖς,
1072 843 1106 911 ἐν
1127 841 1248 924 τόποις
1266 840 1471 930 χλοεραῖςίι

214 944 338 1027 τόποις
358 939 563 1036 ἀναψύξεως,
587 942 673 1014 ἔνθα
695 941 828 1034 ἀπέδρα
849 952 945 1014 πάσα
966 942 1077 1034 δδύνη,
1099 942 1188 1035 λύπη
1208 945 1267 1014 καὶ
1290 941 1471 1032 στεναγμὸς·

214 1045 304 1117 ὅπου
326 1044 346 1136 6
369 1046 537 1172 έπισκοπὴ
559 1054 620 1116 τοῦ
640 1046 824 1136 προςῶπου
846 1072 906 1116 σου
928 1043 1100 1171 εὐφραίνει
1122 1044 1252 1126 πάντας
1266 1046 1347 1126 τοὸς
1360 1041 1418 1119 ἀπ’
1433 1042 1473 1112 αἰ-

215 1148 300 1272 (6609
317 1143 449 1236 Ἀγίδος
470 1169 541 1214 σου.
572 1144 724 1271 >Χάρισαι
747 1146 861 1274 αύτρῖς
881 1148 939 1218 καί
958 1145 1037 1237 ημῖν
1057 1147 1116 1238 τὴν
1137 1144 1335 1215 Βασιλείαν.
1332 1145 1472 1228 -κσίσου,

214 1250 275 1339 την
300 1249 439 1335 μέθεξιν
472 1255 537 1316 τῶν
562 1243 743 1373 ἀφράστων
770 1251 827 1320 καί
849 1247 991 1318 αἰωνίων
1012 1272 1072 1316 σου
1095 1244 1243 1343 ἀγαθῶν,
1272 1249 1410 1337 καὶτῆς
1427 1254 1472 1336 τῆς

216 1348 417 1475 ἀπεράντου,
439 1350 497 1418 καί
516 1348 682 1474 μακαρίας
704 1351 845 1441 ζωῆς
809 1377 869 1441 την
891 1348 1089 1419 ἀπόλαυσιν.
1117 1348 1165 1417 Σὸ
1185 1350 1248 1438 γὰρ
1271 1344 1343 1439 εἰη
1333 1343 1470 1439 ‘6666
1512 1378 1516 1441 η

217 1449 398 1531 ἀνάστασις
425 1451 482 1519 καὶ
509 1449 528 1541 6
552 1447 741 1531 ἀνάπαυσις
762 1459 827 1519 τῶν
849 1451 1091 1542 κεκοιμημένων
1112 1449 1239 1518 δούλων
1261 1474 1335 1532 σου,
1363 1448 1471 1536 Χρωτί
1512 1446 1516 1459 ’

216 1552 235 1621 6
261 1551 385 1633 Θεὸς
366 1560 469 1641 ημῶν,
490 1552 547 1620 καί
568 1551 623 1619 σοί
643 1552 702 1640 τὴν
724 1550 866 1634 δόξαν’
847 1553 1098 1640 αναπέμπομεν,
1125 1553 1184 1621 σὸν
1205 1558 1253 1641 τῷ
1275 1548 1406 1640 ἀνάρχφ
1425 1574 1469 1618 σου

215 1654 337 1740 Πατρὶ,
366 1653 424 1721 καί
452 1660 500 1741 τῷ
528 1652 690 1742 παναγίῳ,
717 1654 775 1722 καὶ
802 1650 932 1743 ἀγαθῷ,
959 1656 1016 1723 καὶ
1044 1656 1201 1744 ζωοποιῷ
1223 1677 1284 1721 σου
1305 1651 1469 1738 Πνεύματι,

217 1762 281 1836 νῦν,
304 1754 360 1829 καί
382 1751 445 1836 ἀεί,
466 1754 524 1823 καί
545 1752 594 1835 εἰς
613 1756 691 1834 τοὸς
713 1753 837 1880 αἰῶνας
857 1762 922 1829 τῶν
944 1753 1083 1825 αἰώνων.
1115 1753 1232 1879 Ἀμην.

299 1861 418 1923 Desinit
443 1856 481 1925 τὸ
509 1854 762 1981 μερονυκτικόν
764 1871 797 1923 ut
818 1853 1055 1925 ἀπδδειπνσν
1047 1881 1079 1923 1n
1100 1856 1315 1946 συγχιί,ρησιν
1343 1851 1469 1924 δνιτενίαι

214 1974 244 2024 ει
267 1962 445 2043 suspirium:
469 1953 512 2025 66
536 1954 637 2041 εάχῶν
657 1964 722 2025 τῶν
743 1955 845 2077 ἁγίων
866 1983 1022 2046 πατερων
1042 1983 1074 2043 p
1089 1965 1192 2031 298.

301 2065 484 2126 Nocturnum
514 2063 637 2127 sabbati
670 2064 826 2145 proprium
848 2075 1008 2128 exornatur
1035 2065 1163 2127 Psalmis
1186 2067 1243 2128 65:
1277 2038 1336 2125 σοί
1361 2054 1468 2144 πρέπει

217 2159 318 2246 ἀμνος
339 2157 358 2228 6
382 2158 469 2240 Θεὸς
489 2159 525 2228 έν
544 2156 643 2229 Σιιδν.
686 2167 736 2229 Ρε.
753 2170 812 2232 66.
846 2158 1032 2242 ἀλαλάξατε
1059 2168 1107 2250 τῶ
1127 2159 1243 2249 Κυρίῳ
1270 2165 1368 2228 πᾶσα
1391 2154 1467 2247 676·

214 2268 265 2329 Ps.
282 2270 337 2332 67:
362 2258 484 2342 ὁΘεὸς
506 2259 710 2386 οἰκτείρησαι
730 2261 827 2351 ἡμᾶς.
856 2268 907 2329 Ps.
923 2257 1025 2331 68:'
1005 2260 1178 2351 αναστήτω
1201 2257 1219 2330 6
1239 2258 1326 2342 Θεὸς
1340 2260 1397 2330 καί
1410 2261 1467 2328 δισ-
1513 2292 1516 2299 ·

215 2362 517 2453 σκορπισθητωσαν
547 2360 582 2433 οἰ
609 2360 729 2451 ἐχθροί
756 2361 870 2432 αὐτοῦ.
913 2369 965 2432 Ps
979 2371 1035 2432 69:
1069 2360 1177 2431 σῶσόν
1204 2388 1248 2450 με
1276 2360 1294 2431 6
1321 2357 1443 2442 663³
1428 2382 1467 2428 οτι

215 2462 416 2553 εἰςήλθοσαν
438 2463 587 2532 ὸὸαταέ
586 2489 631 2543 ως
651 2471 760 2553 ψυχῆς
780 2492 857 2551 μου.
886 2471 937 2533 Ρε.
954 2474 1008 2534 70:
1033 2462 1204 2544 ὸΘεὸς’
1173 2489 1222 2544 εις
1242 2465 1303 2554 τὴν
1322 2456 1466 2577 βοήθειάν

212 2592 278 2652 μου
300 2565 452 2650 πρόσχες.
496 2570 648 2631 Accedunt
670 2571 792 2651 propria
815 2572 959 2651 Troparia
985 2581 1014 2633 et
1036 2572 1155 2633 Preces.

290 2661 445 2734 ’Ἀκτιστε
467 2664 578 2755 φύσις,
599 2662 618 2754 6
641 2674 708 2732 τῶν
728 2666 814 2734 ὅλων
836 2667 1043 2756 δημιουργὸς,
1065 2694 1107 2735 τα
1094 2663 1258 2757 χείληί
1247 2673 1331 2755 ημῶν
1346 2652 1464 2746 6066,

215 2765 311 2845 ὅπως
332 2764 636 2853 ἀναγγέλλωμεν
600 2793 660 2855 την
681 2764 805 2835 αἰνεσίν
826 2793 886 2836 σου
908 2776 1066 2854 βοῶντες·
1091 2767 1217 2856 ’Ἀγισς
1232 2766 1465 2854 Ἀγιος,’Ἀγι6

214 2863 245 2935 εἰ
267 2865 285 2936 6
310 2868 405 2948 Θεὸς,
430 2867 486 2935 διὸ
508 2875 567 2956 τῆς
590 2867 756 2937 Θεοτόκου
778 2869 913 2961 ἐλέησον
934 2867 1032 2958 ἡμᾶς.

303 2970 373 3049 Τὰς
394 2963 462 3036 ἀνω
483 2967 652 3056 Δυνάμεις
671 2970 872 3057 μιμούμενοι
894 2971 954 3039 ἐπὶ
975 2978 1043 3060 γῆς,
1076 2967 1239 3037 ἐπινίκιον
1261 2969 1364 3055 ύμνον
1383 2988 1465 3053 πρὸς·

216 3072 363 3163 φέρωμέν
383 3095 440 3139 σοι
462 3067 587 3159 ἀγαθέ·
603 3071 728 3160 Ἀγιος,
743 3071 869 3161 ’Ἀγιος,
884 3071 1001 3160 ’Ἀγιος
1022 3066 1053 3140 εἰ
1074 3069 1092 3141 6
1116 3072 1211 3153 Θεὸς,
1242 3071 1301 3139 διὸ
1320 3078 1379 3159 τῆς
1400 3074 1474 3138 Θευ·

214 3171 314 3241 τόκου
331 3169 473 3263 ’ἐλέησον
493 3171 591 3262 ἡμᾶς.

304 3281 372 3362 Τῆς
397 3271 507 3363 κλίνης
533 3274 677 3343 καὶτοῦ
704 3273 811 3344 ύπνου
841 3273 1010 3364 έξηγειράς
1035 3300 1078 3360 με
1098 3272 1212 3362 Κύριε,
1240 3273 1299 3342 τὸν
1325 3280 1401 3342 νοῶν
1417 3294 1468 3357 μου

216 3373 375 3468 φῶτισον,
404 3375 461 3443 καί
487 3376 547 3465 τὴν
567 3373 714 3460 καρδίαν,
737 3378 794 3445 καί
814 3378 856 3445 τὰ
875 3377 966 3468 χείλη
988 3402 1053 3464 μου
1075 3369 1217 3456 άνοιξον,
1245 3374 1295 3456 εἰς
1314 3376 1354 3444 τὸ
1375 3373 1471 3462 ύμνεῖν

216 3473 369 3564 σε”Ἀγία
393 3475 512 3564 Τριάς·
527 3476 652 3565 Ἀγιος,
667 3476 792 3565 Ἀγιος,
806 3476 922 3568 ’Ἀγιος
943 3474 973 3547 εἰ
994 3476 1012 3547 6
1037 3478 1132 3557 Θεὸς,
1160 3477 1218 3545 διὰ
1238 3484 1298 3566 τῆς
1322 3474 1472 3546 Θεοτόκου

217 3579 353 3670 ἐλέησον
374 3575 471 3667 ἡμᾶς.

301 3677 507 3768 Μεγαλύνων
533 3677 704 3769 μεγαλάνω
726 3704 763 3748 σε
784 3680 899 3769 Κύριε,
932 3679 985 3750 ὅτι
1007 3679 1139 3760 ἐσεῖδες
1161 3678 1221 3748 έπί
1241 3678 1302 3769 τὴν
1322 3677 1477 3748 ταπείνω·

216 3780 269 3851 σίν
296 3807 372 3869 μου,
400 3782 457 3849 καὶ
485 3777 523 3848 οδ
544 3780 755 3861 συνέκλεισάς
774 3808 816 3868 με
837 3781 886 3869 εἰς
904 3789 1017 3871 χεῖρας
1039 3781 1177 3870 ἐχθρῶν,
1206 3777 1278 3849 666
1303 3776 1478 3906 έσωσαςίη

216 3890 282 3951 τῶν
310 3881 458 3972 ἀναγκῶν
484 3883 544 3972 την
565 3882 678 4009 ψυχην
693 3909 769 3968 μου.
812 3884 940 3953 Καὶ
903 3912 958 3952 νυν
979 3883 1151 3965 Δέσποτα,
1181 3880 1384 3951 σκεπασάτω
1403 3907 1442 3968 με
1460 3906 1477 3968 η

215 3982 285 4074 χείρ
313 3984 469 4067 σου,καί
497 3982 641 4053 ἔλθετ’
624 4010 670 4052 επ
669 3982 761 4070 ἐμὲ
788 3985 827 4052 τὸ
850 3983 943 4065 ἔλεός
964 4010 1035 4066 σου,
1058 3981 1113 4054 ὅτι
1132 3983 1333 4073 τετάρακται
1353 3982 1374 4076 6
1398 3978 1479 4074 ψνχη

216 4111 292 4173 μου,
314 4112 371 4154 και
362 4082 616 4165 ὶῖκατῶδυνός
600 4111 699 4168 εστιν,
722 4086 757 4154 ἐν
777 4093 826 4176 τῷ
847 4083 1093 4211 ἕκπρρεύεσθαι
1113 4084 1216 4175 αὐτὴν
1238 4086 1274 4154 ἐκ
1287 4111 1349 4155 του
1332 4083 1482 4155 ἀθλίου

215 4213 281 4274 μου
302 4187 359 4256 καί
380 4193 531 4276 ῥυπαροῦ
553 4185 706 4274 σώματος
727 4185 863 4256 τούτου·
883 4185 1015 4277 μήποτε
1036 4184 1056 4277 6
1079 4189 1209 4278 πονηρὰ
1226 4194 1287 4256 τοῦ
1302 4184 1484 4272 ἀντικειμέ-

216 4314 275 4357 νου
296 4290 399 4378 βουλὴ
422 4287 604 4380 συναντήση
627 4287 718 4379 αὐτῇ,
745 4289 803 4358 καί
824 4285 1062 4380 παρεμποὸίση
1084 4289 1119 4358 έν
1140 4289 1260 4371 σκότει,
1292 4289 1351 4356 διὰ
1372 4290 1433 4369 τὰς
1452 4286 1487 4356 ἐν

217 4386 335 4480 ἀγνοίᾳ
354 4390 411 4458 καί
432 4388 550 4477 γνῶσει
572 4389 606 4459 έν
626 4398 674 4480 τῶ
694 4389 759 4481 βίῳ
779 4388 888 4480 τούτῳ
908 4390 1086 4479 γενομένας
1104 4416 1165 4477 μοι
1185 4388 1362 4478 ἁμαρτίας.
1376 4389 1488 4470 Ἵλεως

217 4497 312 4578 γενοῦ
332 4517 392 4576 μοι
405 4493 568 4562 Δέσποτα
588 4492 646 4562 καί
664 4493 709 4581 μὴ
733 4490 832 4562 ἰδέτω
854 4490 875 4581 6
897 4492 987 4586 ψυχή
1008 4518 1074 4581 μου
1088 4494 1146 4582 την
1160 4492 1393 4587 ζεζοφωμένην
1407 4487 1491 4584 ὄψιν

1507 2926 1516 3009 ἰ
