3044 4912
816 252 890 326 320

214 470 222 479 -
303 438 341 501 x.
362 437 710 510 Pentecostarium,
733 429 1118 523 Πεντηκοουάριον,
1142 437 1181 498 cl.
1203 456 1233 516 p.
1250 439 1323 502 228.

197 547 204 570 ‘
303 539 353 602 xl.
376 537 673 612 Paracletioum,
695 531 1026 625 Πυρακλητικόν,
1048 532 1274 624 wopand-poturi
1298 539 1319 600 i.
1335 557 1362 600 e.
1379 556 1477 602 conso·

217 640 345 705 letorius
368 652 398 702 et
418 639 640 720 imploratorius
663 639 750 703 liber.
785 639 859 702 Nam
883 640 982 702 omnia
1006 639 1134 720 quaein
1157 658 1193 702 oo
1216 651 1295 713 sunt,
1329 659 1366 702 ex
1387 640 1475 703 allatii

220 741 368 804 sententia
391 759 426 802 eo
449 741 574 803 maxime
597 750 733 822 spectare
754 743 900 816 ridentur,
922 751 954 804 ut
975 751 1163 822 peccatorem
1186 741 1390 815 consolentur,
1417 743 1474 804 bor·

217 852 319 905 tentor
350 850 379 903 et
413 845 497 922 quasi
526 843 553 903 vi
582 843 709 922 quadam
738 843 926 923 compellant,
959 853 992 904 ut
1018 843 1055 904 de
1077 843 1246 904 commissis
1268 844 1475 922 poenitentiam

219 954 297 1023 agat.
336 944 412 1005 Huic
433 943 522 1005 modo
545 944 716 1022 angelorum
740 963 837 1023 opem,
861 944 951 1006 modo
973 945 1142 1023 Martyrum,
1165 945 1255 1004 modo
1271 944 1474 1006 Conlessorun
1509 954 1518 1023 p

217 1046 402 1125 aliorumque
418 1045 604 1117 Sanctorum,
626 1055 716 1125 prout
738 1045 795 1106 diei
819 1045 904 1107 ouius
927 1045 1058 1106 osticium
1074 1044 1226 1116 recitatur,
1247 1045 1323 1107 ratio
1339 1046 1474 1127 exposcit
1509 1028 1518 1113 l

216 1147 298 1208 Haec
320 1146 356 1208 ad
379 1165 488 1211 nomeu
510 1148 670 1226 pertinent.
716 1146 802 1219 Quod
826 1147 863 1207 ad
886 1146 955 1207 libri
978 1157 1192 1224 argumentum,
1221 1148 1342 1224 quando
1365 1147 1397 1207 in
1419 1147 1474 1208 olfi-
1509 1152 1518 1213 'a

218 1247 275 1310 ciis
303 1246 412 1308 divinis
440 1247 555 1326 proprii
579 1247 715 1308 Capones
737 1257 767 1308 et
788 1246 931 1326 l'roparia
955 1247 1172 1319 desiderantur,
1195 1264 1272 1326 quae
1294 1248 1331 1308 ad
1354 1247 1474 1327 comple
1510 1266 1518 1337 p

198 1354 350 1413 ‘mentum
372 1348 465 1409 ollicii
487 1347 665 1426 pertineant,
688 1347 724 1409 ad
741 1348 954 1409 Paracleticum
978 1348 1162 1426 confugiunt,
1182 1347 1266 1428 quod
1283 1357 1368 1411 recto
1382 1349 1475 1429 appel·
1510 1340 1513 1345 ’

216 1449 272 1510 lari
295 1457 396 1528 potest
416 1449 733 1527 antiphonarium
756 1467 948 1510 commune
970 1462 1000 1510 et
1021 1449 1117 1510 leriali
1140 1458 1169 1511 et
1191 1449 1297 1510 festivo
1314 1441 1474 1512 officieba-

216 1550 348 1612 cessaria
369 1549 574 1628 suppeditans.
604 1548 751 1611 Dividitur
772 1551 802 1609 in
826 1559 893 1612 octo
908 1560 1020 1630 partes,
1044 1568 1117 1630 quas
1134 1549 1239 1612 Graeci
1253 1539 1364 1634 ἤχους,
1379 1570 1473 1624 εοοοι,

217 1649 380 1729 appellant.
403 1648 507 1730 ltaque
530 1650 662 1711 ollicium
684 1648 888 1711 hebdomadae
911 1651 1007 1712 octies
1028 1669 1084 1730 pro
1107 1669 1250 1713 sonorum
1270 1653 1416 1715 varietate
1432 1672 1473 1714 re-

219 1751 322 1812 cinunt
344 1751 393 1830 qui
417 1752 528 1830 optimc
549 1752 595 1813 vel
618 1750 709 1812 animi
738 1750 921 1815 alacritatem
944 1762 1137 1832 sanctamque
1152 1752 1297 1815 laetitiam
1313 1755 1474 1833 exprimunt
1512 1780 1518 1837 p

214 1852 260 1915 sel
287 1851 386 1913 luctus
413 1853 528 1932 spirant
555 1862 585 1915 et
605 1852 739 1914 iudicant
760 1853 944 1929 gravitatem.
988 1840 1184 1915 Ordo'otficit
1207 1854 1369 1933 diligenter
1390 1856 1473 1916 adno·
1513 1858 1518 1921 Ξ

212 1962 278 2015 tara
293 1952 379 2026 solet,
401 1972 436 2015 ex
452 1973 510 2034 quo
526 1972 602 2016 sono
617 1952 792 2015 Paracletici
809 1955 989 2034 antiphonae
1004 1973 1177 2017 communes
1193 1956 1367 2018 recitandae
1382 1959 1447 2018 sint
1454 1955 1473 2029 ¹)
1514 1940 1518 2018 ζ

212 2054 257 2114 td
281 2071 386 2115 manus
409 2067 487 2116 erat:
510 2049 744 2139 Παρακλητικῆ
768 2049 828 2117 σὺν
843 2055 919 2139 Θεῷ
941 2047 1024 2138 ἁγίῳ
1039 2051 1241 2138 περιέχουσα
1254 2053 1314 2141 τὴν
1328 2053 1473 2140 πρέπου-
1514 2080 1518 2111 τ

213 2173 276 2219 σαν
297 2146 380 2241 αὐτῇ
400 2146 469 2218 κατ’
492 2144 571 2239 ἦχον
591 2147 797 2219 ἀκολουθίαν
816 2154 896 2220 κτλ..
927 2157 1059 2218 Venetiis
1087 2160 1175 2222 1664.
1198 2158 1249 2220 lol.
1272 2162 1336 2223 400
1351 2175 1436 2240 pagg.

297 2258 360 2318 Xll.
383 2256 616 2329 Octoecbus,
636 2248 867 2340 Ὀκτοῆχος,
890 2258 977 2320 Russ.
1000 2258 1220 2335 Osmoglasoils,
1243 2262 1371 2322 multum
1392 2261 1473 2322 babet

212 2357 369 2421 affinitatis
391 2376 457 2420 cum
480 2359 688 2438 praecedente.
733 2359 770 2419 Et
791 2358 841 2418 bic
863 2358 940 2420 liber
961 2379 1015 2439 per
1036 2369 1105 2420 octo
1128 2379 1230 2433 sonos,
1258 2370 1390 2441 quatuor
1409 2379 1471 2441 pro-

211 2460 277 2538 prio
300 2459 345 2520 sic
367 2459 463 2520 dictos
479 2471 509 2521 et
524 2468 652 2539 quatuor
665 2459 805 2538 obliquos
820 2452 971 2541 (πλάγιοι
984 2461 1044 2522 τοῦ
1058 2455 1204 2542 πρώιον,
1228 2458 1386 2545 δευτέρου
1399 2459 1473 2538 xri.)

211 2559 380 2620 modulatur
402 2561 537 2621 Canopos
562 2572 591 2620 et
612 2561 756 2638 Troparia
788 2561 824 2619 de
848 2561 1012 2632 Communi,
1046 2562 1099 2622 sed
1133 2582 1167 2624 ea
1202 2573 1325 2636 tanturn,
1359 2581 1472 2645 quaea

203 2655 318 2740 'primis
341 2661 481 2738 Vesperis
503 2661 677 2720 Dominicae
700 2660 735 2720 ad
759 2661 846 2720 linem
870 2680 964 2740 usque
986 2663 1095 2723 Missae
1117 2664 1322 2726 decantantur.
1367 2667 1472 2727 Distin-

212 2761 311 2837 guitur
333 2760 363 2819 in
386 2761 540 2820 hodiernis
564 2760 707 2821 Octoechi
734 2761 916 2821 editionibus
939 2763 1120 2841 quadruplex
1143 2765 1173 2824 in
1196 2767 1301 2844 quovis
1323 2786 1400 2828 sono
1423 2767 1472 2827 Ca·

211 2878 322 2920 nonum
346 2878 456 2938 genus:
480 2853 703 2942 ἀναοτάοιμον
725 2862 803 2940 quod
827 2862 857 2922 in
880 2864 1110 2925 resurrectionis
1132 2865 1311 2939 dominicae,
1337 2887 1473 2950 σταυρο-

212 2954 436 3042 οναοιάοιμον
465 2964 544 3042 quod
568 2963 598 3024 in
622 2963 720 3024 crucis
743 2974 773 3023 et
794 2964 1035 3035 resurrectionis,
1062 2960 1239 3029 θεοοόκιον
1261 2970 1342 3047 quod
1366 2971 1396 3031 in
1417 2970 1472 3029 lla·

210 3063 271 3124 riae
299 3063 437 3125 laudibus
459 3075 607 3126 versatur:
636 3073 771 3144 quartum
794 3058 972 3146 τριαδικόν,
1002 3065 1032 3125 in
1055 3066 1202 3130 Trinitate
1224 3069 1403 3133 celebranda
1425 3088 1472 3131 oc·

211 3176 359 3242 cupatum,
381 3168 501 3245 propria
526 3167 597 3226 sede
620 3175 742 3226 exornat
763 3160 800 3226 cd
822 3159 1044 3245 μεσονύκτιον.

294 3265 371 3326 Xlll.
409 3266 672 3343 lienologium
706 3261 987 3349 Μενολόγιον,
1026 3270 1179 3349 conspirat
1208 3288 1274 3332 cum
1302 3273 1469 3334 Latinorum

208 3365 430 3444 Martyrologio.
475 3368 627 3429 Habentur
649 3369 679 3429 in
702 3367 754 3428 illo
777 3369 953 3430 Sanctorum
977 3369 1052 3431 vitae
1076 3372 1210 3450 quolibet
1232 3373 1281 3435 die
1303 3388 1359 3454 per
1382 3385 1470 3436 totum

205 3501 508 3514 —————-—--—-—.-

295 3568 317 3630 l)
335 3571 354 3620 N
362 3571 466 3620 salios
484 3588 508 3636 p.
520 3571 568 3622 830
588 3544 642 3622 (cto
660 3587 734 3621 sonos
754 3574 785 3621 ita
804 3581 941 3622 enumerat:

437 3656 516 3707 Mona.
638 3657 761 3706 llnsrrnn
772 3658 847 3707 Touo.
890 3657 1031 3708 Btzanrrnr
1046 3661 1121 3709 Tora.
1173 3662 1333 3716 Calatonno.

959 3726 1054 3806 tritos-l

324 3824 412 3875 llorian
669 3826 689 3875 i.
709 3826 833 3876 lutbentic
992 3818 1016 3873 α’
1212 3831 1296 3882 Grave.

323 3909 505 3973 Hypo-borion
666 3910 689 3960 2.
709 3911 789 3972 Plagal
924 3901 1044 3974 πλάγιον
1062 3902 1088 3958 α’
1189 3915 1319 3965 ldoornlul.

323 3995 438 4058 Phrygiam
665 3993 688 4043 3.
707 3996 832 4044 lotbentie
990 3987 1015 4056 β’
1204 4000 1295 4062 llystic.

323 4079 389 4142 lippo
398 4107 409 4116 -
419 4079 534 4142 Pbrp'uian
665 4081 689 4128 t.
710 4079 789 4141 Plagal
924 4072 1044 4144 πλάγιον
1059 4074 1084 4142 β’
1164 4084 1337 4135 Ηιγωοῃῑοιη,

323 4164 411 4226 Lydian
665 4164 688 4213 5.
706 4164 833 4214 turnemio
991 4157 1016 4227 γ’
1205 4169 1293 4231 toytot.

322 4247 504 4311 lippo-Lydion
665 4247 689 4295 6.
709 4247 788 4309 Plagal
961 4239 1048 4315 βαρύς
1202 4252 1302 4303 Deroot.

323 4332 498 4396 blito-Lydiam
664 4332 688 4381 l.
707 4333 832 4382 turbemin
991 4325 1016 4381 d
1196 4337 1304 4399 Angelic.

323 4417 390 4480 lippo
400 4444 411 4454 -
420 4416 479 4466 llixo
489 4444 500 4452 -
509 4417 597 4480 Lprliao
667 4416 692 4466 8.
709 4417 789 4478 Plagal
923 4408 1042 4482 πλάγιον
1059 4411 1083 4467 d‘
1197 4421 1300 4471 Perfect.

322 4502 419 4550 Aeolion
663 4501 688 4552 a.
1179 4504 1320 4569 Peregrina.
