3044 4912
766 235 862 309 -8t

202 426 273 491 simi
300 427 404 507 operis
432 424 595 489 sumundum
624 430 781 501 congestas
809 430 840 484 et
859 420 1021 483 illustratas
1043 420 1092 495 (cl.
1115 419 1244 483 mbubrn
1264 420 1405 501 Nealii)¹)
1426 423 1484 487 sed

204 528 344 591 omnibus
365 528 461 609 prima
483 524 617 588 lacobaei
639 523 730 585 cilicii
751 540 833 603 pars,
855 540 930 602 quac
952 538 1065 599 nequae
1085 521 1122 583 ad
1145 522 1280 585 osculum
1301 523 1384 603 pam‘s
1407 544 1482 605 per.

203 629 332 709 ducitur¹
357 628 480 691 inservit
506 637 536 689 at
563 625 677 705 reliqua
703 624 806 687 itidem
827 624 864 687 ad
886 621 1025 685 iacobum
1046 621 1078 683 iu
1098 621 1236 702 plurimis
1257 626 1483 690 accommodata

203 739 283 795 urat.
313 730 365 792 Vix
389 729 546 810 quidquam
570 727 700 790 occurrit
722 727 801 806 quod
823 726 861 788 ad
882 742 1001 787 errores
1025 731 1125 785 sectae
1151 725 1292 806 proprios
1309 725 1479 791 ,insinuen-

204 833 261 896 dos
296 832 453 912 pertineat.
497 829 684 893 Testimouio
720 835 768 891 est
796 826 947 906 liturgiae
983 824 1158 888 lacobiticae
1190 836 1369 907 conspectus
1403 829 1482 909 apud

203 932 409 997 lionuldotium
425 933 462 994 ll.
483 932 503 995 l.
520 951 546 994 c.
568 948 598 1013 p.
614 929 692 994 xvlt
713 929 912 1010 „Praeparato
934 926 1028 1000 duri,
1050 927 1197 990 Sacerdos
1219 927 1353 991 diversas
1375 949 1483 1010 preces

204 1035 317 1108 rodtat,
340 1038 425 1097 ‘sacra
446 1033 621 1095 vestimenta
641 1030 748 1105 induit,
770 1040 800 1093 et
821 1030 861 1092 ite
882 1028 920 1091 ad
941 1028 1144 1091 sanctuarium
1165 1029 1367 1108 progreditur.
1388 1031 1481 1094 Paub

202 1136 424 1199 Eucharisticus
453 1152 520 1197 cum
547 1132 648 1205 calice,
676 1131 864 1204 aProtbesi,
892 1131 943 1192 ubi
972 1129 1071 1192 statim
1100 1128 1291 1205 collocantur,
1320 1132 1359 1194 ad
1390 1133 1482 1195 altare

205 1237 389 1311 deteruntur,
417 1236 520 1299 eadam
542 1253 637 1315 propo
659 1234 786 1306 ratione,
814 1251 872 1319 qua
893 1233 926 1294 bt
946 1230 1024 1310 apud
1047 1230 1177 1292 Graecos
1199 1250 1337 1312 mperes,
1372 1242 1407 1296 ut
1425 1246 1482 1296 ra-

206 1349 283 1412 cant,
295 1339 456 1402 introitus.
486 1336 627 1398 Miscetur
648 1354 724 1414 equa
743 1334 854 1407 viuum,
876 1352 912 1397 ax
927 1331 1126 1395 vetustimima
1139 1332 1313 1395 traditione:
1335 1334 1415 1396 dona
1430 1335 1483 1399 ubi

205 1442 242 1504 ad
271 1440 363 1503 altaro
389 1437 466 1500 illata
489 1444 568 1509 sunt,
598 1435 707 1515 duplici
728 1435 806 1508 velo,
833 1434 939 1499 maiori
961 1440 992 1495 et
1011 1434 1121 1497 minori
1144 1442 1293 1514 tegumm
1324 1445 1355 1499 et
1375 1437 1483 1500 incen-

207 1550 320 1604 santur.
363 1540 506 1603 utuntur
527 1538 643 1599 interea
662 1537 760 1599 variae
783 1536 945 1609 orationes,
968 1535 1146 1616 Trisagium‚
1170 1537 1269 1599 Gloria
1290 1538 1323 1599 in
1338 1538 1484 1603 excelsis:

134 1682 142 1697 ·
207 1642 317 1705 Psalmi
347 1640 476 1719 aliquot:
506 1638 612 1718 llymni
639 1637 750 1701 diversi
773 1637 938 1700 secundum
958 1636 1033 1711 dias,
1061 1638 1192 1699 carmine
1212 1637 1416 1718 Ephremitico
1437 1641 1485 1705 vet

206 1743 382 1805 lacobitico:
412 1740 577 1803 Prooemia.
621 1739 735 1803 boinde
762 1739 901 1818 leguntur
929 1739 1079 1802 sardonas
1106 1757 1142 1801 ax
1163 1739 1308 1819 Epistolis
1328 1741 1425 1816 Pauli,
1453 1751 1485 1805 et

207 1844 379 1917 Catholicis,
399 1842 556 1921 aliquando
579 1861 615 1905 cx
636 1840 720 1905 anus
737 1840 954 1919 Apostolorum
973 1850 1003 1900 et
1023 1839 1382 1917 arietariTestamento,
1404 1844 1486 1907 iuxta

209 1947 322 2011 iudices
351 1944 403 2023 qui
429 1944 575 2007 habentur
603 1942 634 2005 in
661 1941 804 2021 singulari
833 1941 945 2015 codice,
973 1959 1070 2020 nequo
1091 1942 1172 2004 enirn
1192 1952 1226 2004 ut
1246 1942 1326 2022 apud
1346 1942 1486 2018 Latinae,

207 2047 366 2113 Lectiones
387 2044 471 2109 libris
493 2043 661 2107 blissalibus
683 2044 867 2118 inseruntur,
890 2043 1106 2122 :adpetuntur
1128 2042 1388 2119 exLectiouariis,
1410 2064 1487 2125 quae

189 2149 287 2231 ¹apud
309 2149 411 2229 Syros,
435 2155 466 2208 et
486 2146 617 2225 reliquos
641 2144 808 2208 orientales
828 2143 985 2217 babeutnr,
1011 2152 1046 2207 ut
1066 2144 1143 2224 apud
1166 2144 1296 2207 Graecos
1314 2135 1488 2211 blanosc-

207 2245 433 2335 ioeouyye'itu.
476 2248 596 2319 Procas,
625 2246 908 2325 benedictinumque
934 2244 1115 2319 Sacerdotis,
1147 2246 1332 2308 hortationes
1360 2247 1486 2311 iliauoui

209 2353 246 2415 ad
267 2352 420 2434 populum,
443 2350 567 2428 singulis
590 2347 768 2411 lectionibus
791 2347 989 2426 adiunguntur
1011 2354 1040 2407 et
1061 2346 1166 2408 eodem
1188 2355 1302 2420 tenore,
1329 2355 1419 2411 antea
1439 2348 1487 2412 rel

208 2455 296 2535 paulo
318 2461 390 2533 post
410 2451 547 2513 dicuutur
569 2450 721 2512 orationes
736 2440 919 2533 Eipqssxuc',
941 2446 1004 2509 sive
1025 2466 1081 2527 pro
1103 2466 1185 2527 pace,
1206 2457 1237 2510 et
1251 2447 1316 2511 aliis
1331 2448 1489 2515 benetidis

210 2573 286 2635 (quac
308 2574 324 2615 a
346 2553 407 2614 beo
429 2551 625 2631 postulantur,
653 2558 813 2631 praeeunte
834 2548 982 2611 blacena:
1011 2548 1172 2611 Sacerdote
1198 2558 1343 2611 secretam
1367 2553 1487 2614 oratio·

213 2673 281 2716 nem
303 2655 413 2715 interea
435 2650 659 2732 pronunciante,
682 2658 712 2710 et
731 2649 842 2729 populo
865 2649 1041 2711 acclamante
1064 2650 1158 2729 Kyric
1179 2651 1299 2714 cleison
1344 2652 1486 2733 Scriptu-

97 2752 103 2763 '
210 2772 308 2815 rarum
329 2753 415 2814 lectio
438 2753 469 2813 tit
490 2752 619 2832 primum
642 2750 774 2831 Syriaca:
799 2760 828 2811 et
848 2759 955 2830 postea
975 2750 1108 2826 Arabico,
1131 2770 1206 2832 quae
1227 2752 1326 2832 lingua
1349 2764 1398 2816 est
1418 2774 1485 2816 ma-

210 2853 305 2917 ximae
331 2852 422 2935 partis
446 2853 577 2915 Orientis
605 2852 770 2914 verniacula.
814 2851 868 2915 llis
895 2852 1022 2933 peractis
1051 2852 1165 2915 canitur
1187 2853 1305 2934 Syriaca
1334 2858 1488 2937 apopulo

212 2954 374 3019 Nicaenum
397 2954 582 3035 Symbolum:
612 2955 762 3021 Sacerdos.
781 2972 886 3017 manus
908 2953 996 3016 lavat:
1026 2956 1211 3017 commendat
1232 2975 1266 3018 se
1287 2956 1489 3033 circumstang

300 3228 324 3290 l)
348 3226 561 3278 lieualdotius
580 3227 610 3277 ll.
629 3226 753 3291 p.li.lllll
777 3225 862 3277 Statim
886 3227 1014 3292 uuicuique
1036 3228 1059 3278 in
1085 3234 1188 3276 mentem
1212 3227 1297 3288 veaiet,
1322 3242 1368 3293 qua
1393 3229 1490 3279 ratione

212 3313 302 3362 lactum
326 3313 367 3371 sit,
390 3319 416 3360 ut
438 3319 473 3361 tot
496 3312 560 3376 apud
577 3312 650 3375 Syros
668 3311 786 3361 lacebitas
806 3319 893 3371 estem,
911 3326 965 3361 cunr
983 3312 1117 3362 Nestoriani
1135 3319 1184 3361 tres
1202 3312 1331 3362 admodum
1349 3314 1487 3365 babebant:

211 3397 322 3461 Coptitae
346 3396 385 3460 qui
414 3397 483 3447 etiarn
509 3396 628 3446 lacobitae
655 3404 719 3456 sunt,
744 3410 792 3445 non
817 3395 915 3460 plures:
940 3396 984 3446 etsi
1002 3396 1155 3460 Aethiopicae
1173 3396 1300 3446 duodecim
1318 3407 1486 3449 numerentur.

211 3481 289 3533 Huius
306 3481 466 3543 liturgiarum
490 3481 549 3532 tenti
573 3480 666 3531 numeri
690 3480 752 3530 ratio
775 3480 843 3530 reddi
868 3480 934 3529 nulla
952 3487 1032 3544 potest
1050 3481 1095 3529 uisi
1114 3496 1143 3529 es
1161 3481 1312 3530 coniecturis
1347 3482 1402 3533 Nou
1420 3484 1487 3534 euim

212 3580 242 3617 ax
264 3566 343 3629 gentis
366 3567 445 3628 genio,
469 3566 639 3630 scribendique
663 3566 741 3630 petria
766 3565 847 3628 lingua
871 3565 993 3624 mellitate,
1018 3573 1086 3614 name
1104 3574 1161 3615 suut
1177 3573 1213 3615 tut
1230 3565 1339 3616 diversae
1355 3567 1487 3631 [burgiae.

212 3664 269 3701 sum
285 3650 422 3701 lieetoriaui
440 3650 491 3714 Syri
516 3659 607 3712 ussat,
631 3657 654 3700 et
677 3649 848 3714 linguaesuae
866 3649 1052 3699 studiosissimi:
1076 3664 1155 3713 neque
1172 3649 1305 3699 Ortbodori
1322 3650 1396 3701 aliam
1413 3664 1488 3716 quam

213 3735 294 3787 iacobi
312 3735 442 3798 liturgiam
460 3736 584 3787 efficuntur
601 3737 734 3800 mnarum.
761 3736 826 3785 Solis
845 3735 868 3784 id
886 3734 999 3784 iacebitis
1017 3734 1124 3796 contigit,
1142 3743 1168 3784 ut
1185 3742 1221 3784 tot
1237 3734 1343 3785 diuersus
1362 3735 1488 3787 baberent.

212 3845 245 3859 -··
264 3820 330 3871 luter
346 3819 419 3883 Spros
443 3820 499 3871 illos
524 3821 579 3885 plns
603 3821 727 3872 doctrinae
749 3819 932 3870 Ecclesiasticus
956 3819 1008 3879 luit,
1032 3833 1103 3883 quarn
1128 3819 1191 3884 opud
1215 3819 1285 3880 elius,
1311 3820 1378 3884 qnod
1400 3834 1489 3870 omues

212 3919 290 3969 prope
309 3904 364 3953 libri
381 3904 424 3954 SS.
443 3903 539 3954 Petrum
556 3906 653 3969 Syrisce
671 3904 791 3954 babebaut
808 3904 986 3967 interpretatos,
1005 3911 1075 3967 atque
1094 3918 1121 3952 er
1139 3902 1187 3953 illis
1205 3903 1357 3954 versionibus
1371 3904 1490 3956 Arabicae

212 4004 290 4054 propa
314 4003 400 4038 omues
422 3988 570 4052 prodierunt.
605 3989 687 4053 ltaque
704 3990 726 4038 ei
743 3988 817 4052 Syros
835 4002 889 4039 caut
907 3989 960 4037 aliis
978 3988 1090 4038 lacobitis
1106 3990 1226 4053 Aegyptiis
1244 4003 1425 4053 comparemus,
1449 3987 1491 4041 isti

213 4073 348 4124 eruditione
373 4083 397 4124 et
421 4074 542 4123 scribendi
567 4073 680 4123 lecultate
703 4073 774 4134 longe
796 4074 937 4135 superiores
956 4081 1126 4134 agnoscuntur.
1162 4075 1228 4125 Unde
1246 4075 1336 4124 dudum
1355 4084 1491 4140 postquam

211 4157 309 4222 Syriaca
329 4158 408 4219 lingua
425 4157 529 4219 uulgaris
547 4172 600 4207 esse
618 4158 696 4218 desiit,
713 4156 787 4206 multa
805 4157 896 4206 erudite
915 4165 938 4205 et
955 4157 1078 4219 eleganter
1095 4159 1253 4223 scripserunt,
1271 4159 1336 4224 quod
1355 4160 1460 4225 Coptica
1475 4174 1492 4210 a

212 4243 309 4293 nemine
327 4250 441 4292 tentatum
460 4249 505 4300 est,
524 4256 577 4292 cam
596 4243 665 4306 pauci
683 4255 737 4291 mm
755 4241 860 4303 linguam
878 4241 1052 4303 intelligerent:
1072 4250 1095 4291 et
1112 4249 1273 4307 praeteriere
1292 4254 1315 4294 et
1326 4245 1492 4295 lustramenta

212 4326 393 4386 Putriarcbalie‚
412 4325 470 4375 nibil
489 4326 513 4373 in
531 4342 558 4374 ee
576 4326 730 4376 scriberetur.
766 4326 832 4389 Syris
850 4326 921 4388 igitur
939 4327 1009 4376 iacilo
1028 4329 1071 4377 init
1085 4328 1169 4378 Olbcia
1188 4344 1246 4378 nora
1264 4331 1381 4391 scribere,
1403 4344 1494 4394 quam·

213 4410 248 4458 ris
267 4411 347 4472 lingua
365 4410 469 4471 uulgaris
487 4424 541 4461 esse
559 4411 648 4460 dudum
667 4411 805 4460 desinisset:
829 4411 884 4460 aliis
902 4425 949 4460 nou
968 4412 1033 4461 item.
1069 4413 1127 4463 lnde
1144 4414 1233 4464 lactum
1251 4414 1394 4465 utiliorum
1414 4415 1498 4469 multo

212 4493 292 4556 plura,
311 4508 381 4558 quam
401 4494 550 4558 reliquorum
570 4496 758 4547 Cbristianorum
778 4495 936 4548 Orientalium
955 4496 1039 4547 Olticia
1057 4497 1198 4548 babeautur.
