3044 4912
556 282 566 326 ‘
627 283 724 359 ‘too

71 473 136 567 γῷ,
165 473 227 563 τῷ
261 469 490 564 θησαυρῷ
523 473 618 544 τῶν
644 469 853 544 αίωνίων
877 468 1095 571 ἀγαθῶν,
1127 478 1179 568 τῇ
1205 479 1325 573 πηγῇ

72 567 272 664 τήςζωῆς
296 567 476 663 καὶτῆς
502 566 795 659 ἀθανασίας,
821 579 882 668 τῷ
909 569 1101 649 πόντων
1130 576 1221 671 Θεῷ
1247 573 1326 649 καί

70 667 280 766 Δεσπότῃ·
316 671 368 746 ὃν
400 668 636 765 ὑμνοῦσιν
669 672 710 745 οἱ
747 673 942 767 οὐρανοὶ
966 681 1060 748 τῶν
1087 674 1324 770 οὐρανῶν,

69 772 130 845 καὶ
160 780 287 846 πᾶσα
318 770 341 868 ἡ
376 769 580 868 ὑόναμις
605 773 780 848 αὐτῶν·
812 771 940 871 ἥλιός
964 804 1010 850 τε
1035 775 1111 849 καὶ
1138 774 1323 874 σελήνη,

67 874 246 957 καὶπῶς
278 873 299 948 ὃ
332 881 426 948 τῶν
458 873 645 972 ἄστρων
672 872 830 972 χορός·
865 884 942 978 γῆ,
978 873 1213 966 θάλασσα,
1246 878 1325 954 καί
1369 924 1371 929 -

67 973 200 1050 πάντα
227 974 283 1049 τὰ
303 978 352 1050 ἐν
374 975 551 1058 αὐτοῖς·
575 973 874 1074 Ἰερουσαλὴμ
894 976 917 1072 ἡ
939 975 1227 1076 ἐπουράνιος
1246 1008 1326 1054 πα-

67 1074 263 1178 ιη’γυρις,
298 1077 519 1173 ἐκκλησία
551 1075 861 1173 πρωτοτόκων
888 1079 1325 1181 ἀπογεγραμμένων

65 1181 102 1254 ἐν
130 1184 235 1262 τοῖς
267 1178 508 1273 οὐρανοῖς·
541 1176 782 1275 πνεύματα
815 1178 1016 1257 δικαίων
1040 1181 1118 1257 καὶ
1143 1202 1325 1281 προφη·

10 1346 12 1350 ,
64 1289 159 1357 τῶν·
200 1279 352 1378 ψυχαὶ
384 1275 640 1379 μαρτύρων
670 1281 747 1356 καὶ
780 1279 1071 1359 ἀποστόλων·
1112 1284 1326 1386 ἄγγελοι,

10 1444 12 1451 .
65 1379 362 1485 ἀρχοίγγελοι,
400 1379 599 1482 θρόνοι,
640 1379 941 1481 κυριότητες,
982 1383 1123 1483 ἀρχαί
1161 1415 1209 1461 τε
1246 1384 1326 1462 καὶ

10 1548 12 1554 .
64 1483 263 1569 ἐξουσίαι
295 1483 372 1559 καὶ
398 1480 630 1580 όυνοίμεις
654 1484 878 1582 φοβεραὶ,
911 1485 989 1560 καὶ
1012 1485 1067 1560 τὰ
1089 1488 1326 1586 χορουβὶμ

10 1648 14 1655 .
63 1582 362 1682 πολυόμματα
393 1585 472 1661 καὶ
502 1584 556 1660 τοὶ
591 1587 880 1689 έξαπτέρυγα
913 1587 1139 1686 σεραφὶμ,
1172 1588 1326 1674 diruis

64 1687 133 1780 μὲν
164 1685 279 1763 δυσὶ
304 1688 494 1785 πτέρυξι
519 1686 867 1765 κατακαλύπτει
892 1688 945 1764 τὰ
972 1688 1189 1788 πρόςωπα
1216 1693 1325 1767 ἑαυ-

64 1798 159 1879 τῶν,
199 1795 303 1873 ταῖς
340 1787 390 1863 δὲ
431 1787 542 1864 ὑυσὶ
581 1789 690 1873 τούς
721 1788 890 1880 πόὺας,
931 1791 1009 1866 καὶ
1044 1796 1148 1877 ταῖς
1186 1791 1326 1869 όυσὶν

10 1946 15 1973 ;
66 1888 304 1981 ίπτοίμενα,
344 1890 572 1991 κέκραγεν
612 1892 771 1987 ἕτερον
810 1893 922 1989 πρὸς
958 1895 1116 1992 ἕτερον
1150 1894 1326 1970 ἀκατα-

10 2034 16 2058 ι
67 1991 278 2087 παόστοις
311 1989 562 2088 στόμασιν,
589 1989 830 2093 ἀσιγήτοις
856 1994 1170 2097 ὐοξολογίαις·

576 2120 788 2215 Ἔκφῶιησις.

131 2229 222 2305 Τὸν
255 2224 493 2304 ἐπινίκιον
523 2227 675 2324 ὑμνον
714 2236 791 2326 τῆς
822 2237 1207 2332 μεγαλοπρεποῦς
1240 2254 1324 2307 σου

10 2288 17 2310 ²
72 2328 187 2428 όόξης
212 2337 400 2428 λαμπρᾷ
427 2359 478 2506 τη
506 2339 635 2429 φωνῇ
663 2329 857 2429 ᾄδοντα,
890 2333 1098 2428 βοῶντα,
1132 2330 1325 2418 όοξολο-

483 2461 557 2522 τα,
583 2431 660 2506 καὶ
686 2432 899 2535 λέγοντα·

607 2562 645 2632 ‘0
673 2563 765 2646 λαός.

119 2669 288 2772 (Ἀγιος,
323 2667 473 2768 όίγιος,
508 2667 640 2770 ἅγιος
671 2667 812 2767 Κύριε
847 2670 1065 2766 σαβαῶθ,
1100 2668 1271 2770 πλήρης
1304 2671 1324 2746 ὑ

73 2769 253 2866 οὐρανὸς
278 2769 355 2843 καὶ
379 2769 402 2866 ἡ
428 2778 481 2871 γῆ
508 2779 586 2867 τῆς
612 2767 748 2868 δόξης
774 2796 867 2846 σου.
890 2770 1091 2848 Ὡσαννὰ
1119 2773 1139 2847 ὑ
1162 2776 1325 2857 ἐντοῖς

72 2869 289 2964 ὑψίστοις·
332 2871 644 2972 εὐλογημένος
683 2872 703 2946 ὑ
745 2871 996 2969 ἐρχόμενος
1035 2877 1083 2949 ἐν
1123 2872 1322 2972 ὀνόματι

71 2975 250 3070 λὐρίου.
278 2971 466 3049 ῶσαννόι
494 2973 513 3047 ὑ
540 2977 587 3049 ἐν
612 2978 709 3058 τοῖς
737 2973 966 3072 ὑψίστοις.

10 2451 18 2479 *
72 2441 248 2530 γοῦντα,
275 2460 447 2533 κεκραγ

347 3103 384 3173 ‘O
408 3103 513 3194 ἱερεὺς
534 3105 724 3196 σφραγίζωι
745 3107 788 3175 τὰ
811 3109 902 3193 δῶρα
923 3108 1022 3195 λέγει.

131 3211 249 3284 XXIX.
276 3209 400 3312 ’Ἁγιος
427 3210 470 3299 εί,
501 3212 658 3309 βασιλεῦ
684 3219 763 3287 τῶν
790 3209 953 3300 αλιόνων,
979 3210 1042 3286 καὶ
1067 3207 1186 3309 πόσης
1211 3211 1325 3315 ἁγιω-

65 3307 167 3408 σύνης
192 3309 329 3408 Κύριος
361 3312 425 3387 καὶ
458 3311 599 3411 ὑωτὴρ·
635 3312 738 3415 όίγιος
763 3313 827 3389 καί
853 3313 873 3390 ὑ
899 3310 1102 3415 μονογενής
1129 3340 1197 3391 σου
1231 3315 1326 3404 Υἱὸς,

139 3536 196 3600 Cup.
216 3536 293 3585 xxix.
329 3536 381 3585 Nou
401 3536 518 3586 dissident
534 3536 564 3586 ii.
583 3538 609 3587 tt.
629 3544 652 3587 et
669 3545 746 3588 textus
763 3537 880 3599 uulgatus.

139 3622 192 3684 Spr.
217 3621 276 3670 Vere
304 3620 406 3670 Sanctus
433 3636 459 3670 es
487 3622 534 3670 tter
557 3622 709 3671 soeculorum
734 3629 757 3671 et
781 3624 854 3671 totius
872 3622 1009 3671 sanctitatis
1027 3621 1133 3682 iungitur.
1168 3621 1269 3670 Sanctus
1288 3629 1326 3672 cst

60 3712 82 3752 et
97 3706 159 3754 filius
177 3713 233 3755 tuus
251 3706 386 3766 unigenitus
405 3705 521 3754 Dominus
539 3706 602 3755 Deus
627 3713 650 3755 ct
667 3706 771 3755 saitator
790 3713 872 3755 noster
889 3707 957 3755 lesus
976 3706 1093 3756 Christus.
1129 3705 1230 3754 Suuctus
1249 3714 1285 3755 est
1303 3714 1326 3757 et

59 3788 158 3851 Spiritus
177 3798 233 3838 tuus
251 3789 362 3849 Sanctus,
382 3790 422 3854 qui
440 3791 520 3839 omnia
538 3797 667 3851 scrutetur,
694 3792 763 3840 etiam
783 3790 902 3854 protunda
922 3798 968 3839 trra.
1004 3790 1068 3838 Deus
1087 3789 1164 3848 Pater,
1183 3789 1285 3839 Sanctus
1303 3799 1327 3841 et

58 3876 217 3939 omnipotens,
236 3876 316 3924 omnia
335 3875 469 3936 continens,
487 3874 610 3935 terribilis,
628 3875 706 3924 honus
724 3890 778 3924 curn
796 3875 846 3923 ono
864 3883 914 3933 tuo,
932 3874 972 3938 qui
991 3882 1090 3938 propter
1099 3874 1237 3934 figmentum
1249 3882 1325 3937 tuum,

56 3962 195 4021 passionum
215 3961 336 4024 particeps
355 3961 431 4009 iactus
449 3966 493 4010 cst.
525 3960 561 4009 Tu
580 3960 642 4010 enim
662 3962 765 4010 formato
784 3974 811 4009 ex
827 3966 890 4008 tcrrn
909 3960 999 4008 homini
1017 3957 1123 4022 paradisi
1149 3957 1248 4007 dedicius
1266 3974 1326 4010 eon-

54 4044 125 4093 tulisti
146 4052 168 4093 et
188 4059 241 4093 cum
260 4044 291 4092 oh
310 4045 433 4109 praecepti
449 4046 483 4094 tui
501 4047 717 4107 transgressionem
737 4046 871 4105 cecidisset,
890 4059 903 4092 u
920 4043 1027 4093 bonitate
1045 4053 1084 4092 tus
1102 4057 1150 4092 nou
1169 4051 1206 4093 est
1221 4043 1325 4095 destitu-

55 4136 97 4187 tus,
124 4129 168 4178 scd
194 4137 315 4192 tamquam
335 4129 473 4179 misericors
491 4139 560 4193 pater
583 4131 662 4195 ipsum
681 4131 827 4194 corripuisti,
851 4143 895 4193 per
912 4129 990 4191 legem
1009 4128 1105 4187 vocasti,
1130 4142 1175 4191 per
1192 4128 1324 4192 Prophetes

55 4213 176 4262 direxisti:
202 4215 331 4263 novissime
355 4222 434 4263 autem
458 4214 536 4278 ipsum
562 4217 637 4264 silium
663 4223 728 4265 tuum
754 4215 900 4277 unigenitum
924 4213 1092 4272 inmundum,
1116 4212 1145 4262 ud
1163 4212 1324 4262 renouandum

55 4300 180 4360 imaginem
207 4306 271 4346 tunm
298 4297 394 4358 misisti,
419 4300 458 4362 qui
483 4300 632 4349 descendens
657 4302 792 4349 incarnatus
813 4306 849 4348 cst
868 4299 896 4347 de
915 4299 1005 4361 Spiritu
1025 4300 1112 4348 Sancto
1131 4311 1159 4346 cx
1177 4296 1262 4346 Sancta
1281 4297 1324 4346 Dei

53 4384 164 4443 genitrice
190 4397 336 4446 semperque
354 4383 446 4446 Virgine
465 4384 535 4433 Maria
554 4393 576 4433 ct
596 4399 650 4434 eum
669 4386 806 4433 homiuibus
825 4391 987 4442 conversatus,
1013 4385 1092 4432 omniu
1110 4389 1211 4447 propter
1229 4381 1325 4444 ueneris

53 4470 128 4518 nostri
153 4468 259 4516 satutem
278 4468 399 4517 sustinuit.
432 4467 611 4532 Mouophpsitue
630 4470 653 4517 in
672 4469 1042 4532 hacorutiouesioscripserc.
1078 4468 1197 4529 „Sanctus
1217 4466 1324 4516 enimes

51 4561 94 4632 τις.
113 4554 271 4603 oruuiteueus
288 4553 451 4617 omnipotens,
469 4550 592 4616 terribilis,
610 4555 688 4604 bonos
707 4554 727 4605 is
745 4554 786 4618 qui
805 4554 944 4618 passionum
962 4567 989 4603 es
1006 4551 1156 4621 particeps.“
