3044 4912
734 211 781 285 ‘12

123 399 341 528 πριρθίνων,
363 400 506 522 χηρῶν,
532 397 672 469 λαϊκιύν
697 393 762 468 καὶ
785 370 953 482 πάντων,
982 385 1108 468 ὧν
1063 390 1178 476 αυτὸς
1201 391 1400 469 ἐπίστασαι

122 500 171 575 τά
197 496 376 597 ἀνόματα.
403 497 456 570 ἐτι
480 494 733 622 προςιρὲρομίν
759 518 819 570 σοι
843 492 937 593 ὑπὲρ
960 523 1029 570 του
1014 496 1142 569 λαοῦ
1156 490 1309 584 τούτου,
1334 497 1399 571 ἵνα

124 599 319 728 ἀναδείξης
352 596 469 673 αὑτὸν
493 598 588 682 εἶς’
567 625 722 673 επαινον
746 601 815 672 τοῦ
839 600 1017 725 Χριστοῦ
1034 622 1103 671 σου
1128 593 1363 722 βασίλειον
1347 628 1398 672 ιε-

123 699 305 800 ράτενμα,
329 698 492 783 ἐθνος“
467 727 576 802 αγιον
600 718 820 794 (1Ρειε.2,·9)
846 695 940 797 ὑπὲρ
963 704 1043 774 τῶν
1068 689 1111 774 ἐν
1125 696 1320 798 παρθενίᾳ
1335 698 1397 775 καὶ

34 801 37 806 ’
123 801 315 935 ἁγνείᾳ,
292 800 384 902 νπὲρ
410 804 489 877 τῶν
510 805 641 929 χηριόν
664 807 728 893 τῆς
739 797 1004 929 ἐκκλησίας,
981 798 1073 896 νπὲρ
1093 803 1174 875 τῶν
1190 801 1233 875 ἐν
1249 808 1395 896 σεμνοῖς

122 902 257 1033 γάμοις
287 903 349 979 καὶ
379 903 642 1032 τεκνογονίαις,
678 900 770 1000 ὑπὲρ
804 906 884 978 τῶν
916 898 1060 998 νηπίων
1092 906 1162 976 τοῦ
1193 908 1292 978 λαοῦ
1316 927 1393 992 σου,

123 1006 223 1136 3339
246 1004 435 1133 μηδένα
413 1012 524 1102 ημῶν
549 1001 763 1134 ἀπόβλητον
787 999 949 1100 ποιήσης.
985 1004 1038 1076 ἐτι
1064 1001 1242 1131 ἀξιοῦμέν
1268 1028 1310 1079 σε
1333 1005 1394 1081 καί

121 1106 214 1210 ὑπερ
234 1111 304 1236 της
327 1103 465 1191 πόλεως
489 1102 636 1282 ταύτηςέ
648 1105 712 1183 καὶ
736 1109 815 1182 τῶν
840 1099 1154 1194 ἐνοικούντων,“
1130 1102 1224 1202 νπὲρ
1249 1134 1394 1183 των
1354 1110 1394 1182 3

122 1207 408 1337 ἀρρωστίαις*
386 1207 477 1306 νπὲρ
501 1215 589 1383 ἐτῶν
620 1211 662 1284 ἐν
684 1236 817 1336 πικρᾳ
792 1205 1051 1302 δουλείᾳ,
1028 1205 1121 1304 νπὲρ
1145 1233 1226 1282 των
1251 1210 1295 1283 ἐν
1319 1211 1393 1293 ἐξο-

117 1306 287 1440 Ιρίαις,ε
264 1308 357 1437 νπὲρ
389 1312 517 1384 τωνέ
519 1307 817 1407 νδημεύσει,
794 1307 887 1437 3333
920 1304 1121 1398 πλεόντων,
1155 1337 1219 1382 και
1206 1306 1392 1384 ὁδοιπο-

123 1410 306 1513 ρούντων,
334 1410 432 1494 ὅπως
457 1409 649 1509 επίκουρος
672 1411 773 1514 γένη,
802 1406 962 1538 πάντων
985 1408 1132 1506 βοηθὸς
1156 1409 1220 1484 καὶ
1244 1407 1392 1539 ἀντιλη-

124 1541 238 1612 πτωρ.
289 1515 342 1586 ἐτι
375 1512 661 1610 παρακαλοῦμεν
686 1536 725 1587 σε
751 1511 815 1587 καὶ
837 1510 930 1642 ὑπερ
955 1516 1034 1586 τῶν
1057 1507 1275 1608 μισούντων
1298 1511 1392 1643 ἡμᾶς

124 1614 188 1691 καὶ
219 1610 490 1689 διωκόντων“
470 1619 568 1710 ημάς
593 1612 657 1689 διά
683 1612 773 1687 τδ”
752 1611 873 1708 ονομά
899 1637 981 1701 σον,
1014 1610 1106 1712 ὑπερ
1132 1640 1212 1689 των
1236 1615 1352 1698 ἔξω”
1331 1642 1392 1690 ον-

124 1743 201 1791 των
226 1714 289 1790 καὶ
313 1714 615 1812 πεπλανημενων,
643 1713 742 1798 ὅπως
766 1716 985 1842 ἐπιστρίᾳιης
1006 1713 1142 1798 αὑτοὺς
1161 1718 1213 1798 είς
1208 1715 1391 1845 ἀγαθὸν,

123 1816 186 1891 καὶ
200 1816 285 1892 τὸν
317 1815 448 1914 θναδν
479 1816 606 1893 αὑτων
638 1812 816 1917 πραὺνης.
868 1817 920 1890 ἐτι
952 1816 1240 1945 παρακαλοῦμεν
1267 1842 1308 1893 σε
1332 1848 1393 1923 κᾳι

20 1930 23 1935 ’
122 1917 215 2017 ὑπὲρ
248 1921 326 1993 τῶν
357 1919 646 2049 κατηχονμὲνων
678 1924 744 2049 της
776 1914 977 2014 ἐκκλησίας,
1010 1916 1074 1993 καὶ
1098 1915 1192 2017 ὑπὲρ
1217 1949 1298 1996 των
1320 1910 1393 2017 χεῖ-

122 2019 398 2118 μαζομένων
376 2020 449 2097 νπὸ
473 2028 542 2097 τοῦ
567 2022 762 2119 αλλοτριον
770 2021 806 2118 ¹),
839 2019 903 2096 καὶ
914 2017 1018 2149 ὑπὲρ
1044 2047 1123 2094 των
1149 2023 1191 2096 ἐν
1183 2021 1393 2147 μετανοίᾳ

123 2121 344 2223 ἀδελφων“
323 2150 444 2220 ηαων,
472 2121 570 2208 ὅπως
594 2122 682 2207 τοὺς
706 2121 776 2218 μὲν
800 2117 991 2217 τελειιόσης
1016 2124 1057 2196 ἐν
1082 2129 1130 2218 τῇ
1150 2120 1284 2213 πίστει,
1310 2122 1394 2208 τοὺς

123 2220 165 2299 δὲ
159 2224 401 2351 καθαρίσης
426 2228 465 2299 ἐκ
489 2232 554 2323 τῆς
578 2226 761 2353 ἐνεργείας
785 2227 854 2300 τοῦ
877 2228 1056 2350 3033903,
1080 2229 1160 2299 τῶν
1186 2220 1286 2299 δὲ
1244 2253 1317 2323 την
1331 2255 1394 2324 με·

122 2322 279 2400 τοίνοιαν
295 2325 499 2452 προςδέξη,
533 2326 596 2401 καὶ
602 2323 910 2453 νσυγχωρήσης
904 2325 967 2400 καὶ
993 2322 1207 2409 αὐτοῖςκαὶ
1232 2327 1325 2424 ἡμῖν
1348 2326 1395 2403 τὰ

122 2422 407 2524 παραπτώματα
432 2425 551 2522 ηαῶν.
599 2429 650 2501 ἔτι
676 2426 929 2555 προςφίρομέν
956 2451 1014 2501 σοι
1038 2425 1102 2502 καί
1125 2425 1219 2527 ὑπερ
1245 2439 1310 2526 τῆς
1333 2430 1397 2506 εὑ-

111 2527 278 2629 ’κρασίας
302 2535 371 2601 τοῦ
395 2527 502 2624 ἀέρος
522 2527 585 2602 καὶ
600 2534 665 2624 τῆς
681 2527 874 2655 εάιρορίας
872 2557 952 2604 των
969 2556 1141 2628 ναρπων·
1169 2528 1271 2613 ὅπως
1288 2532 1397 2606 ἀνελ-

124 2634 254 2711 λειπιῦς
282 2626 636 2756 μεταλαμβάνοντες
668 2634 746 2704 τῶν
778 2629 879 2758 πριρά
914 2637 984 2706 σοῦ
1019 2632 1194 2759 ἀγαθων,
1231 2633 1396 2729 αλνωαὲν

124 2754 164 2804 σε
190 2727 401 2819 ἀπαύστως,
427 2729 495 2804 τὸν
522 2728 677 2805 διδόντα
703 2732 846 2859 τροᾳὴν
872 2729 971 2827 ποίση
999 2730 1118 2829 σαρκί.
1145 2733 1198 2804 ἐτι
1225 2762 1396 2861 παρανα-

122 2830 260 2928 λοῦμὲν
286 2855 325 2906 σε
351 2831 414 2906 καὶ
438 2830 529 2930 ὑπερ
555 2861 634 2907 των
660 2831 709 2907 δι’
741 2834 893 2961 εύλογον
920 2839 958 2907 az
961 2833 1053 2909 τίαν
1071 2830 1259 2924 ἀπόντων,
1298 2835 1397 2920 όπως

123 2932 290 3017 ἅπαντας
321 2932 418 3030 ἡμᾶς
450 2931 714 3031 διατηρήσας
699 2962 740 3010 εν
765 2965 809 3031 τη
796 2934 1069 3032 εὐσεβείᾳ,
1029 2934 1397 3062 επισυναγάγηςίν

122 3043 170 3132 τῇ
193 3033 364 3164 βασιλείᾳ
389 3041 641 3158 τοῦΧριστοῦ
668 3062 750 3125 σου,
776 3040 844 3112 τοὺ
869 3042 961 3112 Θεοῦ
986 3033 1104 3132 πάσης
1130 3042 1317 3164 αἰρθητῆς
1333 3039 1398 3114 καὶ

122 3146 255 3233 νοητῆς
271 3134 438 3266 φύσεως,
465 3144 534 3213 τοῦ
558 3137 783 3234 βασιλέως(
763 3165 884 3235 ηιιων,
920 3138 1133 3235 ἀτρίπτους,
1167 3140 1396 3271 ἀμέμπτους,

124 3236 424 3367 ἀνεγκλήτους·’
413 3239 468 3313 ότι
495 3264 553 3313 σοι
578 3245 680 3313 πᾶσα
708 3237 811 3329 δόξα,
839 3239 951 3336 σέβας
972 3239 1036 3313 καί
1052 3240 1281 3367 εὐχαριστία,
1309 3244 1397 3339 τιμὴ

122 3339 186 3413 καὶ
212 3339 465 3467 προςκύνησις,
491 3345 547 3413 τιὸ
572 3341 696 3441 πατρὶ,
723 3341 786 3415 καὶ
812 3347 865 3438 τώ
890 3342 974 3439 3313,
1001 3341 1144 3440 καὶτῷ
1169 3341 1265 3469 ἀγίιυ
1284 3340 1397 3420 πνεύ-

122 3469 226 3570 μᾳτι,
251 3441 315 3516 καὶ
341 3451 424 3531 νῦν,
451 3440 514 3515 καὶ
540 3442 609 3531 ἀεὶ,
642 3442 705 3517 καὶ
731 3448 781 3526 εἰς
804 3441 891 3526 τοὺς
916 3443 1133 3527 ἀνελλειπεῖς
1158 3444 1221 3517 καὶ
1247 3445 1397 3522 ἀτελευ-

121 3572 254 3641 τητονς
279 3548 421 3628 αἰῶνας
445 3552 523 3619 τῶν
548 3549 710 3620 αἰῶνων.
753 3558 824 3626 Καὶ
845 3564 914 3638 πᾶς
934 3555 953 3625 ὁ
976 3557 1057 3638 λαὸς
1078 3558 1216 3647 λεγέτω·
1239 3556 1339 3651 ἀμήν.
1347 3567 1369 3642 ²)

122 3797 192 3865 μετά
208 3794 256 3864 τὴν
273 3789 384 3867 εἰρήνην
402 3792 551 3868 ἀντίρρησις
568 3793 744 3867 ἀνακηρύττει
764 3792 826 3855 τοὺς
843 3795 923 3856 ὁσίως
940 3792 1105 3864 βεβιωκότας
1121 3799 1175 3851 κτλ.
1207 3803 1277 3854 Conf.
1297 3805 1398 3856 Missam

123 3884 295 3935 Μοιετελιίτοτο
314 3887 373 3937 Cod.
392 3889 436 3936 λιι.
456 3887 473 3935 Ι.
492 3903 515 3951 p.
526 3886 558 3936 73
569 3903 605 3951 sq.
625 3897 647 3936 ει
666 3902 726 3951 quae
745 3887 806 3935 infra
825 3886 937 3935 adnotata
955 3887 1002 3934 sint
1020 3887 1049 3935 οιΙ
1069 3887 1163 3937 Missam
1183 3887 1264 3938 Iacobi
1284 3906 1306 3939 c.
1320 3889 1362 3941 34.

210 3968 233 4029 1)
261 3970 353 4020 coteh:
374 3973 418 4030 Oui
438 3988 458 4022 c.
473 3971 506 4021 35
522 3981 545 4020 ει
560 3971 590 4020 3ῖ
607 3959 802 4038 χειμαζόμενοι
822 3971 963 4035 simpliciter
981 3970 1094 4020 dicuntur
1110 3979 1135 4020 ut
1153 3971 1251 4022 Canone
1268 3976 1397 4038 Ancyram

125 4051 154 4101 Π
175 4061 198 4101 ει
216 4066 228 4100 ε
247 4053 346 4103 Maximo
371 4056 400 4105 ad
424 4056 508 4122 cap.6
533 4055 709 4106 ecclesiasticae
733 4056 893 4104 llierarchiae.
925 4043 1121 4120 χειμαζόμενοι
1145 4048 1199 4104 ὑπὸ
1225 4050 1400 4123 πνευμάτων

122 4125 290 4201 ἀκαθάρτων
307 4147 348 4188 aut
364 4133 419 4188 ὑπὸ
436 4130 594 4206 πνεύματος
611 4127 771 4203 ἀκαθάρτου
790 4140 813 4188 in
831 4139 993 4200 Euchologiis.

208 4219 233 4281 2)
252 4222 395 4285 cyrillus
414 4224 429 4274 l.
442 4238 479 4276 c.:
496 4217 566 4290 μετά
583 4217 613 4272 τὸ
630 4218 833 4288 ἀπαρτισθῆναι
853 4217 900 4283 τὴν
918 4219 1107 4289 πνευματικὴν
1124 4224 1235 4287 θυσίαν,
1253 4220 1304 4288 την
1315 4220 1399 4277 ἀναί-

121 4317 228 4366 μακτον
252 4302 388 4373 λατρείαν,
413 4303 460 4356 ἐπὶ
483 4306 528 4369 τῆς
549 4308 648 4363 θυσίας
672 4299 777 4368 ἐκείνης
800 4305 847 4355 τοῦ
870 4304 990 4372 ίλασμοῡ
1012 4306 1229 4374 παρακαλοῦμεν
1252 4305 1302 4358 τὸν
1327 4305 1400 4362 θεὸν

121 4376 192 4453 ὑπὲρ
210 4387 301 4450 κοινῆς
318 4388 371 4438 τῶν
389 4385 539 4452 ἐκκλησιῶν
556 4382 672 4460 εἰρήνης,
690 4382 759 4456 ὑπὲρ
778 4389 822 4452 τῆς
839 4389 886 4440 τοὺ
903 4381 1011 4457 κόσμου
1029 4387 1198 4454 εὐσταθείας,
1221 4386 1292 4458 ὑπὲρ
1311 4399 1399 4458 βασι-

120 4463 202 4532 λίαν,
219 4472 390 4541 στρατιωτῶν
407 4472 453 4524 καλ
470 4466 637 4541 συμμάχων.
665 4466 734 4541 ὑπὲρ
752 4469 855 4565 τῶνκίν
872 4470 1036 4541 ἀσθενείαις,
1055 4469 1123 4544 ὑπὲρ
1142 4476 1196 4528 τῶν
1212 4492 1400 4553 καταπονου-
