3044 4912
85 412 134 487 καὶ
154 408 273 489 πάντα
298 412 347 489 τὰ
373 416 414 490 ἐν
440 413 555 511 αὐτῷ.
583 412 631 490 σὺ
655 412 730 516 γὰρ
756 412 788 489 ελ
813 413 833 490 5
859 413 927 490 τὸν
952 413 1117 514 οὐρανὸν
1143 415 1195 502 ῶς
1213 414 1338 514 καμά-

82 558 141 625 ραν
174 528 310 628 στήσας
342 529 482 615 καλῶς
507 531 629 629 δέρριν
654 530 828 621 ἐκτείνας,
861 533 925 608 καὶ
948 532 1018 631 τήν
1042 542 1115 637 γῆν
1139 534 1199 613 ἐπ’
1229 534 1341 613 οὐδα-

78 647 131 733 ιὸι
159 647 316 749 ἱδρύσας
349 646 482 751 γνώμη
515 648 614 747 μόνῃ
647 669 772 747 (σεται.
789 672 900 743 ιεσο.
922 671 973 733 ει.
990 674 1122 749 ωιτν
1165 652 1185 728 ὅ
1222 651 1338 752 πήξας

73 769 264 864 στερέωμα,
288 767 354 844 καὶ
377 764 496 845 νύκτα
520 767 584 843 καὶ
608 767 752 867 ἡμέραν
775 767 1071 855 κατασκεύασας·
1096 770 1117 847 5
1142 772 1337 876 ἐξαγαγών
1374 764 1377 771 ’

12 962 14 971 ,
69 895 145 986 φῶς
167 891 207 962 ἐκ
232 890 455 987 θησαυρῶν,
492 886 555 962 καὶ
582 895 628 984 τῆ
653 882 790 962 τούτου
816 896 927 985 στολῇ
954 888 1156 993 ἐπαγαγών
1179 890 1223 966 τὸ
1250 889 1338 968 σκό-

65 1036 135 1096 τος,
160 1012 212 1091 εἰς
237 1002 463 1083 ἀνάπαυλαν
487 1014 566 1081 τῶν
591 1009 632 1082 ἐν
657 1014 711 1105 τῷ
737 1002 867 1106 κόσμῳ
891 1008 1124 1105 κινουμένων
1151 1006 1278 1099 ζώων·
1314 1010 1336 1086 5

60 1124 127 1201 τὸν
158 1124 265 1221 ἥλων
297 1121 410 1208 τάξας
444 1129 494 1208 είς
529 1123 648 1224 ἀρχὰς
679 1132 743 1221 τῆς
765 1124 905 1225 ἡμέρας
936 1129 978 1202 ἐν
1003 1126 1153 1225 οὐρανῷ
1179 1126 1243 1201 καὶ
1268 1127 1337 1224 τῆν

61 1240 217 1341 σελήνην
249 1248 301 1327 είς
334 1241 453 1340 ἀρχὰς
477 1250 542 1339 τῆς
567 1240 713 1331 νυκτὸς,
745 1243 809 1317 καὶ
833 1242 901 1317 τὸν
923 1243 1040 1341 χορὸν
1065 1252 1144 1320 τῶν
1169 1244 1338 1345 ἀστέρων

57 1365 101 1438 ἐν
134 1361 288 1461 οὐρανῷ
321 1357 580 1465 καταγράψας,
614 1367 664 1445 εἰς
696 1359 804 1438 αἶνον
828 1370 892 1459 τῆς
918 1369 984 1459 σῆς
1007 1364 1335 1464 μεγαλοπρεπείας·

56 1481 80 1557 5
113 1477 272 1577 ποιήσας
304 1477 409 1578 ὕδωρ
441 1478 533 1578 πρὸς
565 1475 676 1554 πόσιν
707 1479 770 1554 καὶ
802 1477 1014 1576 κάθαρσιν,
1055 1481 1147 1581 ἀέρα
1179 1481 1337 1573 ζωτικὸν

55 1599 155 1698 πρὸς
178 1596 350 1693 ελςπνοὴν
384 1596 448 1672 καὶ
474 1604 602 1696 φωνῆς
628 1592 810 1672 ἀπόδοσιν
835 1596 901 1679 διὰ
923 1595 1088 1702 γλώττης
1112 1597 1338 1698 πληττούσης

55 1718 127 1794 τὸν
162 1716 268 1814 ἀέρα,
301 1715 365 1791 καὶ
398 1714 515 1812 ἀκοήν
549 1717 849 1817 συνεργουμενην
883 1715 948 1792 ὑπ’
979 1719 1096 1794 αὐτοῦ
1122 1718 1173 1803 ῶς
1196 1720 1338 1797 ἐπαΐειν

55 1834 317 1932 είςδεχομένην
341 1832 411 1932 τὴν
436 1832 737 1932 προςπίπτουσαν
764 1835 858 1931 αὐτῆ
876 1834 1024 1912 λαλιάν·
1053 1834 1245 1934 ὁποιήσας
1262 1845 1338 1935 πῦρ

56 1955 155 2055 πρὸς
187 1951 342 2036 σκότους
373 1950 639 2052 παραμυθίαν,
671 1951 762 2051 πρὸς
795 1952 938 2038 ἐνδείας
964 1953 1240 2052 ἀναπλήρωσιν,
1273 1954 1338 2031 καὶ

56 2075 104 2149 τὸ
138 2070 415 2169 θερμαίνεσθαι
448 2069 546 2166 ἡμᾶς
577 2070 642 2146 καὶ
674 2070 906 2170 φωτίζεσθαι
938 2071 1003 2147 ὑπ’
1040 2072 1173 2148 αὐτοῦ·
1216 2073 1236 2147 5
1269 2073 1338 2169 τήν

59 2189 229 2295 μεγάλην
255 2185 457 2265 θάλασσαν
479 2188 646 2287 χωρίσας
670 2196 735 2285 τῆς
759 2198 838 2291 γῆς,
863 2190 927 2263 καὶ
951 2189 1020 2287 τὴν
1044 2177 1115 2286 μὲν
1141 2188 1338 2275 ἀναδείξας

61 2308 227 2404 πλωτήν,
257 2306 328 2403 τὴν
361 2305 403 2381 δὲ
436 2306 523 2381 ποσὶ
553 2303 721 2405 βάσιμον
753 2306 919 2404 ποιήσας,
952 2308 1016 2383 καὶ
1040 2308 1110 2405 τῆν
1134 2306 1205 2403 μέν
1231 2304 1338 2398 ζώοις

61 2431 212 2527 μικροῖς
233 2426 297 2501 καὶ
321 2420 494 2527 μεγάλοις
519 2421 728 2523 πληθύνας,
752 2424 822 2522 τήν
848 2424 889 2501 δὲ
915 2426 1063 2527 ἡμέροις
1084 2426 1149 2503 καὶ
1175 2422 1339 2503 ἀτιθάσ-

64 2574 144 2632 σσις
173 2541 383 2643 πληρώσας,
417 2549 549 2643 φυτοῖς
579 2574 617 2618 τε
652 2540 847 2643 διαφόροις
883 2545 1032 2644 στέφος,
1064 2544 1127 2621 καὶ
1159 2540 1338 2642 βοτάναις

65 2662 321 2765 στεφανώσας,
347 2662 410 2737 καὶ
437 2664 572 2738 ἄνθεσι
597 2661 794 2751 καλλόνας,
829 2663 892 2737 καὶ
918 2665 1100 2759 σπέρμασι
1126 2664 1338 2753 πλουτίσας,

66 2785 86 2860 5
112 2779 392 2880 συστησάμενος
416 2782 600 2879 ἄβυσσον,
626 2781 689 2856 καὶ
713 2780 809 2883 μέγα
831 2789 940 2878 κῆτος
958 2782 1052 2879 αὐτῆ
1070 2783 1246 2881 περιθεὶς,
1273 2783 1339 2858 ἀλ-

64 2911 199 2999 μυρῶν
229 2898 385 2976 ὑδάτων
417 2898 674 2996 σεσωρευμένα
711 2897 861 3001 πελάγη,
892 2898 1121 3000 περιφράξας
1152 2901 1193 2977 δὲ
1221 2901 1342 2998 αύτῆν-

65 3019 197 3104 πύλαις
222 3020 352 3116 ἄμμου
379 3016 616 3114 λεπτοτάτης·
644 3016 664 3091 5
691 3015 878 3111 πνεύμασί
902 3047 989 3092 ποτε
1004 3019 1076 3115 μὲν
1093 3020 1211 3116 αὐτήν
1226 3048 1341 3119 κορυ-
1422 3068 1435 3091 .

67 3148 152 3236 φῶν
185 3143 236 3221 είς
270 3137 386 3237 ἀρέων
418 3138 590 3238 μέγεθος,
623 3133 709 3210 ποτέ
735 3132 777 3210 δέ
803 3133 1030 3235 στρωννύων
1056 3135 1174 3234 αὐτήν
1199 3142 1249 3220 είς
1274 3166 1339 3210 πο·-
1419 3114 1430 3141 ἐ

66 3258 163 3346 διὀν,
189 3254 254 3332 καί
279 3284 366 3330 ποτε
391 3254 462 3350 μὲν
486 3252 675 3350 ἐκμαίνων
696 3263 867 3351 χειμῶνι,
894 3254 979 3329 ποτὲ
1006 3252 1047 3330 δέ
1073 3252 1254 3352 πραύνων
1269 3284 1340 3358 γα-

9 3454 11 3459 ,
67 3373 168 3473 λήνη,
195 3373 248 3459 ῶς
272 3369 511 3470 ναυσιπόροις
535 3378 747 3469 πλωτῆρσιν
773 3374 924 3448 εὔκολον
949 3372 1044 3450 εἶναι
1061 3373 1152 3472 πρὸς
1167 3374 1355 3473 πορείαν·’

68 3493 89 3569 5
119 3497 301 3588 ποταμοῖς
332 3487 518 3581 διαζώσας
549 3490 618 3565 τὸν
650 3489 723 3565 ὑπὸ
758 3501 827 3567 σοῦ
854 3490 918 3567 διὰ
943 3498 1111 3590 Χριστοῦ
1137 3490 1340 3595 γενόμενον

66 3609 220 3707 κόσμον,
254 3609 317 3685 καὶ
346 3606 557 3706 χειμάρροις
588 3606 796 3698 ἐπικλύσας,
831 3610 894 3685 καῖ
920 3618 1053 3712 πηγαῖς
1079 3607 1249 3692 ἀεννάοις
1273 3637 1340 3704 με·

9 3798 11 3803 .
69 3727 205 3818 θύσας,
239 3729 339 3826 ὄρεσι
373 3725 413 3801 δέ
439 3725 679 3828 περισφίγξας
704 3732 754 3810 είς
779 3726 894 3825 ἕδραν
920 3729 1058 3829 ἀτρεμῆ
1084 3736 1151 3830 γῆς
1176 3727 1339 3826 ἀσφαλε-

70 3842 217 3943 στάτην.
260 3842 474 3944 ἓπλήρωσας
507 3842 580 3947 γάρ
615 3869 684 3920 σου
719 3844 787 3919 τὸν
818 3843 974 3942 κόσμον,
1007 3845 1070 3922 καὶ
1095 3840 1341 3941 διεκόσμησας
1425 3876 1439 3901 τ

70 3965 184 4042 αὐτὸν
217 3959 399 4062 βοτάναις
432 3961 604 4062 εὐόσμοις
636 3964 699 4039 καὶ
738 3963 918 4061 λασίμοις,
959 3961 1066 4055 ζώοις
1100 3968 1246 4048 πολλοῖς
1276 3962 1341 4040 καὶ

68 4082 362 4182 ἀσθενεστέροις,
395 4080 593 4179 ἐδωδίμσις
623 4081 686 4158 καὶ
711 4085 885 4187 ἐνεργοῖς,
919 4082 1065 4179 ῆμέροις
1088 4081 1152 4159 καὶ
1178 4079 1341 4169 ἀτιθάσ-

8 4220 11 4281 ;
71 4226 156 4293 σοις,
183 4204 351 4301 ἑρπετῶν
376 4207 581 4303 συριγμοῖς,
615 4209 769 4298 πτηνῶν
794 4198 969 4277 ποικίλων
994 4206 1183 4303 κλαγγαῖς,
1216 4204 1341 4277 ἐνιαυ-

71 4326 144 4393 τῶν
177 4315 337 4407 κύκλοις,
370 4327 504 4415 μηνῶν
535 4319 598 4394 καὶ
629 4319 781 4420 ῆμερῶν
806 4320 996 4419 ἀριθμοῖς,
1029 4327 1180 4418 τροπῶν
1204 4314 1340 4409 τάξεσι,

75 4444 198 4535 νεφῶν
223 4431 469 4536 ἀμβροτόκων
492 4435 729 4538 διαδρομαῖς,
755 4442 981 4559 εῖςίφρρπῶν
1000 4436 1127 4542 γονὰς,
1153 4436 1220 4537 καῖΙ
1232 4433 1342 4531 ζώων

846 4550 877 4577 ..ι
