3044 4912
537 240 587 321 67

7 426 97 505 [ΠΙ.
133 439 205 509 Καὶ
226 435 246 509 6
269 436 437 530 ἀρχιερεὺς
458 439 534 533 ἑξῆς
553 440 693 559 λεγέτω·
714 428 839 532 ’Ἀγιος
869 428 943 532 γὰρ
975 426 1008 505 εί
1032 428 1084 514 (δς
1108 429 1198 528 ἄλη·

8 584 20 617 ,
45 529 112 604 καί
134 524 331 631 πανάγιος,
354 530 511 629 ὕψιστος
534 559 599 606 ιιαι
621 529 929 630 ἀπερυφοόμενος
952 536 1003 617 είς
1026 530 1114 615 τοὺς
1137 537 1197 607 αἰ·

8 659 38 715 ς.
63 630 169 732 ἀγιος
193 629 235 707 δὲ
261 630 325 707 καί
350 630 370 707 6
394 660 470 728 μον
516 629 600 729 ενής
623 656 693 710 σου
717 634 798 719 υίὸς
822 633 843 709 6
866 632 994 732 κύριος
1008 631 1119 732 ἡμῶν
1135 632 1198 709 καὶ

8 730 184 829 ς’Ἰησοῦς
217 731 241 819 δ,
270 733 445 828 Χριστὸς,
471 660 519 819 ίίίς
550 739 602 821 είς
631 730 756 811 πάντα
786 728 1108 835 δπηρετησάμενός
1138 758 1198 810 σοι

8 836 88 933 θεῷ
114 832 233 910 αὐτοῦ
256 834 321 910 καί
345 834 470 937 πατρί,
496 840 547 922 είς
565 840 609 912 ’τε
635 835 885 941 δημιουργίαν
908 833 1107 937 διάφορον,
1133 836 1197 911 καί

8 963 108 1011 νοιαν
139 932 381 1033 κατάλληλον,
415 938 460 1012 οὐ
493 936 649 1037 περιεῖδε
675 937 719 1014 τὸ
744 939 850 1041 γένος
873 948 952 1014 τῶν
977 930 1197 1035 ἀνθρώπων

8 1032 197 1133 ῑλόμενον,
230 1038 324 1112 ἀλλὰ
354 1038 448 1136 μετά
475 1039 637 1138 φυσικόν
659 1036 793 1138 νόμον,
824 1038 918 1137 μετὰ
942 1037 1100 1136 νομικὴν
1125 1044 1198 1113 παέ

8 1164 108 1229 τσιν,
143 1139 238 1236 μετὰ
269 1142 519 1239 προφητικοὺς
550 1143 718 1245 ἐλέγχους
747 1141 812 1217 καί
835 1140 904 1226 τδις
926 1148 1006 1216 τῶν
1030 1138 1199 1243 ἀγγέλων

9 1239 155 1331 τασίας,
178 1239 522 1344 παραφθειρόντων
547 1243 619 1321 σὺν
643 1252 697 1343 τῷ
722 1246 827 1342 θετῷ
852 1241 915 1319 καὶ
939 1242 1008 1319 τὸν
1034 1239 1198 1341 φυσικόν

9 1371 48 1419 ον
78 1342 145 1419 καὶ
174 1351 240 1439 τῆς
269 1340 418 1442 μνήμης
448 1342 707 1445 ἐκβαλλόντων
730 1344 799 1422 τὸν
822 1341 1098 1435 κατακλυσμὸν,
1129 1341 1199 1439 τήν

9 1440 150 1541 ίρωσιν,
183 1444 252 1529 τάς
281 1446 364 1521 κατ’
395 1445 614 1550 Αλγυπτίων
645 1445 798 1551 πληγὰς,
831 1445 899 1532 τὰς
929 1442 1026 1521 κατδι
1052 1448 1200 1525 Παλαι-

9 1552 78 1623 ιῶν
109 1568 189 1646 σφα
215 1545 278 1637 ἀς,
318 1547 382 1623 καὶ
413 1546 625 1646 μελλόντων
658 1548 749 1643 ὅσον
782 1544 928 1625 οὐδέπω
960 1540 1199 1641 ἀπόλλυσθαι

9 1674 95 1737 των,
128 1575 329 1746 εάάόκησεν
360 1648 474 1736 αὐτὸς
504 1648 637 1753 γνώμη
671 1659 718 1747 σῇ
745 1648 766 1726 6
790 1644 1017 1753 δημιουργὸς
1042 1641 1199 1745 ἀνθρά-

9 1806 13 1825 ,
45 1750 253 1848 ἅνθρωπος
282 1750 473 1853 γενέσθαι,
508 1752 528 1827 6
560 1754 769 1849 νομοθέτης
799 1751 874 1827 ἀπὸ
898 1747 1050 1847 νόμους,
1084 1747 1200 1844 δάρ-

9 1849 67 1935 εδς
91 1851 237 1945 ἱερεῖον,
265 1851 285 1927 6
310 1853 450 1951 ποιμήν
473 1850 679 1953 πρόβατον,
703 1852 768 1928 καί
790 1846 1048 1949 ἐξευμενίσατό
1072 1873 1113 1924 σε
1130 1848 1200 1925 τὸν

9 1959 65 2029 τοῦ
92 1952 186 2029 θεὸν
210 1953 274 2028 καὶ
297 1955 451 2054 πατέρα,
482 1955 547 2031 καὶ
570 1964 625 2055 τῷ
648 1952 780 2053 κόσμῳ
804 1950 1015 2051 κατήλλαξε,
1046 1950 1200 2047 καὶτῆς

10 2053 154 2152 ειμίνης
193 2055 305 2158 ἀρχῆς
342 2056 430 2142 τοὺς
463 2053 607 2142 πάντας
639 2054 893 2155 ἠλευθέρωσε,
927 2049 1125 2157 γενόμενος
1160 2054 1201 2127 ἐκ

10 2156 136 2246 θένου,
167 2154 367 2259 γενόμενος
397 2162 440 2236 ἐν
472 2158 594 2258 σαρκὶ,
630 2157 650 2234 6
686 2156 774 2242 θεὸς
805 2153 924 2259 λόγος,
959 2154 979 2230 6
1011 2150 1202 2282 ἀγαπητὸς

10 2291 27 2347 ·,
52 2254 73 2333 6
97 2255 328 2357 πρωτότοκος
352 2255 472 2359 πάσης
494 2259 658 2350 κτίσεως,
682 2258 778 2336 κατὰ
803 2256 871 2342 τάς
895 2254 978 2356 περὶ
1004 2261 1122 2330 αυτοῦ
1137 2250 1197 2329 ἀπ’

10 2364 53 2435 οὕ
82 2358 351 2459 προρρηθείσας
381 2360 606 2461 προφητείας
637 2364 678 2437 ἐκ
713 2359 784 2435 σπέ
803 2388 922 2457 ματος
954 2354 1101 2455 Δαβὶδ,
1136 2352 1201 2429 καί

10 2458 109 2556 ιαδμ,
135 2462 198 2536 καὶ
225 2469 343 2562 φυλῆς
358 2461 503 2539 Ἰούδα·
529 2463 593 2542 καὶ
616 2464 769 2567 γέγονεν
781 2388 835 2538 ἀν
858 2458 981 2560 μήτρᾳ
1005 2457 1201 2556 παρθένου

10 2568 228 2638 ιαπλάσσων
262 2561 405 2650 πάντας
436 2566 524 2650 τοὺς
555 2565 789 2692 γενομένους,
824 2562 889 2638 καὶ
921 2557 1144 2659 ἐνσαρκαίθη
1177 2557 1200 2634 6

10 2678 104 2763 ρκος,
139 2663 159 2740 6
192 2663 361 2763 ἀχρόνως
391 2670 586 2770 γεννηθεις
616 2669 658 2744 ἐν
679 2663 808 2764 χρόνῳ
832 2663 1065 2769 γεγεννηται·
1097 2670 1201 2737 πολι-

10 2764 156 2862 ῐάμενος
180 2766 292 2852 ὁσίως
314 2768 377 2843 καὶ
403 2765 604 2854 παιδεύσας
628 2768 834 2865 ἑνθέσμως,
859 2774 986 2842 πᾶσαν
1005 2759 1121 2842 νόσον
1137 2761 1202 2838 καὶ

10 2897 55 2945 αν
79 2869 271 2965 μαλακίαν
296 2873 335 2956 ἐξ
358 2866 579 2970 ἀνθρώπων
603 2871 800 2959 ἀπέλυσας,
835 2863 967 2965 σημεῖά
991 2894 1031 2940 τε
1055 2863 1120 2939 καὶ
1143 2863 1202 2939 τέ-

11 3000 24 3043 ι
49 2973 94 3046 ἐν
117 2978 173 3068 τῷ
199 2979 277 3070 λαῷ
303 2970 474 3070 ποιήσας·
506 2981 648 3073 τροφῆς
672 2971 736 3047 καὶ
759 2977 876 3046 ποτοῦ
901 2968 965 3044 καὶ
989 2964 1111 3042 ὕπνου
1135 2993 1202 3061 με·

11 3070 122 3171 ιβὼν,
150 3071 169 3146 6
195 3074 343 3174 τρέφων
368 3071 511 3159 πάντας
533 3074 622 3157 τοὺς
641 3070 847 3174 χρήζοντας
871 3076 1025 3170 τροφῆς,
1050 3064 1114 3142 καὶ
1135 3069 1200 3162 ἐμ-

11 3181 77 3249 ῶν
108 3181 186 3249 πᾶν
219 3174 318 3265 ζῶον
350 3175 536 3260 εὐδοκίας·
571 3173 786 3276 ἐφανέρωσέ
815 3196 885 3248 σου
910 3170 954 3246 τό
980 3171 1101 3265 ὄνομα
1124 3172 1202 3251 τοῖς

11 3283 137 3351 νοῦσον
177 3276 306 3366 αάτδ,“
330 3278 400 3375 τήν
432 3280 457 3352 ἀ
507 3306 591 3354 οιαν
621 3273 874 3380 ἐφυγάδευσε,
909 3272 979 3370 τήν
1011 3269 1203 3367 εὐσέβειαν

11 3375 213 3474 Ιμιπιίρωσε,
245 3379 288 3454 τὸ
313 3380 460 3477 θέλημα
486 3404 556 3455 σου
580 3375 779 3476 ἐπλήρωσε,
810 3376 854 3453 τό
879 3376 991 3478 ἔργον
1015 3373 1036 3448 6
1061 3370 1203 3454 ἔδωκας

11 3486 33 3577 ’ᾗ
59 3478 261 3554 ἐτελείωσε·
288 3481 352 3555 καὶ
375 3491 496 3558 ταῦτα
519 3479 645 3558 πάντα
669 3475 930 3576 κατορθώσας,
955 3472 1084 3573 χερσὶν
1110 3468 1202 3546 ἀνό-

11 3608 15 3623 ·
52 3582 300 3675 κατασχεθεὶς
304 3639 317 3672 ,
357 3584 485 3679 ἱερέων
516 3584 580 3660 καὶ
611 3582 811 3680 ἀρχιερέων
842 3572 1106 3679 ψευδωνύμων
1138 3570 1203 3646 καί

11 3688 24 3754 λ
48 3679 287 3782 παρανόμου,
313 3685 496 3785 προδοσίᾳ
519 3695 589 3763 τοῦ
612 3686 682 3780 τὴν
705 3682 841 3759 κακίαν
866 3674 1107 3776 νοσήσαντος,
1138 3670 1204 3747 καί

12 3783 47 3857 ’ἀ
80 3783 223 3859 παθὼν
255 3783 318 3859 ὑπ’
348 3787 489 3877 αὐτῶν,
521 3787 585 3863 καὶ
615 3794 743 3861 πᾶσαν
774 3779 930 3879 ἀτιμίαν
960 3773 1125 3858 ἀποστάς
1155 3780 1203 3897 τή

12 3881 176 3983 χωρήσει,
207 3887 440 3984 παραδοθεὶς
464 3887 620 3987 Πιλάτῳ
652 3896 707 3985 τῷ
738 3881 893 3989 ἡγεμόνι
924 3880 987 3956 καί
1011 3874 1155 3976 κριθεὶς
1181 3904 1202 3951 ο

12 3987 67 4085 ής,
94 3986 159 4061 καί
183 3991 422 4090 κατακριθείς
447 3990 466 4066 6
494 3990 629 4090 σωτὴρ,
657 3995 810 4087 σταυρῷ
826 3977 1047 4083 προςηλοίθη
1065 3978 1086 4054 6
1104 3978 1203 4053 ἀπα-

12 4087 108 4167 ,καὶ
134 4088 326 4168 ἀπέθανεν
352 4093 371 4167 6
396 4098 444 4191 τῇ
469 4089 578 4193 φύσει
605 4086 812 4178 ἀθάνατος,
838 4085 902 4161 καὶ
927 4078 1045 4212 ἐτάφη
1072 4079 1203 4171 ὃζωο-

14 4222 46 4282 ς,
81 4191 145 4266 ίνα
172 4188 321 4278 πάθους
345 4191 438 4291 λόση
463 4193 528 4271 καὶ
552 4188 727 4269 θανάτου
753 4188 913 4285 ἐξέληται
936 4210 1091 4266 τουτους
1116 4178 1204 4263 τοδς

12 4293 80 4378 οὓς
110 4294 343 4396 παρεγένετο,
375 4297 439 4371 καί
471 4292 558 4393 ῥήξη
590 4295 637 4369 τά
671 4291 792 4390 δεσμὰ
815 4294 885 4365 τοῦ
910 4281 1104 4384 διαβόλου,
1139 4279 1204 4357 καί

13 4424 86 4493 μαι
110 4394 202 4481 τοὺς
225 4395 454 4496 ἀνθρώπους
480 4402 520 4472 ἐκ
544 4410 609 4495 τῆς
633 4392 775 4491 ἀπάτης
800 4392 929 4466 αάτοῦ.
980 4386 1044 4463 καὶ
1069 4382 1203 4479 ἀνέστη

13 4504 142 4601 ἐκριόν
167 4502 215 4595 τῇ
239 4498 344 4600 τρίτη
368 4499 503 4602 ἡμέρα·
528 4500 593 4575 καὶ
615 4491 892 4600 τεσσαράκοντα
917 4491 1055 4589 ἡμέρας
1078 4482 1204 4565 Mla·

966 4608 1004 4661 5*
