3044 4912
658 176 741 309 ἐει

154 423 232 494 Τοῦ
257 415 487 512 παραδείσου
512 415 665 514 πολίτην
688 417 753 493 καὶ
769 416 938 522 γεωργὸν
953 417 1038 493 κατ’
1060 416 1178 516 ἀρχάς
1192 447 1240 514 με
1256 421 1341 494 ότα-

105 547 143 605 ες.
181 517 424 618 Παραβάντα
451 518 492 595 δὲ
517 519 587 617 τὴν
612 519 683 616 σὴν
707 519 860 617 ἐντολὴν
884 519 1064 620 ἐξορίσας,
1089 520 1152 598 διὸ
1176 520 1246 619 τὴν
1270 529 1339 598 τοῦ

105 617 208 699 ιάλου
234 646 304 698 σου
329 621 469 720 ψυχὴν,
496 628 643 718 Σῶτερ,
670 620 904 699 ἀνάπαυσον.

609 751 800 825 Θεοτόκιον.

146 857 191 936 Ὁ
216 861 255 932 ἐκ
280 863 441 957 πλευροῖς
465 854 674 944 διαπλάσας
700 860 805 936 Εὔαν
829 856 873 934 τό
899 858 988 958 πρὶν
1013 858 1083 956 τήν
1107 855 1218 955 ἡμῶν
1247 886 1340 958 προ-

105 955 213 1058 ίτορα
239 962 278 1045 ἐξ
301 957 491 1058 ἀχράντου
516 985 586 1035 σου
610 958 909 1063 γαστρόςσάρκα
929 957 1199 1061 περιβάλλεται,
1226 959 1277 1036 δι’
1297 953 1341 1058 ἧς

105 1059 337 1138 ιεῖθανάτου
361 1061 431 1160 τὴν
456 1060 579 1158 ἰσχὺν,
605 1060 715 1164 ἁγνὴ,
741 1062 919 1139 διέλυσεν.

591 1190 683 1285 Ὠιδη
706 1192 811 1288 τρίτη.
879 1232 883 1239 ·

150 1297 332 1394 Νομίμως
344 1299 519 1396 ἥθλησαν
534 1298 569 1374 οἱ
584 1297 644 1374 σοὶ
657 1297 854 1400 μάρτηρες,
882 1292 1063 1392 ζωοδότα,
1086 1299 1150 1375 καὶ
1164 1294 1340 1398 στεφάνῳ

105 1408 131 1496 ῖς
163 1401 266 1498 νίκης
298 1401 548 1498 κοσμηθέντες
572 1403 726 1487 ἐκτενῶς
749 1410 806 1501 τῶ
831 1398 1057 1500 μεταστάντι
1082 1408 1222 1486 πιστῶς
1247 1405 1339 1475 αλω-

105 1502 154 1578 ἀν
180 1499 366 1596 λύτρωσιν
390 1499 658 1601 βραβεύουσιν.

148 1600 367 1688 Παιδεάσας
392 1600 573 1703 πρότερον
597 1610 744 1689 πολλοῖς
767 1604 895 1704 τέρασι
919 1604 984 1681 καῖ
1009 1603 1171 1701 σημείοις
1190 1601 1253 1697 ίμί
1270 1600 1339 1678 τὸν

105 1705 307 1803 λανηθέντα
333 1706 389 1781 ἐπ’
420 1708 578 1803 ἔσχατον
598 1705 757 1781 σεαυτὸν
772 1703 950 1797 κενώσας,
976 1705 1028 1791 ῶς
1045 1705 1250 1804 συμπαθὴς
1274 1703 1339 1780 καί

105 1804 225 1904 πήρας
250 1806 352 1905 εὕρες
376 1807 441 1882 καῖ
465 1805 655 1890 διέσωσας.

141 1905 325 1986 Ῥεόντων
358 1911 522 1984 ἄστατον
556 1905 727 2006 φθορὰν,
761 1906 830 1983 τὸν
861 1908 955 2008 πρὸς
986 1907 1026 1984 σε’
1060 1903 1264 2002 διαβάντα,
1296 1908 1339 1981 ἐν
1396 1935 1402 1944 ·

105 2017 220 2109 ιηναῖς
246 2009 410 2095 αλωνίοις
434 2015 619 2086 κατοικεῖν
640 2018 891 2108 χαρμονικῶς,
919 2009 1081 2096 ἀξίωσον
1107 2006 1257 2111 ἀγαθὸς
1280 2006 1338 2082 δι-

105 2110 231 2200 ιιιόσας
254 2111 372 2187 πίστει
397 2141 436 2186 τε
462 2111 525 2188 καὶ
549 2109 685 2210 χάριτι.

608 2238 798 2314 Θεοτόκων.
1011 2326 1015 2341 ³

152 2349 233 2425 Οὐκ
265 2351 367 2424 ἔστιν
399 2350 589 2445 ἄμεμπτος
622 2346 673 2430 ῶς
706 2345 766 2437 οὐ,
802 2343 969 2450 πάναηινε
1006 2351 1206 2445 θεομῆτορ,
1239 2343 1338 2445 μόνη

105 2461 139 2545 ἰρ
172 2453 211 2536 ἐξ
242 2456 378 2535 αἰῶνος
409 2450 476 2525 τόν
507 2449 599 2524 Θεὸν
632 2447 700 2524 τὸν
733 2448 857 2547 ἀληθῆ
892 2449 1092 2548 συνέλαβες
1123 2452 1165 2525 ἐν
1189 2448 1337 2551 γαστρὶ,
1410 2524 1412 2528 ,

105 2550 336 2629 ῶθανάτου
363 2549 528 2628 λύσαντα
553 2550 622 2648 τὴν
650 2546 827 2645 δύναμιν.

591 2680 629 2751 Ὁ
651 2679 815 2765 διάκονος.

143 2790 218 2862 Ἔτι
244 2787 307 2862 καὶ
333 2790 395 2862 ἔτι.
448 2787 522 2862 Καὶ
547 2787 593 2863 τὰ
620 2784 740 2863 λοιπά.

380 2937 451 3006 Καὶ
470 2938 556 3025 μετὰ
577 2938 637 3027 τὴν
658 2933 843 3028 ίκφάνηοιν
864 2935 1028 3025 καθίσμα.

140 3041 310 3138 Ἀληθῶς
343 3038 545 3138 ματαιότης
579 3041 625 3116 τὰ
658 3039 871 3135 σύμπαντα.
919 3040 963 3118 ‘O
987 3038 1029 3115 δὲ
1053 3038 1138 3135 βίος
1164 3064 1249 3113 σκια
1273 3040 1337 3115 καὶ

105 3139 254 3232 όπνιον,
280 3142 342 3218 καὶ
367 3141 441 3244 γάρ
467 3140 591 3238 μάτην
615 3139 834 3238 ταράττεται
859 3150 933 3228 ποῖς
950 3139 1124 3270 ηιημενὴς,
1162 3138 1213 3225 ῶς
1237 3139 1337 3217 εἶπεν

112 3242 253 3348 γραφή.
269 3244 356 3322 Ὅτε
382 3243 450 3319 τόν
474 3242 617 3339 κόσμον
641 3240 891 3340 κερδήσωμεν,
916 3272 999 3319 τοτε
1024 3250 1079 3341 τῶ
1105 3238 1215 3341 τάφῳ
1236 3238 1338 3340 οἰκή-

105 3376 204 3449 ομεν,
232 3347 325 3422 ὅπου
353 3345 449 3441 ὁμοῦ
473 3348 639 3443 βασιλεῖς
663 3344 726 3421 καὶ
748 3344 898 3442 πτωχοί.
926 3345 1009 3434 Διὸ,
1039 3341 1213 3443 Χριστίό
1237 3343 1336 3435 θεὸς,

105 3470 135 3527 τ’
157 3445 394 3546 μεταστάντα
421 3446 559 3525 δοῦλόν
585 3475 655 3524 σου
681 3444 918 3538 ἀνάπαυσον,
944 3445 994 3533 αῖς
1020 3443 1300 3545 φιλάνθρωπος.

404 3581 481 3670 Δόξ
508 3643 515 3658 .
568 3583 643 3657 Καὶ
666 3592 750 3661 νῦν.
804 3593 994 3666 Θεοτόκιον.
1108 3609 1112 3620 “

149 3699 330 3804 Παναηία
360 3702 522 3790 θεοτόκε,
548 3699 617 3777 τὸν
637 3698 779 3798 χρόνον
802 3709 867 3798 τῆς
893 3698 987 3795 ζωῆς
1010 3726 1086 3795 μου
1110 3697 1163 3796 μὴ
1180 3701 1338 3800 ἐγκατα-

105 3832 171 3900 πῃς
194 3832 254 3898 με,
281 3802 506 3901 ἀνθρωπίνη
531 3802 753 3901 προστασία,
779 3803 830 3902 μὴ
847 3797 1140 3898 καταπιστεάσης
1156 3829 1214 3897 με.
1234 3801 1330 3875 Ἀλλ’

105 3905 159 3980 ’ντί
188 3907 394 4002 ἀντιλαβοῦ
418 3905 482 3980 καὶ
507 3902 654 4002 ἐλέησόν
679 3933 736 4002 με.

567 4052 660 4143 Ὠιδη
683 4050 832 4144 τετάρτη.

148 4155 298 4256 Σοφίας
337 4155 505 4254 μείζονος
539 4156 722 4233 δεικνύων
753 4154 949 4259 γνώρισμα
982 4156 1045 4233 καὶ
1077 4164 1141 4253 τῆς
1173 4154 1257 4250 περὶ
1287 4151 1337 4227 τδι

105 4266 171 4359 ῖρα
196 4266 428 4348 πολυτελοῦς,
455 4257 627 4347 δέσποτα,
651 4254 911 4355 χρηστότητος,
938 4259 1003 4342 τὰς
1028 4266 1105 4333 τῶν
1131 4250 1337 4358 μαρτάρων

105 4360 212 4464 »ρείας
235 4367 312 4445 τοῖς
338 4362 387 4463 όιγ
412 4360 504 4445 έλοις
530 4362 825 4459 ουνηρίθμησας.

140 4460 347 4571 Ἀχράντου
374 4389 481 4560 άόξης
508 4486 576 4539 σου
601 4468 728 4558 τυχεῖν
760 4460 922 4549 ἀξίωσον
947 4460 1014 4538 τὸν
1039 4458 1132 4562 πρὸς
1157 4457 1197 4536 σί
1221 4464 1337 4559 μετα,ρ
