3044 4912
661 263 709 336 87

47 462 76 524 p.
94 448 157 509 147
188 445 218 508 in
248 445 325 527 0pp.
346 447 420 509 tJttr.
445 449 527 512 1699
548 447 601 509 ioh
629 447 691 511 Vol.
708 447 744 509 li.
788 446 996 513 Tillemout
1023 450 1110 513 hiem
1139 451 1262 514 Erebi,
1290 472 1322 533 p.

49 547 112 611 bib
128 564 175 628 sq.
218 547 254 610 lc
274 548 422 629 Nourry
441 550 608 628 Apparatus
631 549 668 612 ad
688 547 764 611 Bihl.
786 549 844 611 PP.
860 550 882 612 i.
904 549 983 612 ilisa.
1000 552 1029 615 2.
1052 569 1082 630 p.
1098 553 1198 633 24'sq.
1221 571 1247 614 e.
1263 572 1289 615 a.

133 647 195 711 Sed
221 647 280 711 his
300 648 491 723 editionibus,
518 649 577 712 uisi
592 650 688 724 tollor,
717 649 855 713 omnihus
883 669 942 712 una
971 651 1131 731 eademque
1153 654 1324 718 membrana

52 748 237 811 venerandae
258 759 356 813 umen
379 749 559 830 antiquitatis
581 750 718 831 praebuit
739 749 897 813 uerborum
919 754 1069 830 textum.¹t
1098 752 1199 834 Itaque
1221 768 1251 817 et
1264 774 1322 817 no·

53 847 99 911 bis
121 848 224 913 tritum
245 851 303 913 iter
323 851 548 933 ingrediendum
570 861 627 927 est,
663 853 703 915 ita
725 860 823 915 umen
844 861 878 915 ut
898 852 1014 917 Godieis
1039 855 1240 919 Messanensis
1270 857 1323 935 (bl)

56 958 83 1011 et
102 950 301 1014 Rossaoeusis
316 953 366 1028 (il)
387 952 557 1016 ranemtem
579 953 736 1033 diligenter
753 953 957 1016 observemus.
986 956 1081 1018 Porro
1104 956 1135 1019 iu
1156 958 1323 1038 praecipuis

57 1051 195 1132 capitibus
221 1052 332 1116 Missae
358 1053 502 1116 Fidelium
532 1055 608 1116 ratio
636 1054 735 1117 habita
763 1062 810 1117 est
831 1055 966 1135 Syriacae
987 1044 1137 1136 Liturgiae
1160 1059 1192 1121 S.
1213 1058 1322 1133 iacobi,

58 1170 125 1232 quae
146 1155 314 1217 eommunis
335 1154 502 1217 celebrandi
522 1156 618 1217 torma
640 1163 695 1230 est,
723 1174 781 1236 qua
802 1156 878 1236 Syri,
895 1176 961 1219 cum
983 1158 1143 1222 orthodoxi
1164 1159 1323 1236 (lacobitae

58 1254 126 1316 uuiti
148 1264 180 1317 et
199 1255 374 1332 Maronitas)
406 1264 468 1318 tum
489 1255 662 1319 heterodoxi
686 1255 756 1319 olim
778 1255 935 1349 utebantur
956 1277 990 1319 ae
1010 1260 1099 1323 modo
1122 1261 1163 1323 uti
1184 1278 1245 1322 uon
1267 1259 1322 1323 de·
1424 1278 1428 1287 “

58 1355 160 1418 sistunt
178 1356 298 1437 Syriaco
326 1367 354 1419 et
375 1357 488 1419 Latine.
531 1357 633 1436 Neque
654 1375 782 1436 prorsus
804 1359 1060 1438 praetermisimus
1081 1360 1267 1440 Anaphoram
1290 1360 1323 1424 S.

58 1455 148 1536 quilli
178 1459 214 1519 cl.
237 1477 268 1538 p.
284 1463 334 1523 40.
379 1459 511 1538 benique
541 1458 669 1537 vigilanti
697 1477 765 1520 cura
794 1460 1027 1540 comparavimus
1065 1461 1196 1542 singulas
1224 1461 1322 1524 iacobi

58 1559 202 1622 orationes
226 1558 257 1620 iu
279 1559 343 1621 aliis
366 1557 506 1639 Litorgiis
528 1558 641 1630 obvias,
665 1567 698 1622 ut
719 1560 748 1621 iu
771 1559 803 1621 S.
824 1561 924 1636 Marci,
953 1560 984 1623 in
1006 1561 1136 1643 Gopticis
1158 1563 1272 1644 graecis
1289 1563 1322 1625 S.

58 1658 186 1741 Gregorii
208 1668 239 1723 et
259 1659 370 1723 Basilii.
414 1659 502 1735 Quod
523 1659 559 1721 ad
581 1659 676 1723 officia
700 1659 731 1722 S.
751 1660 852 1724 llasilii
873 1663 904 1724 S.
922 1661 1125 1743 chrysostomi
1148 1664 1322 1739 orthodoxa,

58 1779 119 1823 eum
140 1762 217 1824 inira
241 1761 398 1824 exhibitori
420 1762 523 1827 simus,
536 1780 570 1824 ea
592 1762 715 1841 integra,
737 1780 818 1825 nuuc
832 1763 868 1825 ad
884 1782 987 1826 eorum
1003 1767 1172 1828 varietatem
1187 1765 1321 1828 animad-

56 1871 165 1925 uertere
186 1882 436 1943 supervacaneum
458 1871 515 1926 est.

58 2151 108 2202 isat
128 2155 203 2217 apris
229 2152 294 2202 avoir
316 2151 372 2201 biera
391 2151 499 2202 declame
517 2158 601 2201 eontra
619 2166 678 2201 ceux
696 2152 735 2215 qui
753 2152 865 2212 rejettent
882 2157 944 2199 cette
962 2150 1065 2213 liturgia,
1089 2152 1226 2215 heretiqoes
1240 2160 1262 2202 et
1280 2167 1321 2202 aa·

56 2235 179 2302 thoiiqoes‚
197 2237 214 2286 il
234 2251 261 2285 aa
279 2235 358 2286 reduit
374 2252 388 2285 a
406 2236 467 2296 dire,
486 2250 531 2299 que
550 2237 685 2300 S.iacquea
704 2250 733 2284 en
752 2249 764 2284 a
784 2237 900 2298 composa
918 2248 974 2296 une,
992 2235 1090 2285 dontoo
1102 2251 1114 2286 a
1126 2237 1168 2284 ialt
1185 2235 1255 2297 colle,
1274 2251 1321 2301 qua

56 2332 112 2372 toas
126 2335 202 2372 areos
221 2336 250 2371 en
270 2328 411 2371 conservant
428 2319 451 2369 le
469 2319 527 2370 lond
546 2320 575 2369 de
592 2318 722 2381 t‘ortgtnat,
740 2319 801 2367 maia
820 2332 849 2368 eo
867 2333 880 2381 y
899 2319 1060 2379 retrahebant,
1078 2322 1185 2382 ajoutant
1205 2328 1229 2370 et
1247 2320 1321 2371 chau-

37 2406 119 2465 'ruat
135 2405 244 2454 diverses
263 2405 366 2454 choses:
386 2419 414 2454 en
433 2412 499 2455 sorte
517 2403 574 2467 qo’il
594 2402 657 2452 u’est
675 2419 719 2467 pas
737 2404 787 2452 eise
805 2403 834 2452 da
852 2402 932 2452 soroir
949 2407 1100 2453 assorement
1117 2420 1144 2453 ce
1163 2404 1203 2469 qci
1219 2405 1321 2456 riaotde

56 2487 191 2554 Giaeqoes,
210 2503 305 2538 comma
324 2489 346 2539 le
358 2486 606 2539 cardinalbellarmio
625 2488 657 2538 l'a
675 2490 802 2553 remarqud
820 2487 971 2537 ethereae
989 2502 1018 2536 au
1037 2488 1124 2549 molus,
1143 2503 1190 2551 que
1206 2503 1270 2552 poor
1287 2488 1320 2538 lui

57 2571 72 2621 il
86 2588 113 2622 oe
130 2582 189 2638 peut
207 2588 251 2637 pas
271 2574 376 2624 laire'ca
394 2573 579 2624 discernemeot.
599 2571 674 2631 totta,
693 2587 720 2622 ce
738 2586 776 2620 me
794 2571 896 2631 semble,
914 2573 993 2637 aquoi
1004 2573 1171 2622 serdduitson
1183 2574 1321 2634 sentiment,

58 2659 92 2722 qai
114 2673 145 2708 ue
170 2673 209 2707 ma
233 2659 311 2722 partit
334 2673 379 2723 pas
402 2658 456 2707 hieu
481 2657 592 2707 different
616 2657 645 2706 de
664 2656 735 2714 celui,
754 2656 810 2720 qo’il
831 2659 915 2719 rejette
934 2671 990 2706 arec
1008 2665 1058 2706 taut
1078 2657 1106 2706 de
1125 2656 1163 2706 leo
1183 2664 1205 2706 et
1224 2666 1273 2707 tant
1291 2657 1328 2707 de*

57 2741 175 2792 hauteur.“
211 2743 275 2791 Saue
292 2758 358 2804 aero,
376 2744 455 2792 omnis
473 2742 503 2791 da
521 2741 637 2803 singulari
655 2728 779 2790 cuiusdam
798 2741 902 2802 biturgia
921 2748 997 2790 aetate
1016 2749 1061 2791 etc.
1082 2743 1243 2791 controversia
1261 2756 1320 2791 vano

10 2862 12 2869 .
56 2826 164 2877 atiutilis
189 2835 236 2887 est,
260 2828 306 2876 uisi
330 2827 397 2890 priua
422 2827 557 2890 disputetur
575 2825 605 2874 de
623 2825 711 2874 rituum
730 2825 915 2873 christianorum
934 2825 1074 2888 primordiis
1092 2826 1169 2889 deque
1187 2826 1320 2876 vetustissi-

10 2922 17 2977 ·,
56 2925 102 2962 roae
117 2912 231 2975 liturgiae
248 2911 330 2961 indole
348 2919 393 2961 ete.
412 2920 437 2962 ut
455 2918 518 2960 certa
538 2910 654 2973 quaedem
674 2909 744 2958 sedes
762 2910 921 2960 constituatur
939 2917 962 2958 et
978 2909 1168 2959 laudamentum.

10 2982 12 3055 J
132 2996 157 3052 l)
176 2996 296 3061 scriptam
314 3002 372 3060 poto
391 2995 452 3045 circa
472 3008 561 3043 anuum
579 2992 636 3043 tau.
672 2992 935 3055 DeGreecaLiturgiae
954 2993 1058 3042 dictione
1069 2993 1226 3042 Casauhonus
1237 2994 1320 3044 Exere.

56 3079 113 3131 tut.
132 3081 164 3130 ad
181 3081 269 3130 baron.
289 3096 310 3130 e.
321 3079 362 3130 58.
379 3095 405 3144 p.
416 3077 474 3129 583.
509 3076 723 3127 heneldotios
741 3076 788 3127 l.e.
800 3077 817 3126 Ι.
836 3093 860 3140 p.
872 3077 1006 3141 thxtsq.
1023 3078 1052 3127 ht
1069 3077 1197 3127 uerisimile
1215 3086 1251 3126 est
1269 3078 1320 3141 pri-

55 3178 102 3216 mos
125 3180 155 3215 es
181 3165 364 3216 circumcisione
383 3164 541 3223 Christianos,
566 3161 605 3226 qui
631 3176 708 3225 neque
726 3161 829 3221 nobiles,
854 3176 931 3226 neque
949 3163 1035 3211 eruditi
1054 3161 1197 3226 plerumque
1215 3162 1320 3222 luerunt,

56 3264 79 3297 ee
94 3251 176 3314 lingna
194 3249 285 3314 potius,
305 3264 366 3314 quaa
383 3248 518 3298 communia
536 3254 560 3296 et
576 3246 680 3309 volgaris
699 3255 758 3305 erat,
777 3245 991 3309 hierosolymitana
1003 3246 1097 3296 seilicet
1106 3246 1217 3306 dialecto,
1236 3260 1320 3310 preces

57 3335 158 3396 publicas
186 3343 210 3384 et
227 3349 296 3383 sacra
316 3333 449 3384 Christiana
468 3331 622 3381 celebrasse:
647 3330 705 3393 Spro
725 3338 804 3379 autem
823 3331 912 3392 lingua,
937 3344 1008 3395 quom
1027 3331 1104 3380 eidem
1125 3330 1321 3394 llieroaolymita-

57 3433 94 3468 uae
110 3419 215 3470 dialecto
234 3419 361 3469 coniuncta
379 3419 419 3478 ait,
437 3430 508 3467 nemo
526 3416 627 3477 ignorat.
665 3415 724 3464 llice
742 3423 776 3464 tot
795 3416 918 3479 Syrorum,
942 3417 990 3464 imo
1009 3416 1207 3476 Christianorum,
1226 3417 1266 3479 qui
1284 3414 1320 3463 rel

58 3502 138 3553 horum
157 3504 339 3553 Testamentum
358 3503 482 3566 Syriacum
505 3498 541 3549 rel
567 3501 740 3550 Grammaticus
765 3500 899 3558 ediderunt,
924 3499 1062 3550 lastidiosae
1086 3491 1268 3561 παρεκβάσεις
1289 3497 1320 3547 da

58 3588 130 3639 eadem
155 3590 237 3651 lingua
257 3588 352 3637 Christo
370 3585 504 3646 uernacula,
528 3584 558 3633 de
576 3584 686 3633 Matthaei
704 3583 831 3645 Evangelio
851 3583 977 3644 Hebraico,
1002 3599 1062 3648 quas
1080 3584 1199 3633 discutere
1217 3596 1265 3630 uon
1284 3589 1321 3630 est

58 3671 118 3723 huius
134 3673 191 3722 ioci.
227 3672 314 3722 Verum
332 3671 478 3734 argumentis
496 3685 557 3735 quaa
575 3685 588 3719 a
606 3668 729 3719 verisimili
747 3670 796 3732 peti
814 3675 925 3732 possunt,
944 3675 969 3717 ut
987 3667 1027 3717 illa
1047 3683 1107 3733 quoe
1125 3667 1254 3728 tetigimus,
1279 3679 1319 3714 re·

59 3765 137 3819 pugnat
156 3755 226 3806 color
244 3757 296 3820 ipsc
316 3756 445 3817 Orationis,
464 3769 525 3819 quae
536 3754 709 3804 hellenismum
730 3754 752 3802 in
773 3752 853 3802 multis
872 3753 903 3802 ita
921 3752 1004 3812 refert,
1024 3761 1048 3802 ut
1067 3753 1193 3800 mouilesto
1205 3750 1319 3800 Graecam

60 3842 166 3904 originem
186 3840 312 3902 aigatheo,
331 3841 437 3905 qoamris
456 3854 541 3903 preces
559 3854 636 3904 prope
655 3853 739 3888 omnes
757 3838 834 3887 verbis
852 3844 876 3887 et
892 3837 1017 3886 sententiis
1037 3838 1159 3900 utriusque
1174 3834 1320 3885 Testamenti

60 3935 181 3986 natutae,
202 3939 251 3973 uon
270 3933 360 3973 certum
380 3924 482 3973 habeant
501 3939 528 3975 ex
546 3925 673 3974 idiotismis
693 3921 850 3973 Orientalium
869 3922 1012 3984 linguarum,
1039 3921 1078 3985 qui
1097 3921 1120 3969 iu
1140 3921 1255 3971 Graecam
1273 3920 1319 3968 mi-

59 4019 184 4071 grareroot,
203 4009 346 4073 peregrinae
365 4008 459 4071 liuguae
479 4009 600 4058 indicium.
636 4009 683 4058 Sed
703 4008 826 4058 nominum
845 4007 1034 4071 compositorum
1054 4005 1140 4070 quibos
1159 4005 1320 4066 illoelingoae

59 4104 138 4154 creat,
157 4094 335 4157 verborumque
353 4093 480 4158 aliquando
500 4108 547 4143 uon
566 4102 629 4144 reeta
648 4095 821 4158 interpretatio,
839 4094 945 4144 Graecos
962 4092 1041 4141 sontes
1060 4093 1091 4141 ita
1109 4093 1236 4156 perspicua
1254 4090 1319 4139 desi·

58 4189 110 4242 goat
129 4188 156 4231 ut
174 4179 223 4230 alio
242 4193 328 4244 preces
346 4194 430 4229 omnes
449 4178 504 4228 illae
522 4178 607 4228 reterri
626 4178 794 4243 nonpossint.

510 4392 554 4400 —--
560 4390 727 4399 -n—-n—
733 4391 844 4399 ·——----——-
851 4390 876 4398 ι-
