3044 4912
659 292 733 367 669

141 469 261 556 Ἀξίως
280 477 339 560 τῆς
357 469 505 563 κλήσεως
523 472 654 544 καὶτοῦ
669 470 766 562 άγίου
780 469 947 560 σχήματος
960 468 1213 553 πολιτεύεσθαι,
1234 469 1332 561 Λόγε

99 581 160 657 ισύ,
186 571 362 662 παράσχου
388 597 466 661 μοι·
493 573 551 643 τὸν
572 582 632 665 τῆς
652 571 817 664 ἁμαρτίας
835 597 902 659 μου
924 570 1030 663 ῥύπον
1049 573 1107 643 καὶ
1126 573 1188 656 τὰς
1207 575 1331 661 βουλὰς

99 684 125 743 ἰν
144 673 431 764 παραπτωμάτων
450 681 491 768 τῇ
511 682 553 767 σῇ
572 673 656 768 θείᾳ
675 673 787 763 χάριτι
807 671 999 764 ἐξαλείψας,
1021 675 1200 744 Πολυέίεε.

140 776 259 866 Σωτήρ
281 772 328 857 ὥς
346 773 548 862 καλούμενος
568 774 737 847 όιάσωσόν
754 801 807 864 με,
830 775 961 863 δέομαι,
981 782 1119 867 καθαρᾷ
1139 798 1195 844 σοι
1209 772 1331 868 καρδίᾳ

99 905 116 946 ν
135 875 413 965 προςερχόμενσν·
434 876 492 946 καὶ
511 877 551 945 τὸ
572 882 632 967 τής
651 875 769 958 κακίας
787 902 853 963 μου
874 873 979 965 βάρος
999 875 1172 964 περιελὼν,
1201 871 1247 958 ὥς
1266 875 1331 964 μό-

99 1005 114 1061 ς
133 976 322 1067 οἰκτίρμων,
343 986 536 1065 συμπαθῶς
555 975 761 1059 ἀνάπαυσον,
784 975 830 1058 ὦς
850 974 1005 1061 ἀπέσχου,
1026 975 1279 1064 Παντοόύναμε.

141 1079 290 1168 Χριστὸς
303 1087 359 1147 νῦν
371 1078 550 1168 χαρίζεται,
566 1079 706 1172 χρηστός
719 1104 756 1167 γε
769 1075 816 1146 ὢν
828 1078 886 1148 καὶ
899 1073 1133 1166 εόσπλαγχνος,
1154 1083 1226 1159 τοῖς
1240 1075 1331 1169 αύτῷ

99 1188 235 1263 οςιοῦσι
260 1184 344 1248 θεῖα
367 1178 567 1269 χαρίσματα,
593 1187 667 1262 τοῖς
692 1179 967 1269 προςιρχομένοις
985 1185 1035 1269 τῷ
1055 1176 1142 1268 θείῳ
1161 1182 1330 1247 πανευλα-

99 1288 137 1364 ίς,
156 1287 218 1371 τής
235 1279 372 1369 χάριτος
390 1279 516 1373 θρόνῳ,
539 1282 667 1369 δωρεὰν
680 1279 900 1372 χρηστότητος
914 1277 1079 1371 ἀκηράτου
1092 1278 1329 1370 παρεχόμενος.

138 1379 179 1450 Ὁ
200 1379 283 1466 ἔχων
305 1386 542 1470 συντρέχσύσαν
558 1390 598 1473 τῇ
612 1389 654 1472 σῇ
667 1385 772 1474 βουλῇ
785 1381 845 1471 τήν
861 1380 1010 1468 δύναμιν,
1032 1379 1202 1472 ὑπηρέτας
1216 1378 1330 1465 ἀξίους

101 1490 145 1565 ἃς
167 1480 339 1566 ἀνάδειξον
359 1491 419 1551 τοῦ
442 1480 632 1574 εύαγγελίου
646 1508 718 1568 σου,
739 1482 846 1573 Λόγε,
866 1483 923 1552 καὶ
937 1484 998 1564 τάς
1012 1484 1097 1571 πρὸς
1111 1484 1149 1552 σε’
1162 1482 1331 1575 συνθήκας

99 1591 245 1677 ηρῶσαι,
267 1581 378 1669 εύχαῖς
398 1592 464 1652 τῶν
485 1582 587 1675 ἁγίων
607 1610 679 1668 σου,
701 1583 873 1667 Ζωσόότα,
895 1583 1110 1666 καταξίωσον.

599 1718 789 1789 Θεστόκιον.

138 1833 231 1906 Ὑιόν
251 1862 312 1907 σου
333 1838 392 1907 τὸν
412 1833 646 1927 εόσπλαγχνον,
668 1835 873 1924 Πανάμωμε,
897 1834 1101 1927 όυςώπησον,
1122 1838 1182 1905 τὸν
1201 1845 1331 1921 πιστῶς

98 2044 169 2125 βῶς
188 2038 392 2110 πολύευκτον
412 2041 517 2122 τέλος.
546 2041 591 2110 Σὲ
612 2041 673 2130 γάρ
695 2040 754 2130 τήν
775 2037 1004 2127 πανάχραντον
1026 2036 1253 2130 ἀντιλήπτσρα
1274 2066 1330 2111 κε-

99 2139 220 2231 ήμεθα.

140 2240 264 2312 Πίστει
289 2242 548 2331 προςερχόμενον
569 2243 656 2332 πρὸς
676 2242 725 2325 σὲ,
752 2242 926 2324 Δέσποτα,
954 2248 1013 2331 τῆς
1033 2248 1094 2333 σής
1115 2242 1175 2312 ἐπὶ
1194 2242 1329 2333 τρίβους

99 2342 270 2435 ιαιοσόνης
295 2371 342 2432 με
365 2343 492 2435 στήσας
522 2343 766 2436 καθοόήγησον,
795 2340 841 2424 ὥς
860 2341 963 2430 μόνος
984 2339 1217 2433 εύσπλαγχνος.
1259 2348 1331 2417 Καὶ

98 2453 176 2526 ινιῦς
202 2444 405 2516 πεπτωκότα
434 2473 476 2534 με
496 2448 554 2517 καί
574 2444 843 2537 κατερραμμένον,
871 2443 1002 2534 πλήθει
1022 2450 1087 2512 τῶν
1108 2446 1328 2534 πταισμάτων

99 2574 133 2631 υ,
154 2553 275 2637 Σωτερ,
300 2546 504 2637 ἀνόρθωσον.
547 2555 595 2639 Σῇ
616 2548 677 2636 γὰρ
699 2546 882 2626 πεποιθὼς
903 2544 1056 2639 συνεργίᾳ
1076 2548 1136 2636 τήν
1158 2544 1329 2641 ἀγγελικὴν

99 2647 233 2719 ιλιτείαν
253 2646 374 2742 ταύτην
394 2650 638 2737 ἐπειςέρχομαι,
664 2645 902 2736 Φιλάνθρωπε.
958 2642 961 2646 “

131 2744 239 2835 Ἒχων
266 2752 324 2841 τήν
351 2754 458 2842 πηγήν
485 2758 551 2820 τῶν
580 2748 735 2840 ἀγαθῶν,
766 2755 832 2818 τῶν
859 2746 1103 2839 άμαρτωλῶνό
1131 2750 1176 2841 μή
1205 2752 1328 2838 θέλων,

99 2852 194 2943 ριστὲ,
221 2852 279 2921 τὸν
306 2850 464 2936 θάνατον,
497 2852 547 2923 δι’
577 2850 708 2944 άφατον
736 2848 838 2933 ἕλεος,
861 2844 947 2919 ἀλλα
966 2850 1155 2936 μετάνοιαν,
1177 2859 1249 2936 τοῖς
1269 2883 1328 2924 πι-

99 2960 149 3034 οῖς
168 2952 397 3041 χαρισάμενος,
420 2962 491 3036 τοῖς
511 2953 716 3043 ἐπεγνωκόσι
736 2953 796 3042 τήν
816 2949 902 3040 ύπὲρ
923 2951 1113 3044 κατάληψιν
1139 2952 1330 3041 οἰκονομίαν

99 3083 128 3124 ιι.
171 3056 280 3137 Δέξαι
305 3056 486 3142 πρσςιόντα
513 3054 702 3144 προθύμως
728 3051 871 3141 σχήματι
898 3058 946 3140 τῷ
971 3053 1059 3142 θείην
1081 3054 1139 3121 καὶ
1159 3061 1268 3124 σῶσον
1288 3065 1328 3149 τῇ

99 3156 302 3248 λσνθρωπίηι
323 3181 384 3224 σου
405 3154 671 3245 προςπίπτοντα.

99 3357 329 3448 τρωθήσομαι.
371 3360 417 3426 Σύ
445 3358 506 3447 γάρ
534 3355 773 3437 ἀνταπέόωκας
796 3355 835 3423 τὸ
865 3353 945 3442 ἐμὸν
973 3350 1126 3448 όφλημα·
1152 3359 1210 3427 καὶ
1230 3366 1329 3450 τιμῆς

116 3458 295 3550 ήγόρασας,
319 3457 641 3546 αἶχμαλωτισθέντα,
669 3458 727 3526 τὸν
748 3464 808 3547 τῆς
828 3453 1040 3548 ἀγαθότητος
1062 3459 1329 3546 ἐπιδεικνύμενος

100 3569 204 3630 οὖσαν
223 3563 281 3631 καί
301 3562 360 3651 τήν
380 3570 439 3652 τῆς
459 3557 700 3650 εὐσπλαγχνίας
721 3554 866 3646 ἀβυσσον
887 3558 1036 3651 πηγάσαι
1058 3559 1217 3652 θελήσας,
1240 3569 1328 3631 πᾶσι

99 3669 127 3744 ῖς
149 3659 291 3749 όμνούσί
304 3689 350 3745 σε,
377 3663 614 3754 Φιλάνθρωπε.

495 3797 567 3868 Καὶ
587 3805 654 3866 νῦν.
700 3794 890 3865 Θεοτόκισν.

139 3914 283 3985 Πάντων
303 3915 550 4085 πὲοστατεύεις,
569 3913 710 4006 Ἀγαθή.

140 4015 203 4098 Εἰς
232 4018 291 4106 τήν
362 4018 546 4107 ιτουργίαν,
579 4027 639 4108 τῆς
671 4016 800 4099 εὶςόόου
832 4016 1006 4108 γενομένης
1032 4023 1093 4084 τοῦ
1125 4013 1325 4104 εύαγγελίου,

99 4118 247 4205 τοβόλλει
274 4116 292 4186 ὁ
318 4122 448 4205 μέλλων
476 4118 657 4208 λαμβάνειν
677 4120 715 4188 τό
738 4120 833 4209 άγιον
855 4127 963 4210 σχῆμα
984 4118 1022 4186 τὸ
1045 4119 1080 4186 ἐκ
1101 4126 1160 4208 τής
1181 4122 1328 4210 κεφαλῆς

98 4228 161 4289 τοῦ
187 4220 342 4306 κάλυμμα
367 4221 424 4289 καί
445 4222 487 4289 τά
508 4222 543 4290 ἕν
564 4226 636 4302 τοῖς
656 4222 739 4289 ποσί
759 4219 923 4310 καλλίγια.
966 4220 1036 4288 Καὶ
1057 4219 1204 4309 ποιήσας
1224 4246 1327 4305 μετα-

99 4321 151 4402 ίας
170 4328 259 4409 τρεῖς
284 4325 426 4390 ἵσταται.
470 4324 540 4391 Καί
559 4325 644 4409 μετὰ
665 4324 724 4409 τήν
745 4320 873 4403 εύςοδον
894 4324 1031 4410 λέγομεν
1052 4322 1089 4389 τὸ
1113 4318 1327 4391 ἀπολυτίκισν

99 4451 114 4505 ς
135 4421 270 4513 ἡμέρας,
294 4420 365 4492 εἶτα
386 4424 429 4492 τὰ
450 4425 602 4513 παρόντα
620 4422 819 4516 Ἀντίφωνα.
858 4418 960 4509 Ἠχος
980 4423 1147 4506 τέταρτος.

133 4521 285 4595 ’Ἠθελον
313 4525 470 4618 δάκρυσιν
491 4528 670 4621 ἐξαλεῖψαι
690 4533 755 4596 τῶν
776 4527 864 4614 ἐμῶν
885 4523 1115 4613 πταισμάτων,
1142 4521 1257 4615 Κύριε,
1285 4525 1325 4594 τὸ
