3044 4912
701 293 772 368 168

170 475 244 547 Καὶ
263 471 515 564 μεταλαμβάνει
534 471 554 543 ὅ
577 471 693 562 icardo,
715 467 783 559 εῗίχ.
804 482 864 564 τῆς
883 475 970 545 κατὰ
990 470 1267 564 φιλανθρωπίας.
1274 478 1299 557 ¹)

164 573 306 659 Ἄλλως.
607 616 611 621 -

136 698 209 776 “ον
233 694 373 799 τρόπον
398 678 569 770 ἐπιποθεῖ
592 695 615 792 ἦ
642 698 777 795 ἔλαφος
803 696 862 770 ἐπὶ
886 703 952 793 τῆς
976 703 1104 799 πηγῆς.

371 830 443 898 Καὶ
464 825 546 897 ὅταν
564 826 739 916 noadiae
760 829 817 897 τὸν
838 831 967 919 κλῆρον,
991 828 1090 917 λέγει.

173 942 317 1031 Σῶμα
345 931 494 1036 ἅγιον.
997 953 1001 963 ’

481 1064 553 1134 Καὶ
574 1062 624 1146 εἷς
643 1040 682 1133 τι)
704 1061 868 1155 ποτήριον
888 1066 987 1153 λέγει.

101 1271 115 1298 ι
170 1168 297 1296 ἱκλίμα
332 1168 495 1265 τίμιον
520 1178 601 1244 τοῦ
627 1166 792 1267 κυρίου
818 1166 896 1243 καὶ
921 1171 1039 1243 θεοῦ
1063 1166 1142 1242 καὶ
1167 1175 1371 1267 σωτῆρος

161 1301 235 1347 ων.

92 1300 152 1370 W
341 1386 413 1454 Καὶ
431 1384 517 1472 μετὰ
538 1385 577 1453 τὸ
599 1386 785 1476 πληρῶσαι,
809 1383 899 1471 λέγει
920 1380 939 1452 ὅ
963 1382 1127 1465 διάκονος.

173 1492 262 1566 ΧΧΙ.
282 1489 364 1564 Ἐπὶ
389 1487 593 1587 προςευχὴν
619 1484 795 1584 στάθητε.

474 1640 477 1645 ·
643 1616 682 1687 ‘O
705 1617 821 1708 ἱερεύς.

173 1706 311 1806 Ελρήνη
336 1716 462 1784 πᾶσιν.

616 1801 654 1891 ‘D
677 1801 841 1887 διάκονος.

173 1891 450 1994 Προςειίξασθε.

330 2064 336 2081 ι
411 2024 449 2093 ‘O
472 2022 578 2116 ἱερεὺς
599 2018 729 2109 εἰίχεται
748 2025 808 2116 τὴν
829 2018 1050 2113 εὔχαριοτίαν.

171 2128 479 2229 Εὐχαριστοῦμέν
512 2152 570 2204 σοι
600 2127 762 2203 δέσποτα
793 2126 897 2226 κύριε
924 2127 944 2204 ὅ
969 2126 1060 2214 θεὸς
1083 2126 1206 2226 ἡμῶν,
1243 2129 1305 2204 ἐπὶ
1325 2136 1368 2226 τῇ

94 2231 294 2331 μεταλήψει
310 2241 390 2308 τῶν
407 2230 541 2334 ἁγίων,
569 2228 782 2330 ἄχροίντων,
809 2227 1020 2306 ἀθανάτων
1044 2230 1109 2306 καὶ
1136 2229 1370 2330 ἐπουρανίων

95 2361 164 2409 σου
189 2335 420 2432 μυστηρίων,
448 2324 504 2408 ὧν
528 2331 671 2416 ἔδωκας
692 2332 787 2429 ἡμῖν
810 2331 870 2407 ἐπὶ
884 2330 1075 2461 εὒρργεσίρ
1099 2331 1164 2407 καὶ
1196 2331 1384 2434 ἁγιασμῷι

93 2437 157 2512 καὶ
183 2436 347 2532 σωτηρίᾳ
372 2443 451 2510 τῶν
477 2441 614 2532 ψυχῶν
639 2432 703 2508 καὶ
727 2441 806 2510 τῶν
832 2458 1020 2531 σωματων
1046 2462 1168 2531 ημων,
1199 2432 1267 2510 καὶ
1291 2431 1374 2512 δεό-
1405 2490 1409 2495 -

96 2543 200 2635 μεθα
225 2538 288 2612 καὶ
314 2534 602 2636 παρακαλοῦμεν
628 2560 668 2608 σε
695 2532 954 2635 φιλάνθρωπε,
982 2535 1119 2639 ἀγαθέ,
1151 2532 1270 2635 κύριε,
1304 2532 1374 2634 χοί-

95 2665 195 2737 ρισαι
220 2637 311 2734 ἡμῖν
336 2637 405 2733 τὴν
429 2633 632 2731 κοινωνίαν
657 2643 725 2710 τοῦ
751 2635 861 2739 ἁγίου
888 2634 1061 2735 σώματος
1081 2635 1145 2714 καὶ
1161 2647 1231 2713 τοῦ
1247 2639 1374 2736 τιμίου

183 2778 205 2831 1)
224 2778 309 2821 Fabric.
328 2771 430 2836 είιχίτης
447 2771 512 2822 κατὰ
531 2773 744 2840 φιλανθρωπίαι.
1161 2756 1165 2763 ’
1200 2759 1203 2762 ’

181 2944 238 3008 Cap.
257 2946 314 2994 tiit.
350 2946 457 2995 iacdd.
493 2945 545 2994 Das.
565 2954 620 3010 past
638 2945 838 2995 Commuoiooem
859 2945 890 2993 ita
908 2945 1037 3006 Litorgiam
1056 2943 1186 2994 concludit
1222 2943 1292 2995 Dicet
1309 2945 1375 2995 Diac.

69 3020 167 3079 *ot-ate
186 3044 230 3094 ριο
249 3031 361 3080 omatibus
380 3031 531 3081 Christianis.
561 3029 643 3079 Dratio
662 3029 791 3092 gratiaram
812 3029 913 3077 actionis
931 3036 987 3091 post
1006 3027 1215 3079 commonionem.
1244 3030 1374 3079 Sacerdos.

96 3115 143 3164 Dra
163 3123 245 3164 nostra
263 3115 354 3179 repieta
374 3123 493 3165 suntote.
530 3115 613 3165 Oratio
632 3114 794 3164 inclinationis
812 3114 1088 3176 postcommunionem.
1124 3114 1191 3163 Serri
1209 3114 1244 3163 toi
1264 3114 1376 3174 Domine,

96 3199 135 3262 qui
154 3199 196 3246 tihi
215 3200 351 3249 ministrant
371 3207 414 3248 etc.
450 3199 571 3248 Sacerdos
597 3199 660 3249 dicct
678 3198 879 3248 benedictionem.
915 3197 1055 3247 DDomioa
1074 3197 1215 3247 estanchia
1234 3199 1376 3249 misericors

95 3290 140 3332 cte.
177 3282 236 3330 Gom
255 3282 384 3331 obsoluerit
401 3297 511 3331 rasorum
531 3283 687 3340 oblationem,
704 3283 765 3332 uinta
783 3297 868 3347 aquam
888 3281 958 3330 iniis
977 3280 1097 3331 residuam
1116 3282 1268 3347 dimittetqne
1277 3283 1375 3348 piebem

94 3366 262 3417 benedictione
287 3367 392 3415 recitata.
412 3392 442 3401 -
471 3367 540 3428 Greg.
568 3367 650 3417 Oratio
675 3368 810 3418 Gratiarum
836 3365 938 3416 actionis
961 3373 1243 3431 postcommunionem.
1280 3370 1375 3420 Gratias

95 3454 188 3514 agimus
213 3451 254 3500 atti
274 3451 367 3500 Giiriste
386 3450 449 3498 Dens
468 3457 513 3499 etc.
549 3451 632 3500 Oratio
658 3452 819 3501 inclinationis
843 3459 899 3515 post
924 3450 1127 3503 commonionem.
1162 3452 1208 3509 Qtti
1232 3459 1312 3501 estet
1332 3454 1377 3502 soit

94 3545 139 3587 etc.
174 3536 224 3585 atta
250 3536 384 3585 Gratiarum
409 3535 519 3585 aetionis.
555 3535 651 3585 Gratias
674 3535 766 3595 agimna
789 3535 831 3584 tibi
851 3536 921 3584 Pater
938 3543 1031 3596 noster,
1054 3542 1137 3585 sancte
1154 3536 1311 3600 omnipotens
1329 3545 1376 3587 etc.

92 3644 128 3655 -
144 3621 211 3669 deth.
229 3620 357 3670 Diaconos.
378 3621 450 3670 Drate
469 3635 513 3684 pro
533 3619 602 3668 nobis
621 3627 644 3667 et
662 3621 791 3682 proomui
809 3620 901 3684 popolo
918 3619 1054 3669 Christiano
1074 3628 1097 3670 et
1114 3619 1211 3670 iliorum
1231 3622 1375 3671 memoriam

95 3706 174 3765 tacite,
193 3706 233 3768 qui
252 3706 322 3754 nobis
341 3705 451 3755 dixerunt
470 3711 596 3753 uteorum
615 3704 813 3753 recordaremur:
833 3704 927 3752 iandate
946 3709 970 3752 et
987 3703 1084 3766 psallite
1103 3718 1156 3753 eom
1175 3719 1236 3768 pace
1254 3714 1375 3756 etamors

94 3789 148 3839 icso
161 3789 259 3840 Christi.
277 3790 406 3841 Sacerdos.
427 3791 479 3848 Ono
497 3789 585 3839 vocasti
599 3787 698 3837 Domine
718 3795 741 3837 et
759 3787 913 3836 sanctificasti
930 3794 976 3836 etc.
1012 3786 1113 3837 Domina
1132 3787 1171 3852 qoi
1190 3797 1316 3839 aeternam
1337 3790 1375 3840 io·

93 3875 227 3925 meoritac
246 3884 292 3923 etc.
326 3875 454 3923 Diaconos.
485 3873 579 3924 Gratias
598 3888 696 3935 agamus
716 3872 817 3922 Domino
836 3873 1005 3922 coiossaocta
1032 3872 1186 3936 suscepimus
1204 3880 1250 3924 etc.
1286 3876 1374 3925 Sacer·

16 3984 23 3993 ·
95 3956 149 4007 das.
177 3957 291 4006 Esaitabo
316 3965 339 4007 te
363 3973 404 4008 rex
431 3972 500 4007 meua
524 3965 547 4008 et
565 3959 629 4007 Deos
648 3972 724 4018 meos,
750 3966 773 4007 et
791 3956 932 4007 benedicam
952 3956 1042 4006 nomini
1060 3965 1102 4007 too
1121 3959 1144 4007 in
1162 3958 1288 4008 saeculnm
1308 3969 1334 4009 et
1350 3960 1374 4009 io

94 4039 218 4092 saecolum
237 4041 336 4091 saeculi.
373 4041 489 4107 i‘opnios.
519 4042 590 4092 Pater
607 4051 699 4105 noster,
724 4043 764 4108 qni
782 4057 809 4093 ea
827 4043 851 4091 in
870 4041 955 4103 coelis,
979 4050 1006 4091 nt
1029 4057 1077 4092 noa
1096 4042 1196 4093 inducas
1214 4044 1239 4093 io
1257 4047 1373 4094 tentatio·

95 4140 158 4176 nem.
201 4126 260 4175 Dein
285 4128 358 4175 Amen
383 4127 499 4191 Populos.
541 4126 610 4176 Pater
634 4126 730 4177 Noster.
766 4127 895 4177 Sacerdos.
923 4126 1029 4177 Laudem
1053 4127 1148 4177 Domini
1172 4134 1218 4178 ete.
1254 4129 1373 4195 Papulas.

93 4209 165 4259 Pater
182 4219 273 4261 noster.
309 4210 437 4260 Sacerdos.
463 4211 551 4261 Dector
568 4212 702 4265 animarum
720 4220 766 4263 ate.
801 4212 884 4263 Dratia
902 4211 1088 4263 Benedictionia.
1123 4212 1225 4263 Domine
1244 4213 1309 4265 Deos
1328 4229 1373 4264 no-

93 4301 145 4343 ster
168 4304 212 4344 cte.
249 4295 293 4346 tttc
315 4295 387 4344 tinem
412 4294 484 4344 habet
500 4296 606 4359 Litnrgia
624 4298 719 4347 Patrom
739 4305 878 4348 nostrorum
897 4298 1081 4361 apostotorum:
1106 4298 1230 4349 orationes
1247 4314 1333 4351 eornm
1351 4305 1374 4348 et

93 4376 275 4428 benedictiones
298 4392 383 4429 eornm
407 4378 533 4429 nobiscnm
562 4382 617 4432 siat.
653 4384 750 4443 Sancta,
776 4384 802 4433 S.
819 4384 845 4433 S.
869 4383 973 4433 Trinitas
1000 4382 1175 4448 inexpiicabiiia
1203 4391 1249 4434 etc.
1285 4383 1372 4433 Diaco-

92 4476 153 4515 nos.
176 4461 294 4515 inclinata
309 4465 389 4530 capita
405 4470 485 4515 restra
502 4472 550 4517 ete.
583 4465 700 4531 Papulas.
727 4469 811 4525 nmen.
846 4467 975 4520 Sacerdos.
1000 4467 1131 4521 Benedicat
1147 4482 1193 4521 oos
1212 4483 1296 4520 serras
1313 4480 1372 4518 snos

56 4544 272 4631 ,Μὴ
